3300 5225
325 398 552 448 Qufflsr.
583 378 764 460 xva]
1168 398 1247 437 ns
1277 394 1869 438 naenasrmsnona.
2613 377 2727 434 361

331 560 457 598 eum
473 558 591 616 pro
618 540 786 615 nobis,
819 542 1095 617 quomodo
1123 560 1246 599 cum
1275 560 1338 599 eo
1367 538 1554 599 omnia
1581 558 1695 597 non
1716 536 2129 615 qrattficabt‘tur
2169 534 2323 593 nobis
2340 537 2368 593 ‚³
2410 534 2579 593 Rom.
2609 534 2735 593 viii:

333 622 431 679 32.
519 619 638 678 Sed
663 638 780 678 non
809 620 1075 679 omnibus
1100 628 1161 679 et
1187 619 1451 697 singulis,
1502 618 1606 677 sed
1656 618 1797 675 solis
1844 616 2043 675 electis
2092 614 2285 674 omnia
2328 634 2457 673 eum
2508 614 2738 675 Christo

330 698 613 776 largitat-3
659 700 836 776 Ergo,
869 702 925 759 3.
955 701 1092 777 quia
1117 698 1250 759 finis
1278 698 1488 757 amoris
1517 698 1686 757 istius
1714 716 1885 775 quem
1924 697 2087 755 Deus
2131 694 2395 771 intendit,
2444 702 2535 753 est
2580 694 2738 753 salus

333 798 532 838 eorum
561 798 708 856 quos
735 780 840 838 tali
866 799 1058 838 amore
1105 778 1503 857 prosequitur3
1547 776 1703 836 unde
1746 796 1805 836 v.
1859 780 1953 853 17,
1992 774 2173 851 addit,
2218 777 2375 834 Nam
2422 777 2581 833 Deus
2626 786 2739 833 non

334 860 483 917 misit
507 860 720 917 Filiam
746 878 907 917 suum
933 861 993 918 in
1019 862 1304 935 mundum,
1334 868 1398 916 ut
1422 861 1726 917 damnaret
1749 859 2033 933 mundum,
2062 857 2167 914 sed
2192 864 2256 913 ut
2278 856 2532 913 Mundus
2557 874 2738 913 serve·-

336 948 431 997 tm·
445 958 561 1015 per
586 940 767 1016 ipsum
787 964 811 1013 ;
858 938 924 997 Si
953 958 1094 1017 ergo
1135 939 1196 997 in
1237 958 1368 997 eum
1410 937 1584 996 finem
1623 938 1783 996 misit
1825 936 1987 995 Deus
2028 935 2337 1011 Christum,
2382 942 2448 993 ut
2489 934 2741 993 mundus

335 1028 666 1078 servaretur
691 1038 794 1097 per
820 1018 1050 1096 ipsum:
1092 1020 1190 1078 vel
1215 1018 1330 1077 fine
1359 1037 1464 1077 suo
1497 1016 1785 1075 exciderit
1830 1024 2070 1095 oportet,
2117 1016 2215 1073 vel
2261 1034 2497 1074 necesse
2546 1021 2635 1073 est
2676 1020 2743 1073 ut

335 1098 587 1157 mundus
614 1098 687 1156 de
714 1097 866 1157 facto
896 1107 1172 1157 servetur.
1259 1098 1345 1157 At
1372 1106 1590 1156 certum
1619 1105 1709 1155 est
1740 1116 1859 1155 non
1901 1104 2086 1155 totum
2130 1095 2427 1170 mundum,
2465 1094 2569 1154 sed
2611 1103 2741 1153 tan·

335 1186 462 1237 tum
489 1179 706 1237 electos
731 1198 808 1236 ex
834 1178 1052 1237 mundo
1079 1178 1335 1254 servari3
1381 1178 1542 1255 Ergo
1569 1176 1645 1235 ad
1684 1195 1784 1235 eos
1828 1176 2057 1253 proprie
2106 1194 2266 1233 amor
2312 1176 2422 1234 iste
2466 1175 2741 1250 respexit.

339 1256 463 1316 Nec
491 1258 717 1335 concipi
742 1266 951 1334 potest,
984 1258 1036 1317 si
1062 1256 1294 1316 dilectio
1315 1256 1661 1317 universalis
1688 1255 1783 1314 hic
1810 1254 2171 1332 intelligitur,
2202 1255 2304 1331 qui
2330 1255 2464 1313 talis
2506 1274 2573 1312 ac
2614 1262 2742 1313 tan-

339 1346 437 1397 tus
465 1356 640 1414 amor,
672 1338 774 1415 qui
798 1337 974 1414 longe
1007 1336 1251 1395 maximi
1289 1346 1350 1396 et
1387 1336 1849 1415 praestantissimi
1886 1335 2027 1394 boni
2068 1354 2242 1393 causa
2281 1343 2386 1410 est,
2428 1342 2571 1411 puta
2608 1333 2748 1391 mis·

339 1416 518 1476 sionis
547 1417 779 1493 Christi,
824 1418 1008 1493 possit
1051 1416 1362 1475 consistere
1411 1435 1544 1475 cum
1591 1416 1725 1474 odio
1770 1416 2215 1489 innumerorum,
2266 1434 2412 1491 quos
2456 1414 2747 1491 praeterire

338 1496 541 1571 voluit,
573 1504 633 1555 et
659 1496 735 1555 ad
761 1496 1187 1555 damnationem
1216 1496 1603 1572 praescribere,
1635 1494 1849 1573 quibus
1874 1493 1972 1553 vel
2000 1493 2216 1553 Filium
2246 1514 2415 1553 suum
2450 1513 2748 1571 nunquam

335 1575 636 1652 revelavit,
656 1576 754 1634 vel
772 1575 965 1651 fidem,
988 1576 1112 1634 sine
1129 1594 1244 1652 qua
1259 1575 1472 1633 frustra
1487 1576 1843 1653 proponitur,
1862 1574 2065 1651 largiri
2080 1574 2295 1649 noluit3
2325 1573 2441 1633 Vel
2457 1573 2748 1650 quomodo

337 1662 634 1732 tantopere
654 1655 751 1714 hic
769 1656 1202 1716 commendetur
1215 1656 1328 1713 ista
1346 1655 1458 1713 Dei
1476 1654 1728 1729 dileetio,
1748 1675 1877 1732 quae
1894 1662 2089 1713 tamen
2107 1662 2303 1713 manet
2318 1673 2471 1712 vana
2488 1662 2546 1713 et
2566 1652 2748 1711 ineffi-

337 1734 1533 1875 fflxffioeffsssi-fflffmfflffffstffi
1533 1732 1935 1874 {2123}ssAE
1936 1733 2139 1874 {32:35
2140 1733 2729 1873 ῗεξῗὶῗὲἓὲἳὲᾛέζ.

343 1894 480 1971 quia
505 1893 646 1953 licet
675 1895 732 1954 in
761 1897 1039 1953 communi
1063 1904 1121 1955 et
1149 1896 1427 1974 indefinite
1461 1902 1721 1954 sumatur
1759 1914 1864 1972 pro
1898 1894 2117 1955 Gener-e
2144 1895 2433 1969 Humano,
2464 1902 2531 1952 ut
2559 1860 2750 1953 Calvi?-

341 1992 454 2031 nus
480 1982 693 2049 noster,
725 1974 928 2051 Belgae
957 1976 1325 2052 Interpretes,
1357 1982 1415 2033 et
1442 1974 1542 2032 alii
1569 1975 2053 2051 interpretantur3
2084 1974 2216 2033 Non
2246 1974 2505 2051 sequitur
2532 1973 2608 2032 ad
2630 1994 2753 2033 om·

339 2070 448 2111 nes
476 2060 536 2111 et
563 2053 825 2130 singulos
853 2073 1106 2112 amorem
1153 2054 1318 2112 illum
1364 2053 1580 2129 referri,
1632 2054 1737 2112 sed
1782 2062 2009 2113 tantum
2048 2054 2340 2131 peculiare
2382 2053 2753 2130 privilegium

343 2132 561 2191 Generi
587 2131 840 2192 humano
867 2140 1132 2210 respectu
1160 2132 1410 2211 alicujus
1455 2134 1636 2210 partis
1684 2134 1957 2192 collatum
2004 2133 2199 2207 fuisse,
2244 2152 2319 2191 ne
2361 2140 2486 2191 tota
2532 2134 2755 2210 species

343 2212 577 2291 penitus
597 2212 884 2290 interiret;
930 2221 990 2272 et
1016 2212 1248 2289 quidem
1277 2214 1555 2290 opposite,
1592 2216 1644 2272 1.
1675 2212 1751 2271 ad
1776 2213 2105 2272 Societatem
2129 2212 2492 2287 Anqelomm,
2545 2213 2756 2289 quibus

344 2292 407 2350 in
449 2292 622 2350 simili
650 2301 904 2368 peccato,
952 2292 1199 2351 similem
1239 2312 1358 2351 non
1396 2290 1534 2352 fecit
1574 2293 1839 2369 gratiam.
1925 2292 2099 2351 Unde
2140 2293 2479 2371 φιλάνορι-ος
2521 2292 2757 2369 quidem

345 2370 572 2447 dicitur,
607 2371 711 2430 sed
736 2391 855 2430 non
883 2371 1221 2444 φιλῶγγιλος.
1307 2370 1393 2431 Ut
1420 2372 1472 2431 si
1495 2372 1774 2449 Princeps
1802 2392 1878 2430 ex
1906 2371 2131 2431 duabus
2152 2372 2486 2431 civitatibus
2525 2372 2755 2431 rebelli-

345 2450 474 2527 bus,
499 2450 738 2509 alteram
767 2453 1002 2529 quidem
1028 2452 1290 2511 funditus
1317 2451 1523 2529 deleat,
1554 2452 1768 2510 nemini
1799 2451 2113 2529 parcend03
2157 2452 2324 2509 alteri
2350 2472 2490 2512 vero
2518 2461 2757 2512 eatenus

343 2539 560 2608 pareat,
591 2539 658 2590 ut
684 2532 967 2626 quosdam
995 2552 1071 2591 ex
1099 2531 1390 2591 communi
1419 2532 1702 2609 supplicio
1730 2532 1953 2591 caeteris
1980 2532 2267 2590 destinato
2312 2540 2491 2608 eruat,
2523 2533 2757 2592 omnino

347 2610 520 2670 istam
547 2631 666 2688 prae
693 2612 796 2670 111a
824 2612 1100 2672 dilexisse
1129 2612 1367 2686 dicetur,
1399 2613 1538 2673 licet
1568 2631 1687 2671 non
1728 2613 1920 2672 omnia
1965 2612 2123 2674 illius
2167 2612 2425 2670 membra
2468 2633 2544 2672 ex
2592 2633 2758 2690 aequo

345 2691 632 2768 dilexerit,
665 2693 802 2768 quia
821 2692 1038 2752 bonum
1065 2692 1247 2772 partis
1273 2692 1558 2751 redundat
1584 2692 1661 2751 ad
1687 2699 1890 2766 totum,
1922 2701 1981 2751 et
2008 2711 2043 2749 a
2067 2691 2281 2770 potiori
2313 2691 2383 2751 fit
2424 2692 2757 2752 denomina-

344 2771 463 2849 tio;
509 2775 565 2830 2.
595 2771 670 2829 ad
698 2773 1057 2832 oeconomiam
1095 2774 1212 2832 Vet.
1247 2773 1408 2848 Test„
1440 2773 1543 2831 ubi
1568 2792 1689 2832 non
1715 2771 1949 2848 mundo,
1994 2771 2097 2830 sed
2140 2772 2250 2830 soli
2278 2772 2457 2832 Genti
2484 2773 2529 2832 J
2530 2773 2757 2832 udai'cae

344 2851 506 2910 salus
532 2853 974 2930 proponebatur,
1004 2861 1071 2913 ut
1098 2851 1302 2911 innuat
1327 2872 1446 2911 non
1471 2871 1576 2930 pro
1604 2852 1650 2913 J
1652 2851 1833 2912 udaeis
1860 2859 2101 2926 tantum,
2128 2851 2233 2911 sed
2258 2860 2317 2912 et
2342 2873 2447 2931 pro
2470 2852 2760 2912 Gentibus

348 2931 848 2992 indiscriminatim
875 2933 1060 3010 mitti;
1093 2931 1252 3012 quod
1279 2932 1562 3011 imprimis
1589 2931 1837 2991 faciebat
1864 2931 1939 2990 ad
1967 2951 2206 3009 scopum
2228 2932 2459 3009 Christi,
2489 2941 2557 2992 ut
2584 2933 2639 2991 N
2640 2933 2759 2992 ico-

348 3010 520 3072 demo
547 3012 792 3090 eriperet
818 3033 1030 3071 vanam
1058 3013 1481 3091 gloriationem,
1513 3032 1630 3091 qua
1648 3013 1871 3105 jactare
1894 3029 1955 3071 se
1984 3013 2248 3072 solebant
2275 3012 2318 3072 J
2320 3013 2490 3088 udoei,
2540 3021 2601 3072 et
2648 3032 2764 3090 qua

348 3091 728 3167 proculdubio
757 3100 816 3150 et
841 3091 966 3170 ipse
992 3092 1310 3153 fascinatus
1335 3102 1477 3170 erat,
1507 3113 1676 3170 quasi
1702 3091 1953 3151 Messias
1975 3112 2095 3153 suae
2122 3092 2408 3153 duntaxat
2426 3093 2603 3152 Genti
2628 3112 2761 3170 pro-

349 3171 563 3229 missus
591 3179 744 3230 esset
771 3179 829 3230 et
857 3172 1192 3248 mittendus,
1222 3181 1283 3233 et
1311 3172 1533 3232 Gentes
1560 3180 1783 3233 caeterae
1812 3172 1909 3232 vel
1936 3171 2274 3250 subigendae
2296 3181 2504 3250 essent,
2536 3172 2633 3232 vel
2660 3193 2764 3232 ex·

351 3249 716 3325 scindendae3
759 3258 826 3309 ut
852 3251 992 3328 ergo
1019 3251 1237 3312 inolitas
1263 3251 1434 3311 istius
1473 3253 1667 3330 gentis
1707 3253 1966 3330 opinioni
2005 3253 2237 3311 obviam
2278 3253 2405 3329 iret,
2448 3260 2508 3312 et
2546 3261 2763 3330 myste-

349 3329 500 3386 rium
529 3329 862 3404 vocationis
879 3329 1156 3389 Gentium
1177 3333 1304 3409 jam
1331 3332 1594 3409 aperiret,
1625 3331 1778 3392 dixit
1806 3333 1995 3391 Deum
2023 3332 2299 3391 dilexisse
2320 3334 2618 3408 Mundum,
2647 3352 2767 3390 non

351 3428 529 3468 unam
569 3416 795 3468 tantum
823 3417 1073 3486 gentem,
1104 3418 1208 3470 aut
1229 3411 1528 3488 populum.
1613 3411 1748 3470 Hoc
1798 3431 1971 3470 sensu
2013 3420 2257 3472 vocatur
2303 3431 2341 3471 a
2389 3412 2766 3472 Samaritanis

356 3488 399 3547 J
403 3507 531 3546 oan.
561 3508 612 3547 c.
641 3488 720 3548 iv.
751 3492 848 3564 42,
879 3488 1150 3549 Salvator
1173 3492 1384 3566 mundi,
1415 3489 1494 3549 id.
1537 3510 1656 3548 non
1687 3499 1913 3550 tantum
1956 3489 2315 3566 Judaeorum,
2360 3499 2426 3550 ut
2471 3492 2579 3551 sub
2627 3493 2765 3550 Vet.

357 3567 537 3644 Test.,
577 3587 756 3646 quum
811 3569 968 3628 salus
1024 3577 1148 3629 erat
1195 3577 1422 3629 tantum
1476 3568 1837 3644 Judaeorum,
1886 3577 2035 3628 teste
2084 3570 2315 3629 Christo
2366 3590 2425 3629 v.
2475 3575 2587 3646 223
2649 3569 2768 3629 Sed

361 3647 535 3706 etiam
563 3647 861 3725 Gentium,
907 3649 990 3707 ita
1032 3657 1099 3708 ut
1146 3649 1338 3708 cultus
1387 3648 1500 3709 Dei
1543 3668 1662 3708 non
1710 3648 1955 3727 amplius
2002 3648 2079 3707 ad
2119 3648 2425 3726 Templum
2465 3647 2766 3726 Jerosoly-

354 3727 639 3788 mitanum
663 3735 732 3788 ut
771 3735 942 3788 antea
967 3729 1429 3807 restringeretur,
1461 3728 1566 3788 sed
1591 3728 1716 3788 veri
1760 3727 2093 3788 adoratores
2133 3729 2360 3807 possint
2392 3729 2588 3789 ubivis
2636 3749 2769 3788 eum

357 3805 596 3866 adorare
643 3806 708 3866 in
757 3807 978 3886 Spiritu
1021 3817 1086 3869 et
1130 3809 1393 3869 veritate.
1505 3808 1628 3868 Neo
1689 3807 1859 3867 aliter
1906 3807 2169 3868 Christus
2222 3829 2259 3868 a
2310 3809 2356 3870 J
2358 3808 2452 3868 oh.
2503 3808 2771 3888 Baptista

358 3895 617 3962 vocatur,
647 3888 845 3964 Aquas
873 3889 993 3947 Dei
1015 3889 1116 3966 qui
1139 3889 1283 3948 tollit
1295 3897 1538 3966 peecata
1582 3889 1795 3963 mundi,
1846 3887 1891 3947 J
1892 3887 1987 3947 oh.
2031 3888 2071 3947 i.
2122 3889 2217 3964 29,
2269 3895 2329 3948 et
2374 3888 2449 3948 ab
2498 3888 2769 3966 Evange-

355 3966 495 4026 lista
526 3970 594 4025 1·
631 3987 680 4026 c.
710 3967 772 4027 ii.
802 3971 859 4043 2,
889 3969 1232 4044 Ropitiatio
1269 3989 1390 4046 pro
1421 3968 1673 4045 peccatis
1702 3987 1817 4026 non
1842 3970 2023 4026 solum
2047 3969 2269 4043 nostres,
2298 3968 2376 4028 id.
2407 3968 2452 4029 J
2452 3967 2767 4046 udaeorum,

357 4046 465 4105 sed
490 4055 552 4104 et
579 4047 742 4106 totius
769 4049 980 4124 mundi,
1011 4047 1091 4107 id.
1121 4055 1456 4108 caeterarum
1485 4047 1762 4126 gentium,
1790 4055 1859 4107 ut
1884 4046 1995 4108 toti
2022 4046 2301 4106 Ecclesiae
2338 4068 2639 4109 commune
2666 4049 2771 4108 bo-

357 4145 498 4185 num
525 4126 638 4184 hoc
664 4126 853 4203 faciat,
885 4135 944 4186 et
971 4127 1239 4205 designet
1264 4147 1381 4204 eos,
1412 4129 1513 4206 qui
1543 4127 1714 4187 simul
1762 4127 2035 4187 credituri
2062 4135 2241 4204 erant,
2288 4136 2347 4188 et
2390 4129 2492 4207 qui
2536 4148 2641 4209 per
2668 4149 2771 4187 va·-

357 4206 476 4264 rias
502 4206 706 4265 mundi
732 4207 937 4286 plagas
965 4206 1212 4287 dispersi
1239 4217 1418 4284 erant,
1449 4216 1516 4268 ut
1543 4206 1820 4267 Calvinus
1848 4207 2105 4285 exponit.
2188 4207 2312 4267 Nec
2338 4229 2555 4267 novum
2584 4217 2643 4268 et
2682 4209 2771 4268 in-

359 4285 613 4354 solitum,
639 4293 708 4346 ut
733 4289 1004 4362 Mundus,
1032 4307 1152 4346 non
1193 4287 1255 4346 in
1297 4297 1423 4348 tota
1463 4307 1568 4347 sua
1608 4286 1915 4347 latitudine
1960 4306 2187 4367 semper
2230 4298 2503 4366 sumatur,
2552 4289 2656 4349 sed
2699 4289 2777 4348 ad

358 4366 644 4442 quosdam
672 4386 749 4425 ex
776 4366 994 4426 mundo
1021 4367 1420 4445 restringatur,
1451 4376 1518 4427 ut
1545 4387 1725 4446 quum
1750 4367 1987 4445 ponitur
2029 4387 2136 4445 pro
2178 4367 2468 4428 Gentibus
2512 4370 2773 4448 opposite

360 4445 436 4504 ad
463 4445 725 4522 Judaeos,
759 4447 926 4505 Rom.
957 4447 1040 4507 xi.
1075 4451 1166 4523 12,
1196 4449 1267 4508 Se·
1289 4467 1482 4507 eorum
1507 4447 1736 4525 rejectio
1762 4445 1969 4506 divitia
1992 4449 2203 4524 mundi,
2237 4450 2327 4524 ὅτ.
2347 4473 2372 4522 ,·
2414 4469 2518 4528 pro
2548 4449 2773 4508 Mundo

361 4525 442 4583 im
483 4525 686 4601 iorum,
718 4525 792 4585 de
819 4545 935 4605 quo
965 4527 1230 4587 Christus
1271 4528 1368 4604 ait,
1413 4527 1458 4588 J
1460 4547 1587 4587 oan.
1631 4526 1778 4586 xvii.
1822 4528 1879 4586 9.
1920 4527 1997 4587 Se
2026 4547 2143 4606 pro
2182 4532 2391 4589 mundo
2432 4549 2543 4588 non
2584 4549 2772 4607 orare,

362 4613 421 4665 et
495 4623 625 4665 oan.
661 4608 747 4665 1⁸.
778 4626 827 4667 c.
858 4624 915 4665 V.
950 4608 1042 4682 19,
1073 4611 1342 4667 mundum
1369 4615 1542 4667 totum
1569 4609 1628 4666 in
1654 4609 1805 4667 malo
1816 4610 2021 4684 jacere
2039 4632 2065 4682 ;
2104 4628 2209 4686 pro
2248 4609 2473 4670 Mundo
2499 4608 2776 4686 fidelium,

363 4705 542 4762 quum
571 4685 838 4746 Christus
866 4687 964 4764 ait,
994 4707 1054 4746 se
1081 4691 1348 4746 daturum
1375 4707 1602 4746 carnem
1637 4707 1752 4763 pro
1779 4689 1993 4747 Mundi
2018 4687 2152 4763 vita,
2182 4689 2225 4746 J
2228 4708 2355 4748 oan.
2398 4689 2477 4748 vi.
2521 4691 2616 4765 51,
2660 4708 2778 4747 non
