3300 5225
560 374 677 431 162
1522 391 1707 433 Locus
1735 392 2006 435 rum-ius.
2634 368 2888 453 [cusis-r.
2917 388 2990 429 11.

561 540 718 609 cunt,
748 532 905 593 unde
931 532 1066 593 talis
1092 540 1277 593 terror
1302 532 1441 591 oriri
1466 540 1666 611 posset
1691 532 1807 593 nisi
1833 552 1910 592 ex
1937 552 2112 593 sensu
2139 532 2182 593 J
2185 531 2400 593 ustitia
2431 530 2560 607 Dei,
2590 550 2722 609 quae
2749 530 2986 589 illorum

560 613 943 675 conscientias
970 632 1041 675 eo
1066 613 1254 691 magis
1280 612 1559 691 percellit,
1588 632 1710 691 quo
1733 613 1922 691 magis
1948 611 2214 691 refugere
2241 620 2542 689 conantur,
2564 620 2632 671 ut
2658 610 2754 670 hic
2781 630 2990 669 revera

556 695 685 753 θυῖον
709 718 761 752 τι
788 694 1027 753 subesse
1054 712 1289 753 neeesse
1318 693 1394 751 sit
1408 697 1438 751 Ρ
1554 726 1563 735 -

644 774 793 834 VII.
838 776 894 833 3.
926 773 1077 848 Quia
1118 782 1241 833 tam
1282 772 1437 833 clare
1480 771 1733 850 seipsum
1775 772 1837 831 in
1866 771 2150 851 Operibus
2176 771 2467 850 patefecit,
2493 778 2560 831 ut
2585 769 2852 831 homines
2891 768 2994 829 vel

564 854 857 932 palpando
900 872 1033 913 eum
1082 852 1343 913 invenire
1390 852 1631 931 possint,
1684 851 1822 912 Act.
1849 851 1995 913 xvii.
2025 855 2121 928 26,
2151 856 2250 927 27,
2295 858 2356 911 et
2381 871 2498 910 non
2525 851 2750 929 possint
2787 850 2996 909 oculos

566 935 787 1012 aperire
814 933 956 1011 quin
982 933 1129 993 tanti
1156 932 1409 993 numinis
1445 934 1720 1010 majestas
1757 942 1818 991 et
1925 932 2132 991 lendor
2173 951 2274 991 eos
2317 931 2512 991 statim
2551 930 2780 989 afficiat.
2863 930 2994 989 Nec

566 1014 851 1093 particula
876 1020 914 1073 ti
938 1011 1059 1096 Ege,
1090 1032 1207 1091 qua
1230 1012 1414 1073 utitur
1441 1011 1654 1089 Apost.
1697 1012 1758 1071 in
1801 952 2044 1074 &ibium
2089 1021 2326 1073 revocet
2371 1011 2744 1071 revelationis
2769 1009 2992 1068 divinae

569 1094 923 1154 evidentiam
950 1104 1009 1154 et
1036 1092 1457 1168 certitudinem,
1488 1091 1593 1151 sed
1619 1091 1697 1150 ad
1723 1091 2138 1169 inquirentium
2164 1099 2456 1169 stuporem
2484 1100 2544 1151 et
2569 1090 2990 1167 negligentiam

572 1176 841 1253 pertinet,
870 1184 939 1235 ut
966 1174 1105 1234 Act.
1134 1173 1255 1231 viii.
1286 1176 1385 1235 22.
1470 1172 1567 1232 Ita
1608 1171 1767 1249 quod
1795 1170 2028 1232 additur
2067 1171 2142 1232 de
2181 1172 2490 1249 praesentia
2533 1171 2663 1247 Dei,
2714 1190 2830 1247 qua
2868 1189 2992 1228 non

569 1254 748 1333 longe
776 1255 931 1315 absit
955 1255 1029 1313 ab
1057 1272 1407 1331 unoquoque
1433 1259 1716 1327 nostrum,
1743 1251 2182 1329 promissionem
2211 1251 2413 1329 gratiae
2456 1250 2804 1328 peculiarem
2844 1248 2990 1309 fide-

564 1334 720 1395 libus
749 1335 863 1395 Dei
890 1334 1209 1394 cultoribus
1233 1352 1353 1393 uon
1378 1340 1559 1408 notat,
1590 1331 1696 1391 sed
1719 1332 2063 1391 beneficium
2093 1330 2484 1391 Providentia
2509 1330 2778 1389 omnibus
2803 1330 2990 1389 homi-

567 1416 741 1475 nibus
769 1434 1073 1475 commune
1099 1412 1306 1472 innuit.
1628 1436 1637 1445 ·

648 1495 833 1555 VIII.
876 1494 1147 1571 Cognitio
1174 1493 1299 1551 haec
1330 1490 1443 1551 Dei
1468 1490 1754 1569 acquisita
1778 1490 1992 1569 triplici
2017 1490 2118 1551 via
2143 1491 2294 1552 solet
2319 1490 2568 1551 obtineri
2598 1490 2986 1565 Camelitau's,

566 1575 920 1650 Eminentioe,
950 1573 1299 1651 Neqatt'om's.
1384 1572 1498 1631 Per
1524 1572 1682 1631 viam
1713 1571 2078 1633 Οαιιεαῑίεαίίε
2096 1596 2120 1645 ,·
2161 1588 2342 1649 quum
2369 1590 2444 1631 ex
2472 1568 2692 1629 effectis
2711 1570 2985 1647 intelligi-

569 1675 700 1716 mus
744 1674 996 1729 eausam,
1046 1661 1106 1713 et
1148 1673 1184 1711 a
1224 1651 1415 1711 causis
1458 1650 1728 1711 secundis
1772 1650 2141 1712 ascendimus.
2181 1651 2258 1715 ad
2302 1651 2563 1729 primum,
2613 1651 2709 1709 Ps.
2741 1650 2898 1709 xciv.
2927 1652 2985 1709 9.

570 1736 879 1793 Plantam
916 1734 1093 1809 auris,
1140 1751 1333 1791 annon
1358 1731 1567 1807 audiet,
1612 1740 1668 1791 et
1689 1735 1992 1806 formator
2017 1733 2166 1793 oculi
2203 1752 2396 1791 annon
2442 1731 2742 1790 {amabitur
2760 1732 2791 1788 3
2873 1730 2986 1788 Per

570 1814 727 1873 viam
776 1814 1128 1885 Eminentius,
1173 1809 1453 1888 quicquid
1476 1819 1566 1871 est
1600 1812 1968 1889 perfectionis
2011 1812 2074 1871 in
2099 1812 2274 1871 rebus
2299 1811 2525 1886 creatis,
2572 1811 2892 1872 eminenter
2929 1816 2992 1869 et

569 1894 687 1953 κατ’
714 1896 879 1971 &om
920 1894 1049 1953 Deo
1076 1889 1401 1951 tribuimus.
1486 1891 1600 1951 Per
1649 1892 1808 1951 viam
1853 1892 2188 1969 Neqatiom‘s
2230 1911 2596 1951 removemus
2637 1912 2674 1949 a
2703 1891 2830 1949 Deo
2857 1910 2990 1968 quo

568 1974 1059 2053 imperfectionem
1086 1978 1289 2030 notent
1316 1969 1376 2028 in
1404 1971 1701 2047 creaturis,
1729 1980 1796 2032 ut
1823 1990 2002 2049 quum
2030 1972 2242 2031 dicitur
2267 1970 2596 2047 invisibilis,
2627 1971 2988 2045 immortalis,

570 2055 966 2115 immutabilis.
1052 2052 1167 2111 Per
1211 2050 1367 2111 viam
1412 2050 1738 2128 negationis
1791 2052 2132 2114 devenimus
2185 2050 2262 2109 ad
2315 2051 2703 2129 cognitionem
2743 2050 2988 2111 attribu·

568 2143 759 2194 torum
786 2134 1209 2213 negativorum.
1294 2131 1409 2190 Per
1427 2131 1583 2189 viam
1604 2132 1948 2207 eminentiss,
1979 2130 2384 2209 cognoscimus
2411 2131 2692 2191 attributa
2717 2130 2989 2208 positiva.

571 2216 653 2275 Et
676 2234 781 2294 per
806 2216 963 2274 viam
990 2210 1345 2274 causalitatis
1373 2211 1739 2271 escendimus
1765 2212 1843 2271 ad
1869 2211 2134 2271 notitiam
2161 2210 2566 2271 attributorum
2593 2211 2986 2270 relativorum.

1186 2290 1307 2351 IX.
1353 2290 1544 2367 Quum
1585 2290 1818 2367 dicitur,
1863 2291 2018 2351 Psal.
2061 2291 2184 2351 xiv.
2220 2294 2272 2350 1.
2301 2292 2544 2351 Stultum
2585 2292 2644 2351 in
2684 2294 2854 2349 corde
2891 2312 2998 2349 suo

608 2360 1013 2465 Γθῦξξῃίῗωὸθ·
1095 2372 1281 2431 dicer-e
1306 2390 1419 2431 non
1446 2390 1562 2431 esse
1602 2374 1810 2447 Dema,
1853 2390 1972 2431 non
1999 2380 2120 2430 tam
2161 2370 2508 2431 describitur
2538 2380 2696 2429 certa
2721 2379 2782 2429 et
2820 2370 2990 2429 firma

866 2454 879 2468 '
1094 2450 1395 2529 persuasio
1418 2450 1672 2509 hominis
1715 2450 1896 2511 Athei
1940 2452 2130 2511 Deum
2171 2451 2456 2528 negantis,
2487 2465 2661 2527 quem
2701 2449 2990 2511 dubitatio

570 2536 631 2589 et
656 2537 898 2589 conatus
923 2530 1179 2589 hominis
1204 2529 1367 2606 impii
1408 2528 1690 2589 suffocare
1715 2530 1956 2591 nitentis
1997 2532 2146 2589 hanc
2187 2530 2470 2591 notitiam.
2555 2529 2698 2589 Ideo
2724 2550 2843 2589 non
2883 2530 2986 2606 sit,

572 2609 752 2669 medic
777 2619 831 2668 ct
853 2612 1048 2670 manat
1060 2635 1084 2684 ;
1126 2610 1233 2670 sed
1259 2610 1409 2685 dicit,
1440 2609 1519 2668 id.
1550 2629 1747 2670 secum
1775 2609 1950 2670 tacite
1974 2610 2248 2688 loquitur,
2279 2619 2338 2670 et
2366 2608 2477 2670 sibi
2504 2609 2849 2688 persuadere
2875 2610 2990 2670 hoc

570 2689 793 2753 nititur.
822 2693 879 2748 2.
900 2689 1031 2748 Non
1058 2698 1250 2767 potest
1276 2690 1373 2748 hic
1398 2689 1649 2766 intelligi
1679 2689 1912 2750 Atheus
1937 2691 2328 2768 speculativus
2355 2690 2626 2765 directus,
2643 2691 2782 2768 quia
2795 2690 2992 2768 agitur

570 2767 633 2827 in
661 2787 873 2846 genere
901 2767 975 2828 de
1003 2769 1195 2848 impiis
1222 2776 1281 2828 et
1306 2769 1726 2846 peccatoribus,
1753 2777 1821 2830 ut
1847 2779 2075 2830 constat
2109 2789 2186 2830 ex
2213 2770 2406 2830 collat.
2435 2791 2568 2830 cum
2599 2771 2707 2830 Ro.
2737 2770 2817 2829 iii.
2902 2770 2992 2830 At

571 2858 810 2924 certum,
840 2867 957 2908 non
984 2867 1153 2926 posse
1182 2867 1381 2907 omnes
1408 2856 1744 2925 peccatores
1769 2848 1884 2908 dici
1911 2850 2022 2908 hoc
2051 2869 2224 2910 sensu
2243 2850 2487 2910 Atheos.
2519 2853 2576 2910 3.
2591 2851 2706 2908 Hic
2723 2869 2842 2908 non
2867 2858 2990 2911 tam

571 2927 832 2988 innuitur
856 2928 1092 3005 negatio
1120 2927 1461 3003 existentiae,
1492 2947 1668 3005 quam
1711 2928 2103 2990 Providentiae
2137 2925 2268 3005 Dei,
2294 2939 2364 2990 ut
2389 2938 2550 3008 patet
2565 2951 2642 2989 ex
2671 2930 2770 2988 Ps.
2799 2948 2862 2990 x.
2883 2929 2990 2990 ubi

572 3007 732 3085 quod
759 3008 911 3067 dixit
936 3027 995 3065 v.
1024 3011 1081 3082 4,
1111 3007 1185 3068 de
1216 3007 1423 3084 Impi0‚
1455 3010 1611 3085 quod
1628 3006 1692 3066 ἐπ
1719 3009 2011 3068 altitudine
2036 3029 2142 3072 sua
2169 3030 2282 3070 non
2307 3010 2556 3086 inquirit,
2577 3029 2764 3072 ornnes
2779 3010 2988 3086 coyt‘ta-

572 3087 747 3146 tiones
768 3089 885 3162 qius
901 3096 1047 3164 sunt,
1064 3107 1179 3147 non
1194 3097 1275 3146 eet
1288 3089 1466 3163 Deus,
1493 3108 1549 3146 v.
1578 3090 1647 3146 ll
1680 3086 1856 3148 refert
1871 3088 1947 3147 ad
1961 3089 2328 3166 negationem
2349 3089 2754 3164 Providentiae,
2777 3090 2912 3148 dicit
2929 3090 2989 3148 in

570 3167 743 3226 corde
768 3187 869 3226 ruo
896 3168 1093 3226 oham
1119 3177 1201 3226 eet
1224 3169 1403 3244 Deus,
1434 3168 1724 3227 abscondit
1731 3168 1946 3242 faciem
1973 3184 2154 3245 suam,
2181 3189 2298 3230 nou
2319 3169 2524 3230 videbit
2547 3169 2608 3228 in
2627 3178 2984 3248 perpetuum.

576 3245 737 3306 Hinc
762 3255 919 3306 recte
948 3246 1245 3324 Ovvenus,
1272 3247 1377 3308 lib.
1404 3246 1489 3308 iii.
1518 3247 1696 3326 Epig.
1725 3247 1800 3308 de
1827 3247 2044 3309 Atheo.

893 3406 1172 3485 Imipiem
1198 3405 1261 3466 in
1286 3409 1457 3466 corde
1480 3427 1599 3484 suo,
1630 3427 1744 3468 non
1772 3417 1854 3468 est
1878 3409 2056 3484 Deus,
2085 3409 2282 3486 ἰηφιίέ,

1054 3488 1243 3563 Dixit,
1274 3497 1329 3547 et
1352 3489 1457 3548 hoc
1482 3491 1669 3547 nullus
1697 3489 1939 3548 credidit
1965 3489 2228 3566 insipiens
2248 3511 2273 3562 ;

892 3566 1173 3644 Incipiens
1196 3577 1369 3645 neyat
1392 3587 1509 3627 esee
1534 3569 1730 3627 Deum
1751 3569 1806 3627 si
1827 3587 2008 3644 nemo,
2038 3569 2163 3646 quis
2189 3587 2326 3644 erqo

1052 3648 1267 3708 Atheus
1292 3650 1416 3708 est!
1455 3651 1676 3708 nullum
1703 3648 1804 3726 qui
1825 3648 1958 3708 velit
1981 3667 2096 3708 esse
2121 3649 2331 3708 Deum.

652 3805 739 3864 X.
782 3805 967 3864 Aliud
993 3812 1084 3866 est
1110 3807 1366 3867 exterior
1392 3807 1507 3867 Dei
1532 3807 1786 3886 negatio,
1815 3807 1916 3867 vel
1955 3806 2200 3867 erratica
2223 3813 2450 3866 tantum
2489 3804 2766 3884 cogitatio
2795 3811 2855 3865 et
2881 3803 2987 3864 ‹lu-

568 3883 774 3943 bitstio
803 3883 877 3943 de
906 3885 1033 3943 Deo
1062 3907 1081 3961 ς
1123 3885 1311 3946 Aliud
1348 3887 1470 3945 fixa
1496 3895 1555 3946 et
1580 3895 1856 3946 constans
1895 3887 1958 3946 in
1999 3886 2172 3946 corde
2203 3887 2478 3964 negatio:
2561 3885 2822 3946 Priorem
2861 3884 2992 3946 dari

568 3979 739 4040 posse
766 3962 829 4020 in
853 3963 1087 4023 homine
1112 3983 1230 4023 non
1258 3965 1583 4041 diffitemur,
1616 3966 1722 4025 sed
1747 3966 2122 4044 posteriorem
2149 3985 2448 4044 negemus.

651 4040 773 4098 XI.
818 4039 1109 4118 Quicquid
1148 4043 1396 4104 occurrit
1435 4045 1594 4122 apud
1632 4044 1932 4106 Authores
1973 4045 2048 4106 de
2087 4045 2465 4107 suffocatione
2498 4052 2558 4105 et
2584 4043 2988 4106 obliteratione

566 4119 805 4180 luminis
828 4121 1111 4180 naturalis
1140 4121 1215 4180 ad
1242 4123 1478 4200 aliquod
1509 4133 1742 4202 tempus
1767 4125 1830 4184 in
1855 4144 2210 4202 paroxysmo
2249 4125 2478 4201 furoris,
2509 4133 2568 4186 et
2607 4124 2888 4203 quicquid
2913 4123 2987 4183 de

568 4199 934 4260 conscientia
961 4200 1423 4278 cauterizatione,
1452 4203 1720 4282 lethargo
1747 4213 1808 4264 et
1833 4205 2120 4284 ἀναισθησίᾳ
2157 4205 2385 4282 dicitur,
2415 4205 2616 4266 referri
2655 4225 2774 4264 non
2813 4203 2990 4264 debet

569 4279 649 4340 ad
684 4278 925 4338 totalem
965 4279 1317 4358 cognitionis
1354 4281 1525 4341 istius
1562 4284 1844 4344 naturalis
1883 4286 2314 4362 extinctionem,
2359 4305 2468 4346 nee
2499 4285 2574 4344 ad
2615 4304 2886 4346 assensus
2925 4293 2990 4344 et

566 4359 957 4439 persuasionis
985 4361 1287 4421 contrariis
1314 4361 1670 4422 certudinem
1689 4385 1708 4424 t
1748 4363 1852 4424 sed
1878 4365 1956 4424 ad
1982 4367 2446 4444 suppressionem
2463 4374 2524 4424 et
2551 4363 2986 4424 offuscationem

566 4439 821 4518 aliquam
847 4439 1084 4500 luminis
1110 4440 1280 4500 istius
1308 4448 1367 4502 et
1394 4441 1762 4520 cognitionis,
1804 4463 1921 4522 qus
1946 4444 2110 4523 impii
2149 4445 2414 4506 homines
2441 4445 2726 4505 actualem
2753 4443 2830 4503 de
2857 4443 2987 4502 Deo

566 4519 994 4599 cogitationem,
1038 4529 1319 4598 quantum
1359 4521 1485 4581 fieri
1661 4531 1716 4583 st
1743 4524 2041 4602 abjiciunt,
2071 4533 2132 4584 et
2173 4525 2286 4586 sibi
2323 4524 2668 4603 persuadere
2703 4531 2988 4584 conantur

564 4620 685 4663 non
712 4618 841 4660 esse
870 4600 1097 4678 Deum,
1140 4620 1251 4661 nec
1280 4601 1393 4660 Dei
1419 4601 1507 4664 Ju
1548 4602 1654 4662 ‘cis
1681 4603 2000 4666 vindictam
2027 4603 2288 4680 credunt,
2320 4613 2421 4666 aut
2447 4603 2888 4665 exhorrescunt.

648 4680 805 4741 XII.
846 4680 1071 4742 Gentes
1096 4679 1370 4743 dicuntur
1407 4680 1551 4760 ὅθεν,
1582 4683 1736 4763 Eph.
1763 4683 1828 4746 ii.
1859 4687 1953 4760 12,
1995 4703 2114 4745 non
2141 4683 2300 4762 quod
2327 4685 2552 4746 nullum
2591 4701 2830 4763 prorsus
2857 4683 2978 4743 Nu·
