<?xml version="1.0" encoding="UTF-8"?>
<!DOCTYPE html PUBLIC "-//W3C//DTD XHTML 1.0 Transitional//EN"
    "http://www.w3.org/TR/xhtml1/DTD/xhtml1-transitional.dtd">
<html xmlns="http://www.w3.org/1999/xhtml" xml:lang="en" lang="en">
 <head>
  <title>
</title>
<meta http-equiv="Content-Type" content="text/html;charset=utf-8" />
  <meta name='ocr-system' content='tesseract 3.04.00' />
  <meta name='ocr-capabilities' content='ocr_page ocr_carea ocr_par ocr_line ocrx_word'/>
</head>
<body>
  <div class='ocr_page' id='page_1' title='image "./institutiotheol00turrgoog_0384.png"; bbox 0 0 3300 5225; ppageno 0'>
   <div class='ocr_carea' id='block_1_1' title="bbox 501 340 2895 422">
    <p class='ocr_par' dir='ltr' id='par_1_1' title="bbox 501 340 2895 422">
     <span class='ocr_line' id='line_1_1' title="bbox 501 340 2895 422; baseline -0.001 -18"><span class='ocrx_word' id='word_1_1' title='bbox 501 347 617 404; x_wconf 78' lang='lat'><strong>332</strong></span> <span class='ocrx_word' id='word_1_2' title='bbox 1467 364 1647 407; x_wconf 75' lang='lat' dir='ltr'><strong>Locus</strong></span> <span class='ocrx_word' id='word_1_3' title='bbox 1678 364 1966 414; x_wconf 68' lang='lat' dir='ltr'><strong>omarus·</strong></span> <span class='ocrx_word' id='word_1_4' title='bbox 2508 340 2757 422; x_wconf 59' lang='lat' dir='ltr'><strong>[quater.</strong></span> <span class='ocrx_word' id='word_1_5' title='bbox 2790 362 2895 402; x_wconf 68' lang='grc' dir='ltr'><strong>ΧΠ.</strong></span> 
     </span>
    </p>
   </div>
   <div class='ocr_carea' id='block_1_2' title="bbox 493 503 2907 1541">
    <p class='ocr_par' dir='ltr' id='par_1_2' title="bbox 493 503 2904 1284">
     <span class='ocr_line' id='line_1_2' title="bbox 496 503 2897 585; baseline 0 -23"><span class='ocrx_word' id='word_1_6' title='bbox 496 524 791 581; x_wconf 86' lang='lat' dir='ltr'><strong>uunquam</strong></span> <span class='ocrx_word' id='word_1_7' title='bbox 819 504 1125 583; x_wconf 86' lang='lat' dir='ltr'><strong>inscriptos</strong></span> <span class='ocrx_word' id='word_1_8' title='bbox 1153 506 1347 566; x_wconf 84' lang='lat' dir='ltr'><strong>fuisse.</strong></span> <span class='ocrx_word' id='word_1_9' title='bbox 1395 507 1492 566; x_wconf 87' lang='lat' dir='ltr'><strong>Sic</strong></span> <span class='ocrx_word' id='word_1_10' title='bbox 1519 507 1759 585; x_wconf 79' lang='lat' dir='ltr'><strong>exponit</strong></span> <span class='ocrx_word' id='word_1_11' title='bbox 1788 506 1947 585; x_wconf 84' lang='lat' dir='ltr'><strong>Aug.</strong></span> <span class='ocrx_word' id='word_1_12' title='bbox 1976 507 2037 565; x_wconf 88' lang='lat' dir='ltr'><strong>in</strong></span> <span class='ocrx_word' id='word_1_13' title='bbox 2068 506 2164 565; x_wconf 86' lang='lat' dir='ltr'><strong>Ps.</strong></span> <span class='ocrx_word' id='word_1_14' title='bbox 2192 503 2339 562; x_wconf 82' lang='lat' dir='ltr'><strong>lxix.</strong></span> <span class='ocrx_word' id='word_1_15' title='bbox 2362 505 2401 538; x_wconf 88' lang='grc'>“</span> <span class='ocrx_word' id='word_1_16' title='bbox 2431 503 2540 563; x_wconf 88' lang='lat' dir='ltr'><strong>Isti</strong></span> <span class='ocrx_word' id='word_1_17' title='bbox 2567 523 2725 581; x_wconf 88' lang='lat' dir='ltr'><strong>erg0,</strong></span> <span class='ocrx_word' id='word_1_18' title='bbox 2756 523 2897 580; x_wconf 88' lang='lat' dir='ltr'><strong>quo-</strong></span> 
     </span>
     <span class='ocr_line' id='line_1_3' title="bbox 497 582 2895 665; baseline 0 -23"><span class='ocrx_word' id='word_1_19' title='bbox 497 582 671 643; x_wconf 90' lang='lat' dir='ltr'><strong>modo</strong></span> <span class='ocrx_word' id='word_1_20' title='bbox 699 584 833 642; x_wconf 90' lang='lat' dir='ltr'><strong>inde</strong></span> <span class='ocrx_word' id='word_1_21' title='bbox 861 583 1143 662; x_wconf 88' lang='lat' dir='ltr'><strong>delentur,</strong></span> <span class='ocrx_word' id='word_1_22' title='bbox 1175 583 1276 646; x_wconf 86' lang='lat' dir='ltr'><strong>ubi</strong></span> <span class='ocrx_word' id='word_1_23' title='bbox 1301 607 1596 665; x_wconf 88' lang='lat' dir='ltr'><strong>nunquam</strong></span> <span class='ocrx_word' id='word_1_24' title='bbox 1626 587 1826 664; x_wconf 88' lang='lat' dir='ltr'><strong>scripti</strong></span> <span class='ocrx_word' id='word_1_25' title='bbox 1852 586 2083 646; x_wconf 85' lang='lat' dir='ltr'><strong>fuerunt</strong></span> <span class='ocrx_word' id='word_1_26' title='bbox 2096 589 2126 645; x_wconf 73' lang='grc' dir='ltr'>Ρ</span> <span class='ocrx_word' id='word_1_27' title='bbox 2168 585 2301 644; x_wconf 89' lang='lat' dir='ltr'><strong>Hoc</strong></span> <span class='ocrx_word' id='word_1_28' title='bbox 2329 583 2549 643; x_wconf 87' lang='lat' dir='ltr'><strong>dictum</strong></span> <span class='ocrx_word' id='word_1_29' title='bbox 2578 593 2667 643; x_wconf 90' lang='lat' dir='ltr'><strong>est</strong></span> <span class='ocrx_word' id='word_1_30' title='bbox 2694 602 2895 643; x_wconf 89' lang='lat' dir='ltr'><strong>secun-</strong></span> 
     </span>
     <span class='ocr_line' id='line_1_4' title="bbox 499 661 2897 744; baseline 0 -23"><span class='ocrx_word' id='word_1_31' title='bbox 499 663 638 722; x_wconf 92' lang='lat' dir='ltr'><strong>dum</strong></span> <span class='ocrx_word' id='word_1_32' title='bbox 667 683 828 741; x_wconf 87' lang='lat' dir='ltr'><strong>spem</strong></span> <span class='ocrx_word' id='word_1_33' title='bbox 855 665 1110 743; x_wconf 90' lang='lat' dir='ltr'><strong>ipsorum</strong></span> <span class='ocrx_word' id='word_1_34' title='bbox 1153 667 1290 744; x_wconf 88' lang='lat' dir='ltr'><strong>quia</strong></span> <span class='ocrx_word' id='word_1_35' title='bbox 1329 667 1412 725; x_wconf 89' lang='lat' dir='ltr'><strong>ibi</strong></span> <span class='ocrx_word' id='word_1_36' title='bbox 1453 687 1515 726; x_wconf 91' lang='lat' dir='ltr'><strong>se</strong></span> <span class='ocrx_word' id='word_1_37' title='bbox 1545 667 1790 744; x_wconf 88' lang='lat' dir='ltr'><strong>scriptos</strong></span> <span class='ocrx_word' id='word_1_38' title='bbox 1829 667 2149 744; x_wconf 85' lang='lat' dir='ltr'><strong>putabant;</strong></span> <span class='ocrx_word' id='word_1_39' title='bbox 2196 664 2338 742; x_wconf 90' lang='lat' dir='ltr'><strong>quid</strong></span> <span class='ocrx_word' id='word_1_40' title='bbox 2379 671 2469 722; x_wconf 91' lang='lat' dir='ltr'><strong>est</strong></span> <span class='ocrx_word' id='word_1_41' title='bbox 2497 661 2799 722; x_wconf 87' lang='lat' dir='ltr'><strong>deleantur</strong></span> <span class='ocrx_word' id='word_1_42' title='bbox 2824 663 2897 722; x_wconf 88' lang='lat' dir='ltr'><strong>de</strong></span> 
     </span>
     <span class='ocr_line' id='line_1_5' title="bbox 493 743 2899 823; baseline 0 -22"><span class='ocrx_word' id='word_1_43' title='bbox 493 744 644 802; x_wconf 87' lang='lat' dir='ltr'><strong>libro</strong></span> <span class='ocrx_word' id='word_1_44' title='bbox 661 745 800 804; x_wconf 72' lang='lat' dir='ltr'><strong>vitae</strong></span> <span class='ocrx_word' id='word_1_45' title='bbox 814 749 844 804; x_wconf 69' lang='grc' dir='ltr'><em>Ρ</em></span> <span class='ocrx_word' id='word_1_46' title='bbox 887 745 971 805; x_wconf 94' lang='lat' dir='ltr'><strong>Ut</strong></span> <span class='ocrx_word' id='word_1_47' title='bbox 998 746 1139 823; x_wconf 91' lang='lat' dir='ltr'><strong>ipsis</strong></span> <span class='ocrx_word' id='word_1_48' title='bbox 1167 755 1392 806; x_wconf 88' lang='lat' dir='ltr'><strong>constet</strong></span> <span class='ocrx_word' id='word_1_49' title='bbox 1418 767 1535 806; x_wconf 89' lang='lat' dir='ltr'><strong>non</strong></span> <span class='ocrx_word' id='word_1_50' title='bbox 1562 747 1697 806; x_wconf 89' lang='lat' dir='ltr'><strong>illos</strong></span> <span class='ocrx_word' id='word_1_51' title='bbox 1723 746 1806 804; x_wconf 91' lang='lat' dir='ltr'><strong>ibi</strong></span> <span class='ocrx_word' id='word_1_52' title='bbox 1828 765 1971 820; x_wconf 86' lang='lat' dir='ltr'><strong>esse,</strong></span> <span class='ocrx_word' id='word_1_53' title='bbox 2001 755 2135 804; x_wconf 84' lang='lat' dir='ltr'><strong>nam</strong></span> <span class='ocrx_word' id='word_1_54' title='bbox 2156 763 2361 803; x_wconf 88' lang='lat' dir='ltr'><strong>versus</strong></span> <span class='ocrx_word' id='word_1_55' title='bbox 2382 743 2484 820; x_wconf 89' lang='lat' dir='ltr'><strong>qui</strong></span> <span class='ocrx_word' id='word_1_56' title='bbox 2512 743 2773 820; x_wconf 86' lang='lat' dir='ltr'><strong>sequitur</strong></span> <span class='ocrx_word' id='word_1_57' title='bbox 2798 762 2899 802; x_wconf 81' lang='lat' dir='ltr'><strong>ex·-</strong></span> 
     </span>
     <span class='ocr_line' id='line_1_6' title="bbox 495 822 2896 904; baseline 0 -22"><span class='ocrx_word' id='word_1_58' title='bbox 495 824 660 902; x_wconf 89' lang='lat' dir='ltr'><strong>ponit</strong></span> <span class='ocrx_word' id='word_1_59' title='bbox 687 824 844 902; x_wconf 91' lang='lat' dir='ltr'><strong>quod</strong></span> <span class='ocrx_word' id='word_1_60' title='bbox 871 825 1090 884; x_wconf 88' lang='lat' dir='ltr'><strong>dictum</strong></span> <span class='ocrx_word' id='word_1_61' title='bbox 1119 834 1224 903; x_wconf 87' lang='lat' dir='ltr'><strong>est,</strong></span> <span class='ocrx_word' id='word_1_62' title='bbox 1268 837 1472 886; x_wconf 83' lang='lat' dir='ltr'><strong>etcum</strong></span> <span class='ocrx_word' id='word_1_63' title='bbox 1505 827 1677 904; x_wconf 75' lang='lat' dir='ltr'><strong>justis</strong></span> <span class='ocrx_word' id='word_1_64' title='bbox 1703 847 1815 885; x_wconf 80' lang='lat' dir='ltr'><strong>non</strong></span> <span class='ocrx_word' id='word_1_65' title='bbox 1840 827 2160 884; x_wconf 65' lang='lat' dir='ltr'><strong>scribantur</strong></span> <span class='ocrx_word' id='word_1_66' title='bbox 2175 826 2237 898; x_wconf 87' lang='lat'><strong>,·’&#39;</strong></span> <span class='ocrx_word' id='word_1_67' title='bbox 2286 825 2379 883; x_wconf 89' lang='lat' dir='ltr'><strong>Ita</strong></span> <span class='ocrx_word' id='word_1_68' title='bbox 2407 822 2594 901; x_wconf 86' lang='lat' dir='ltr'><strong>Apoc.</strong></span> <span class='ocrx_word' id='word_1_69' title='bbox 2624 823 2770 881; x_wconf 82' lang='lat' dir='ltr'><strong>xxii.</strong></span> <span class='ocrx_word' id='word_1_70' title='bbox 2802 825 2896 882; x_wconf 80' lang='lat'><strong>19.</strong></span> 
     </span>
     <span class='ocr_line' id='line_1_7' title="bbox 498 903 2903 983; baseline -0 -21"><span class='ocrx_word' id='word_1_71' title='bbox 498 903 660 963; x_wconf 87' lang='lat' dir='ltr'><strong>Deus</strong></span> <span class='ocrx_word' id='word_1_72' title='bbox 687 904 899 964; x_wconf 88' lang='lat' dir='ltr'><strong>dicitur</strong></span> <span class='ocrx_word' id='word_1_73' title='bbox 942 907 978 937; x_wconf 88' lang='lat'><strong>“</strong></span> <span class='ocrx_word' id='word_1_74' title='bbox 1007 906 1303 965; x_wconf 85' lang='lat' dir='ltr'><strong>ablaturus</strong></span> <span class='ocrx_word' id='word_1_75' title='bbox 1343 915 1565 983; x_wconf 88' lang='lat' dir='ltr'><strong>partem</strong></span> <span class='ocrx_word' id='word_1_76' title='bbox 1607 926 1638 964; x_wconf 90' lang='lat' dir='ltr'><strong>e</strong></span> <span class='ocrx_word' id='word_1_77' title='bbox 1680 906 1831 964; x_wconf 91' lang='lat' dir='ltr'><strong>libro</strong></span> <span class='ocrx_word' id='word_1_78' title='bbox 1868 906 2004 964; x_wconf 79' lang='lat' dir='ltr'><strong>vitae</strong></span> <span class='ocrx_word' id='word_1_79' title='bbox 2045 906 2219 980; x_wconf 86' lang='lat' dir='ltr'><strong>illius,</strong></span> <span class='ocrx_word' id='word_1_80' title='bbox 2252 904 2353 981; x_wconf 90' lang='lat' dir='ltr'><strong>qui</strong></span> <span class='ocrx_word' id='word_1_81' title='bbox 2393 903 2697 963; x_wconf 79' lang='lat' dir='ltr'><strong>abstulerit</strong></span> <span class='ocrx_word' id='word_1_82' title='bbox 2724 903 2903 961; x_wconf 83' lang='lat' dir='ltr'><strong>verba</strong></span> 
     </span>
     <span class='ocr_line' id='line_1_8' title="bbox 495 981 2899 1063; baseline -0.001 -20"><span class='ocrx_word' id='word_1_83' title='bbox 495 984 666 1043; x_wconf 86' lang='lat' dir='ltr'><strong>istius</strong></span> <span class='ocrx_word' id='word_1_84' title='bbox 695 984 1080 1062; x_wconf 83' lang='lat' dir='ltr'><strong>Prophetiae,’-’</strong></span> <span class='ocrx_word' id='word_1_85' title='bbox 1125 1006 1240 1044; x_wconf 90' lang='lat' dir='ltr'><strong>non</strong></span> <span class='ocrx_word' id='word_1_86' title='bbox 1268 986 1515 1045; x_wconf 90' lang='lat' dir='ltr'><strong>delendo</strong></span> <span class='ocrx_word' id='word_1_87' title='bbox 1556 985 1805 1062; x_wconf 84' lang='lat' dir='ltr'>positive</span> <span class='ocrx_word' id='word_1_88' title='bbox 1846 1005 1979 1044; x_wconf 89' lang='lat' dir='ltr'><strong>eum</strong></span> <span class='ocrx_word' id='word_1_89' title='bbox 2006 987 2107 1063; x_wconf 90' lang='lat' dir='ltr'><strong>qui</strong></span> <span class='ocrx_word' id='word_1_90' title='bbox 2148 986 2443 1061; x_wconf 91' lang='lat' dir='ltr'><strong>nunquam</strong></span> <span class='ocrx_word' id='word_1_91' title='bbox 2484 983 2734 1061; x_wconf 86' lang='lat' dir='ltr'><strong>scriptus</strong></span> <span class='ocrx_word' id='word_1_92' title='bbox 2774 981 2899 1056; x_wconf 83' lang='lat' dir='ltr'><strong>fuit,</strong></span> 
     </span>
     <span class='ocr_line' id='line_1_9' title="bbox 499 1063 2903 1142; baseline -0.001 -20"><span class='ocrx_word' id='word_1_93' title='bbox 499 1063 604 1123; x_wconf 88' lang='lat' dir='ltr'><strong>sed</strong></span> <span class='ocrx_word' id='word_1_94' title='bbox 629 1063 987 1123; x_wconf 89' lang='lat' dir='ltr'><strong>ostendendo</strong></span> <span class='ocrx_word' id='word_1_95' title='bbox 1015 1084 1148 1124; x_wconf 89' lang='lat' dir='ltr'><strong>eum</strong></span> <span class='ocrx_word' id='word_1_96' title='bbox 1175 1085 1469 1142; x_wconf 90' lang='lat' dir='ltr'><strong>nunquam</strong></span> <span class='ocrx_word' id='word_1_97' title='bbox 1513 1065 1789 1142; x_wconf 86' lang='lat' dir='ltr'><strong>scriptum</strong></span> <span class='ocrx_word' id='word_1_98' title='bbox 1818 1065 2012 1140; x_wconf 86' lang='lat' dir='ltr'><strong>fuisse,</strong></span> <span class='ocrx_word' id='word_1_99' title='bbox 2050 1063 2338 1142; x_wconf 89' lang='lat' dir='ltr'><strong>quomodo</strong></span> <span class='ocrx_word' id='word_1_100' title='bbox 2368 1063 2581 1123; x_wconf 88' lang='lat' dir='ltr'><strong>dicitur</strong></span> <span class='ocrx_word' id='word_1_101' title='bbox 2595 1083 2747 1140; x_wconf 82' lang='lat' dir='ltr'><strong>pars</strong></span> <span class='ocrx_word' id='word_1_102' title='bbox 2787 1066 2903 1139; x_wconf 69' lang='lat' dir='ltr'><strong>ejus</strong></span> 
     </span>
     <span class='ocr_line' id='line_1_10' title="bbox 497 1142 2904 1282; baseline -0.001 -80"><span class='ocrx_word' id='word_1_103' title='bbox 497 1147 812 1282; x_wconf 54' lang='lat' dir='ltr'><strong>aufzrnendd</strong></span> <span class='ocrx_word' id='word_1_104' title='bbox 839 1165 913 1202; x_wconf 78' lang='lat' dir='ltr'><strong>ex</strong></span> <span class='ocrx_word' id='word_1_105' title='bbox 937 1155 1136 1204; x_wconf 81' lang='lat' dir='ltr'><strong>sancta</strong></span> <span class='ocrx_word' id='word_1_106' title='bbox 1167 1145 1420 1221; x_wconf 67' lang='lat' dir='ltr'><strong>Civitates,</strong></span> <span class='ocrx_word' id='word_1_107' title='bbox 1451 1165 1570 1204; x_wconf 90' lang='lat' dir='ltr'><strong>non</strong></span> <span class='ocrx_word' id='word_1_108' title='bbox 1597 1165 1773 1222; x_wconf 88' lang='lat' dir='ltr'><strong>quam</strong></span> <span class='ocrx_word' id='word_1_109' title='bbox 1813 1145 2096 1220; x_wconf 85' lang='lat' dir='ltr'><strong>habuerit,</strong></span> <span class='ocrx_word' id='word_1_110' title='bbox 2126 1144 2225 1203; x_wconf 87' lang='lat' dir='ltr'><strong>vel</strong></span> <span class='ocrx_word' id='word_1_111' title='bbox 2263 1144 2567 1203; x_wconf 89' lang='lat' dir='ltr'><strong>habiturus</strong></span> <span class='ocrx_word' id='word_1_112' title='bbox 2609 1149 2749 1218; x_wconf 89' lang='lat' dir='ltr'><strong>erat,</strong></span> <span class='ocrx_word' id='word_1_113' title='bbox 2800 1142 2904 1201; x_wconf 90' lang='lat' dir='ltr'><strong>sed</strong></span> 
     </span>
     <span class='ocr_line' id='line_1_11' title="bbox 497 1224 1033 1284; baseline 0.006 -3"><span class='ocrx_word' id='word_1_114' title='bbox 497 1243 570 1282; x_wconf 91' lang='lat' dir='ltr'><strong>ne</strong></span> <span class='ocrx_word' id='word_1_115' title='bbox 685 1243 778 1281; x_wconf 91' lang='lat' dir='ltr'><strong>am</strong></span> <span class='ocrx_word' id='word_1_116' title='bbox 805 1224 1033 1284; x_wconf 87' lang='lat' dir='ltr'><strong>habeat.</strong></span> 
     </span>
    </p>

    <p class='ocr_par' dir='ltr' id='par_1_3' title="bbox 497 1300 2907 1541">
     <span class='ocr_line' id='line_1_12' title="bbox 581 1300 2905 1364; baseline 0 -5"><span class='ocrx_word' id='word_1_117' title='bbox 581 1303 768 1360; x_wconf 87' lang='lat' dir='ltr'>XXI.</span> <span class='ocrx_word' id='word_1_118' title='bbox 815 1304 960 1362; x_wconf 87' lang='lat' dir='ltr'><strong>Cum</strong></span> <span class='ocrx_word' id='word_1_119' title='bbox 989 1304 1272 1364; x_wconf 80' lang='lat' dir='ltr'>certitudo</span> <span class='ocrx_word' id='word_1_120' title='bbox 1287 1305 1421 1364; x_wconf 85' lang='lat' dir='ltr'><strong>finis</strong></span> <span class='ocrx_word' id='word_1_121' title='bbox 1438 1325 1554 1364; x_wconf 89' lang='lat' dir='ltr'><strong>non</strong></span> <span class='ocrx_word' id='word_1_122' title='bbox 1577 1303 1851 1364; x_wconf 88' lang='lat' dir='ltr'><strong>excludat</strong></span> <span class='ocrx_word' id='word_1_123' title='bbox 1876 1305 2276 1364; x_wconf 84' lang='lat' dir='ltr'><strong>necessitatem</strong></span> <span class='ocrx_word' id='word_1_124' title='bbox 2300 1302 2619 1362; x_wconf 91' lang='lat' dir='ltr'><strong>mediorum</strong></span> <span class='ocrx_word' id='word_1_125' title='bbox 2647 1300 2751 1361; x_wconf 89' lang='lat' dir='ltr'><strong>sed</strong></span> <span class='ocrx_word' id='word_1_126' title='bbox 2778 1321 2905 1361; x_wconf 88' lang='lat' dir='ltr'><strong>eam</strong></span> 
     </span>
     <span class='ocr_line' id='line_1_13' title="bbox 499 1381 2907 1462; baseline -0 -20"><span class='ocrx_word' id='word_1_127' title='bbox 499 1392 801 1460; x_wconf 80' lang='lat' dir='ltr'><strong>supponat,</strong></span> <span class='ocrx_word' id='word_1_128' title='bbox 846 1403 1144 1462; x_wconf 80' lang='lat' dir='ltr'><strong>perperam</strong></span> <span class='ocrx_word' id='word_1_129' title='bbox 1175 1384 1438 1444; x_wconf 86' lang='lat' dir='ltr'><strong>doctrina</strong></span> <span class='ocrx_word' id='word_1_130' title='bbox 1478 1385 1550 1444; x_wconf 87' lang='lat' dir='ltr'><strong>de</strong></span> <span class='ocrx_word' id='word_1_131' title='bbox 1597 1384 2061 1444; x_wconf 76' lang='lat' dir='ltr'><strong>immutabilitate</strong></span> <span class='ocrx_word' id='word_1_132' title='bbox 2093 1384 2411 1443; x_wconf 86' lang='lat' dir='ltr'><strong>Electionis</strong></span> <span class='ocrx_word' id='word_1_133' title='bbox 2450 1381 2654 1442; x_wconf 90' lang='lat' dir='ltr'><strong>tollere</strong></span> <span class='ocrx_word' id='word_1_134' title='bbox 2694 1381 2907 1441; x_wconf 88' lang='lat' dir='ltr'><strong>dicitur</strong></span> 
     </span>
     <span class='ocr_line' id='line_1_14' title="bbox 497 1461 2903 1541; baseline -0 -20"><span class='ocrx_word' id='word_1_135' title='bbox 497 1483 667 1523; x_wconf 89' lang='lat' dir='ltr'><strong>usum</strong></span> <span class='ocrx_word' id='word_1_136' title='bbox 695 1463 1092 1540; x_wconf 80' lang='lat' dir='ltr'><strong>monitionum,</strong></span> <span class='ocrx_word' id='word_1_137' title='bbox 1124 1473 1183 1524; x_wconf 86' lang='lat' dir='ltr'><strong>et</strong></span> <span class='ocrx_word' id='word_1_138' title='bbox 1221 1465 1747 1541; x_wconf 82' lang='lat' dir='ltr'><strong>comminationum,</strong></span> <span class='ocrx_word' id='word_1_139' title='bbox 1780 1473 1838 1523; x_wconf 90' lang='lat' dir='ltr'><strong>et</strong></span> <span class='ocrx_word' id='word_1_140' title='bbox 1880 1465 2246 1524; x_wconf 79' lang='lat' dir='ltr'><strong>securitatem</strong></span> <span class='ocrx_word' id='word_1_141' title='bbox 2288 1463 2575 1522; x_wconf 84' lang='lat' dir='ltr'><strong>carnalem</strong></span> <span class='ocrx_word' id='word_1_142' title='bbox 2614 1461 2903 1535; x_wconf 80' lang='lat' dir='ltr'><strong>inducere,</strong></span> 
     </span>
    </p>
   </div>
   <div class='ocr_carea' id='block_1_3' title="bbox 499 1541 2947 1620">
    <p class='ocr_par' dir='ltr' id='par_1_4' title="bbox 499 1541 2947 1620">
     <span class='ocr_line' id='line_1_15' title="bbox 499 1541 2947 1620; baseline -0.001 -18"><span class='ocrx_word' id='word_1_143' title='bbox 499 1543 637 1620; x_wconf 89' lang='lat' dir='ltr'><strong>quia</strong></span> <span class='ocrx_word' id='word_1_144' title='bbox 677 1543 790 1602; x_wconf 89' lang='lat' dir='ltr'><strong>ista</strong></span> <span class='ocrx_word' id='word_1_145' title='bbox 831 1551 966 1604; x_wconf 87' lang='lat' dir='ltr'><strong>sunt</strong></span> <span class='ocrx_word' id='word_1_146' title='bbox 1005 1544 1198 1603; x_wconf 91' lang='lat' dir='ltr'><strong>media</strong></span> <span class='ocrx_word' id='word_1_147' title='bbox 1237 1565 1272 1604; x_wconf 88' lang='lat' dir='ltr'><strong>a</strong></span> <span class='ocrx_word' id='word_1_148' title='bbox 1301 1545 1429 1604; x_wconf 93' lang='lat' dir='ltr'><strong>Deo</strong></span> <span class='ocrx_word' id='word_1_149' title='bbox 1455 1546 1722 1604; x_wconf 86' lang='lat' dir='ltr'><strong>instituta</strong></span> <span class='ocrx_word' id='word_1_150' title='bbox 1763 1543 1838 1604; x_wconf 85' lang='lat' dir='ltr'><strong>ad</strong></span> <span class='ocrx_word' id='word_1_151' title='bbox 1864 1544 2081 1604; x_wconf 80' lang='lat' dir='ltr'><strong>decreti</strong></span> <span class='ocrx_word' id='word_1_152' title='bbox 2124 1545 2213 1603; x_wconf 89' lang='lat' dir='ltr'><strong>sui</strong></span> <span class='ocrx_word' id='word_1_153' title='bbox 2254 1542 2691 1602; x_wconf 83' lang='lat' dir='ltr'><strong>executionem:</strong></span> <span class='ocrx_word' id='word_1_154' title='bbox 2749 1542 2907 1600; x_wconf 91' lang='lat' dir='ltr'><strong>Hinc</strong></span> <span class='ocrx_word' id='word_1_155' title='bbox 2938 1541 2947 1546; x_wconf 78' lang='grc'><em>“</em></span> 
     </span>
    </p>
   </div>
   <div class='ocr_carea' id='block_1_4' title="bbox 499 1621 2925 4421">
    <p class='ocr_par' dir='ltr' id='par_1_5' title="bbox 499 1621 2907 1999">
     <span class='ocr_line' id='line_1_16' title="bbox 499 1621 2903 1701; baseline 0.001 -22"><span class='ocrx_word' id='word_1_156' title='bbox 499 1621 676 1682; x_wconf 89' lang='lat' dir='ltr'><strong>iidem</strong></span> <span class='ocrx_word' id='word_1_157' title='bbox 709 1624 924 1699; x_wconf 78' lang='lat' dir='ltr'><strong>Sancti,</strong></span> <span class='ocrx_word' id='word_1_158' title='bbox 955 1625 1056 1701; x_wconf 89' lang='lat' dir='ltr'><strong>qui</strong></span> <span class='ocrx_word' id='word_1_159' title='bbox 1101 1625 1418 1684; x_wconf 89' lang='lat' dir='ltr'><strong>certissime</strong></span> <span class='ocrx_word' id='word_1_160' title='bbox 1461 1625 1573 1684; x_wconf 89' lang='lat' dir='ltr'><strong>sibi</strong></span> <span class='ocrx_word' id='word_1_161' title='bbox 1613 1623 1901 1701; x_wconf 87' lang='lat' dir='ltr'><strong>spondent</strong></span> <span class='ocrx_word' id='word_1_162' title='bbox 1928 1624 2310 1683; x_wconf 79' lang='lat' dir='ltr'><strong>constantiam</strong></span> <span class='ocrx_word' id='word_1_163' title='bbox 2350 1625 2412 1681; x_wconf 94' lang='lat' dir='ltr'><strong>in</strong></span> <span class='ocrx_word' id='word_1_164' title='bbox 2439 1623 2553 1698; x_wconf 82' lang='lat' dir='ltr'><strong>via,</strong></span> <span class='ocrx_word' id='word_1_165' title='bbox 2584 1631 2643 1681; x_wconf 91' lang='lat' dir='ltr'><strong>et</strong></span> <span class='ocrx_word' id='word_1_166' title='bbox 2683 1621 2903 1681; x_wconf 79' lang='lat' dir='ltr'><strong>fruitio-</strong></span> 
     </span>
     <span class='ocr_line' id='line_1_17' title="bbox 499 1701 2907 1784; baseline -0 -24"><span class='ocrx_word' id='word_1_167' title='bbox 499 1721 633 1760; x_wconf 88' lang='lat' dir='ltr'><strong>nem</strong></span> <span class='ocrx_word' id='word_1_168' title='bbox 661 1703 722 1760; x_wconf 90' lang='lat' dir='ltr'><strong>in</strong></span> <span class='ocrx_word' id='word_1_169' title='bbox 748 1705 950 1780; x_wconf 81' lang='lat' dir='ltr'><strong>patria,</strong></span> <span class='ocrx_word' id='word_1_170' title='bbox 982 1724 1100 1763; x_wconf 89' lang='lat' dir='ltr'><strong>non</strong></span> <span class='ocrx_word' id='word_1_171' title='bbox 1127 1703 1554 1784; x_wconf 64' lang='lat' dir='ltr'><strong>desinuntj&#39;esse</strong></span> <span class='ocrx_word' id='word_1_172' title='bbox 1585 1704 1819 1764; x_wconf 83' lang='lat' dir='ltr'><strong>solliciti</strong></span> <span class='ocrx_word' id='word_1_173' title='bbox 1858 1704 1931 1763; x_wconf 90' lang='lat' dir='ltr'><strong>de</strong></span> <span class='ocrx_word' id='word_1_174' title='bbox 1974 1705 2159 1764; x_wconf 87' lang='lat' dir='ltr'><strong>salute</strong></span> <span class='ocrx_word' id='word_1_175' title='bbox 2202 1723 2323 1780; x_wconf 88' lang='lat' dir='ltr'><strong>sua,</strong></span> <span class='ocrx_word' id='word_1_176' title='bbox 2368 1702 2507 1781; x_wconf 89' lang='lat' dir='ltr'><strong>quia</strong></span> <span class='ocrx_word' id='word_1_177' title='bbox 2543 1709 2758 1760; x_wconf 90' lang='lat' dir='ltr'><strong>norunt</strong></span> <span class='ocrx_word' id='word_1_178' title='bbox 2795 1701 2907 1759; x_wconf 91' lang='lat' dir='ltr'><strong>hoc</strong></span> 
     </span>
     <span class='ocr_line' id='line_1_18' title="bbox 500 1782 2907 1861; baseline -0 -21"><span class='ocrx_word' id='word_1_179' title='bbox 500 1801 619 1840; x_wconf 89' lang='lat' dir='ltr'><strong>non</strong></span> <span class='ocrx_word' id='word_1_180' title='bbox 662 1802 832 1859; x_wconf 88' lang='lat' dir='ltr'><strong>posse</strong></span> <span class='ocrx_word' id='word_1_181' title='bbox 875 1784 1136 1861; x_wconf 83' lang='lat' dir='ltr'><strong>praestari</strong></span> <span class='ocrx_word' id='word_1_182' title='bbox 1185 1784 1308 1844; x_wconf 88' lang='lat' dir='ltr'><strong>sine</strong></span> <span class='ocrx_word' id='word_1_183' title='bbox 1363 1784 1719 1844; x_wconf 86' lang='lat' dir='ltr'><strong>intermediis</strong></span> <span class='ocrx_word' id='word_1_184' title='bbox 1762 1785 2083 1844; x_wconf 86' lang='lat' dir='ltr'><strong>sanctitatis</strong></span> <span class='ocrx_word' id='word_1_185' title='bbox 2127 1782 2345 1858; x_wconf 87' lang='lat' dir='ltr'><strong>officiis,</strong></span> <span class='ocrx_word' id='word_1_186' title='bbox 2404 1789 2463 1843; x_wconf 88' lang='lat' dir='ltr'><strong>et</strong></span> <span class='ocrx_word' id='word_1_187' title='bbox 2518 1783 2907 1859; x_wconf 88' lang='lat' dir='ltr'><strong>oppositorum</strong></span> 
     </span>
     <span class='ocr_line' id='line_1_19' title="bbox 503 1861 2906 1999; baseline 0 -80"><span class='ocrx_word' id='word_1_188' title='bbox 503 1861 659 1999; x_wconf 53' lang='lat' dir='ltr'><strong>{ngas</strong></span> <span class='ocrx_word' id='word_1_189' title='bbox 697 1865 724 1919; x_wconf 95' lang='grc'>1</span> <span class='ocrx_word' id='word_1_190' title='bbox 758 1862 800 1922; x_wconf 87' lang='lat' dir='ltr'><strong>J</strong></span> <span class='ocrx_word' id='word_1_191' title='bbox 805 1864 934 1922; x_wconf 88' lang='lat' dir='ltr'><strong>oha.</strong></span> <span class='ocrx_word' id='word_1_192' title='bbox 962 1863 1044 1922; x_wconf 89' lang='lat' dir='ltr'><strong>iii.</strong></span> <span class='ocrx_word' id='word_1_193' title='bbox 1076 1867 1132 1923; x_wconf 90' lang='lat'><strong>3.</strong></span> <span class='ocrx_word' id='word_1_194' title='bbox 1169 1865 1288 1932; x_wconf 75' lang='lat' dir='ltr'><strong>Qui</strong></span> <span class='ocrx_word' id='word_1_195' title='bbox 1309 1867 1473 1924; x_wconf 74' lang='lat' dir='ltr'><strong>habet</strong></span> <span class='ocrx_word' id='word_1_196' title='bbox 1509 1867 1656 1924; x_wconf 74' lang='lat' dir='ltr'><strong>hanc</strong></span> <span class='ocrx_word' id='word_1_197' title='bbox 1680 1883 1834 1940; x_wconf 75' lang='lat' dir='ltr'><strong>spem</strong></span> <span class='ocrx_word' id='word_1_198' title='bbox 1859 1884 1917 1923; x_wconf 80' lang='lat' dir='ltr'><strong>sc</strong></span> <span class='ocrx_word' id='word_1_199' title='bbox 1946 1865 2223 1944; x_wconf 62' lang='lat' dir='ltr'><strong>pur-{ficut</strong></span> <span class='ocrx_word' id='word_1_200' title='bbox 2241 1889 2265 1936; x_wconf 88' lang='lat'><strong>‚·</strong></span> <span class='ocrx_word' id='word_1_201' title='bbox 2306 1862 2443 1922; x_wconf 83' lang='lat' dir='ltr'><strong>vide</strong></span> <span class='ocrx_word' id='word_1_202' title='bbox 2474 1865 2504 1921; x_wconf 93' lang='lat'>1</span> <span class='ocrx_word' id='word_1_203' title='bbox 2538 1863 2668 1921; x_wconf 85' lang='lat' dir='ltr'><strong>Cor.</strong></span> <span class='ocrx_word' id='word_1_204' title='bbox 2696 1862 2778 1920; x_wconf 86' lang='lat' dir='ltr'><strong>ix.</strong></span> <span class='ocrx_word' id='word_1_205' title='bbox 2808 1863 2906 1935; x_wconf 81' lang='lat'><strong>26,</strong></span> 
     </span>
    </p>

    <p class='ocr_par' dir='ltr' id='par_1_6' title="bbox 602 1942 2237 2016">
     <span class='ocr_line' id='line_1_20' title="bbox 602 1942 2237 2016; baseline 0.001 -16"><span class='ocrx_word' id='word_1_206' title='bbox 602 1942 614 1955; x_wconf 93' lang='lat'>&#39;</span> <span class='ocrx_word' id='word_1_207' title='bbox 646 1985 660 2000; x_wconf 87' lang='lat'><strong>.</strong></span> <span class='ocrx_word' id='word_1_208' title='bbox 691 1942 770 2000; x_wconf 88' lang='lat' dir='ltr'><strong>iii.</strong></span> <span class='ocrx_word' id='word_1_209' title='bbox 807 1946 898 2002; x_wconf 85' lang='lat'><strong>14.</strong></span> <span class='ocrx_word' id='word_1_210' title='bbox 2218 1997 2237 2016; x_wconf 75' lang='lat'><strong>,</strong></span> 
     </span>
    </p>

    <p class='ocr_par' dir='ltr' id='par_1_7' title="bbox 504 2021 2919 3201">
     <span class='ocr_line' id='line_1_21' title="bbox 588 2021 2908 2102; baseline -0 -23"><span class='ocrx_word' id='word_1_211' title='bbox 588 2021 811 2081; x_wconf 90' lang='lat' dir='ltr'>XXII.</span> <span class='ocrx_word' id='word_1_212' title='bbox 859 2022 1032 2084; x_wconf 87' lang='lat' dir='ltr'><strong>Unde</strong></span> <span class='ocrx_word' id='word_1_213' title='bbox 1079 2032 1238 2100; x_wconf 89' lang='lat' dir='ltr'><strong>patet</strong></span> <span class='ocrx_word' id='word_1_214' title='bbox 1285 2043 1458 2102; x_wconf 90' lang='lat' dir='ltr'><strong>quam</strong></span> <span class='ocrx_word' id='word_1_215' title='bbox 1501 2024 1681 2102; x_wconf 86' lang='lat' dir='ltr'><strong>impia</strong></span> <span class='ocrx_word' id='word_1_216' title='bbox 1726 2024 1801 2083; x_wconf 88' lang='lat' dir='ltr'><strong>sit</strong></span> <span class='ocrx_word' id='word_1_217' title='bbox 1843 2024 2214 2101; x_wconf 89' lang='lat' dir='ltr'><strong>profanorum</strong></span> <span class='ocrx_word' id='word_1_218' title='bbox 2261 2022 2640 2097; x_wconf 78' lang='lat' dir='ltr'><strong>ratiocinatiO,</strong></span> <span class='ocrx_word' id='word_1_219' title='bbox 2690 2021 2793 2098; x_wconf 92' lang='lat' dir='ltr'><strong>qui</strong></span> <span class='ocrx_word' id='word_1_220' title='bbox 2833 2041 2908 2080; x_wconf 84' lang='lat' dir='ltr'><strong>ex</strong></span> 
     </span>
     <span class='ocr_line' id='line_1_22' title="bbox 505 2101 2907 2182; baseline 0 -22"><span class='ocrx_word' id='word_1_221' title='bbox 505 2101 825 2162; x_wconf 86' lang='lat' dir='ltr'><strong>Electionis</strong></span> <span class='ocrx_word' id='word_1_222' title='bbox 863 2103 1212 2163; x_wconf 88' lang='lat' dir='ltr'><strong>certitudine</strong></span> <span class='ocrx_word' id='word_1_223' title='bbox 1254 2105 1497 2164; x_wconf 84' lang='lat' dir='ltr'><strong>salutem</strong></span> <span class='ocrx_word' id='word_1_224' title='bbox 1541 2124 1705 2164; x_wconf 88' lang='lat' dir='ltr'><strong>suam</strong></span> <span class='ocrx_word' id='word_1_225' title='bbox 1733 2112 1941 2182; x_wconf 87' lang='lat' dir='ltr'><strong>putant</strong></span> <span class='ocrx_word' id='word_1_226' title='bbox 1980 2123 2108 2163; x_wconf 89' lang='lat' dir='ltr'><strong>esse</strong></span> <span class='ocrx_word' id='word_1_227' title='bbox 2150 2105 2211 2162; x_wconf 90' lang='lat' dir='ltr'><strong>in</strong></span> <span class='ocrx_word' id='word_1_228' title='bbox 2236 2111 2365 2162; x_wconf 91' lang='lat' dir='ltr'><strong>tuto</strong></span> <span class='ocrx_word' id='word_1_229' title='bbox 2392 2101 2907 2181; x_wconf 86' lang='lat' dir='ltr'><strong>quomodocunque</strong></span> 
     </span>
     <span class='ocr_line' id='line_1_23' title="bbox 504 2181 2912 2262; baseline 0 -24"><span class='ocrx_word' id='word_1_230' title='bbox 504 2181 726 2240; x_wconf 81' lang='lat' dir='ltr'><strong>vivant.</strong></span> <span class='ocrx_word' id='word_1_231' title='bbox 812 2183 961 2257; x_wconf 87' lang='lat' dir='ltr'><strong>Quia</strong></span> <span class='ocrx_word' id='word_1_232' title='bbox 986 2183 1082 2242; x_wconf 88' lang='lat' dir='ltr'><strong>hic</strong></span> <span class='ocrx_word' id='word_1_233' title='bbox 1111 2183 1452 2244; x_wconf 82' lang='lat' dir='ltr'><strong>dividuntur</strong></span> <span class='ocrx_word' id='word_1_234' title='bbox 1477 2183 1902 2262; x_wconf 82' lang='lat' dir='ltr'><strong>conjungenda,</strong></span> <span class='ocrx_word' id='word_1_235' title='bbox 1932 2183 2065 2242; x_wconf 88' lang='lat' dir='ltr'><strong>finis</strong></span> <span class='ocrx_word' id='word_1_236' title='bbox 2106 2203 2142 2242; x_wconf 98' lang='lat' dir='ltr'><strong>a</strong></span> <span class='ocrx_word' id='word_1_237' title='bbox 2168 2182 2390 2258; x_wconf 88' lang='lat' dir='ltr'><strong>mediis,</strong></span> <span class='ocrx_word' id='word_1_238' title='bbox 2424 2182 2580 2242; x_wconf 85' lang='lat' dir='ltr'><strong>salus</strong></span> <span class='ocrx_word' id='word_1_239' title='bbox 2615 2182 2836 2240; x_wconf 87' lang='lat' dir='ltr'><strong>scilicet</strong></span> <span class='ocrx_word' id='word_1_240' title='bbox 2876 2201 2912 2239; x_wconf 88' lang='lat' dir='ltr'><strong>a</strong></span> 
     </span>
     <span class='ocr_line' id='line_1_24' title="bbox 505 2260 2908 2342; baseline 0 -24"><span class='ocrx_word' id='word_1_241' title='bbox 505 2260 620 2320; x_wconf 89' lang='lat' dir='ltr'><strong>fide</strong></span> <span class='ocrx_word' id='word_1_242' title='bbox 647 2269 706 2321; x_wconf 90' lang='lat' dir='ltr'><strong>et</strong></span> <span class='ocrx_word' id='word_1_243' title='bbox 735 2263 1054 2339; x_wconf 85' lang='lat' dir='ltr'><strong>sanctitate,</strong></span> <span class='ocrx_word' id='word_1_244' title='bbox 1079 2272 1138 2322; x_wconf 89' lang='lat' dir='ltr'><strong>et</strong></span> <span class='ocrx_word' id='word_1_245' title='bbox 1165 2265 1295 2342; x_wconf 86' lang='lat' dir='ltr'><strong>conj</strong></span> <span class='ocrx_word' id='word_1_246' title='bbox 1303 2272 1600 2342; x_wconf 87' lang='lat' dir='ltr'><strong>unguntur</strong></span> <span class='ocrx_word' id='word_1_247' title='bbox 1628 2262 1959 2340; x_wconf 86' lang='lat' dir='ltr'><strong>dividenda,</strong></span> <span class='ocrx_word' id='word_1_248' title='bbox 1980 2263 2188 2323; x_wconf 85' lang='lat' dir='ltr'><strong>vitium</strong></span> <span class='ocrx_word' id='word_1_249' title='bbox 2218 2263 2438 2322; x_wconf 89' lang='lat' dir='ltr'><strong>scilicet</strong></span> <span class='ocrx_word' id='word_1_250' title='bbox 2464 2281 2597 2322; x_wconf 92' lang='lat' dir='ltr'><strong>cum</strong></span> <span class='ocrx_word' id='word_1_251' title='bbox 2618 2261 2908 2335; x_wconf 88' lang='lat' dir='ltr'><strong>felicitate,</strong></span> 
     </span>
     <span class='ocr_line' id='line_1_25' title="bbox 505 2339 2913 2422; baseline -0 -23"><span class='ocrx_word' id='word_1_252' title='bbox 505 2340 722 2400; x_wconf 88' lang='lat' dir='ltr'><strong>malum</strong></span> <span class='ocrx_word' id='word_1_253' title='bbox 767 2343 1020 2402; x_wconf 90' lang='lat' dir='ltr'><strong>ethicum</strong></span> <span class='ocrx_word' id='word_1_254' title='bbox 1065 2363 1198 2402; x_wconf 90' lang='lat' dir='ltr'><strong>cum</strong></span> <span class='ocrx_word' id='word_1_255' title='bbox 1225 2344 1378 2404; x_wconf 91' lang='lat' dir='ltr'><strong>bono</strong></span> <span class='ocrx_word' id='word_1_256' title='bbox 1421 2344 1706 2422; x_wconf 87' lang='lat' dir='ltr'><strong>physico:</strong></span> <span class='ocrx_word' id='word_1_257' title='bbox 1765 2344 1859 2402; x_wconf 84' lang='lat' dir='ltr'><strong>Ita</strong></span> <span class='ocrx_word' id='word_1_258' title='bbox 1902 2344 2055 2402; x_wconf 90' lang='lat' dir='ltr'><strong>enim</strong></span> <span class='ocrx_word' id='word_1_259' title='bbox 2101 2363 2177 2402; x_wconf 81' lang='lat' dir='ltr'><strong>ex</strong></span> <span class='ocrx_word' id='word_1_260' title='bbox 2217 2343 2517 2402; x_wconf 85' lang='lat' dir='ltr'><strong>electionis</strong></span> <span class='ocrx_word' id='word_1_261' title='bbox 2557 2341 2789 2401; x_wconf 89' lang='lat' dir='ltr'><strong>decreto</strong></span> <span class='ocrx_word' id='word_1_262' title='bbox 2836 2339 2913 2399; x_wconf 92' lang='lat' dir='ltr'><strong>ad</strong></span> 
     </span>
     <span class='ocr_line' id='line_1_26' title="bbox 507 2420 2914 2502; baseline 0 -24"><span class='ocrx_word' id='word_1_263' title='bbox 507 2420 679 2480; x_wconf 87' lang='lat' dir='ltr'><strong>finem</strong></span> <span class='ocrx_word' id='word_1_264' title='bbox 708 2422 1190 2498; x_wconf 79' lang='lat' dir='ltr'><strong>praedestinantur</strong></span> <span class='ocrx_word' id='word_1_265' title='bbox 1213 2424 1432 2499; x_wconf 88' lang='lat' dir='ltr'><strong>fideles,</strong></span> <span class='ocrx_word' id='word_1_266' title='bbox 1455 2433 1523 2482; x_wconf 91' lang='lat' dir='ltr'><strong>ut</strong></span> <span class='ocrx_word' id='word_1_267' title='bbox 1542 2443 1661 2481; x_wconf 91' lang='lat' dir='ltr'><strong>non</strong></span> <span class='ocrx_word' id='word_1_268' title='bbox 1688 2423 1857 2482; x_wconf 89' lang='lat' dir='ltr'><strong>aliter</strong></span> <span class='ocrx_word' id='word_1_269' title='bbox 1882 2443 2056 2501; x_wconf 88' lang='lat' dir='ltr'><strong>quam</strong></span> <span class='ocrx_word' id='word_1_270' title='bbox 2084 2443 2187 2502; x_wconf 90' lang='lat' dir='ltr'><strong>per</strong></span> <span class='ocrx_word' id='word_1_271' title='bbox 2213 2423 2405 2482; x_wconf 89' lang='lat' dir='ltr'><strong>media</strong></span> <span class='ocrx_word' id='word_1_272' title='bbox 2430 2443 2466 2481; x_wconf 88' lang='lat' dir='ltr'><strong>a</strong></span> <span class='ocrx_word' id='word_1_273' title='bbox 2495 2423 2621 2482; x_wconf 90' lang='lat' dir='ltr'><strong>Deo</strong></span> <span class='ocrx_word' id='word_1_274' title='bbox 2649 2420 2914 2481; x_wconf 86' lang='lat' dir='ltr'><strong>instituta</strong></span> 
     </span>
     <span class='ocr_line' id='line_1_27' title="bbox 507 2500 2911 2581; baseline 0 -22"><span class='ocrx_word' id='word_1_275' title='bbox 507 2500 584 2559; x_wconf 88' lang='lat' dir='ltr'><strong>ad</strong></span> <span class='ocrx_word' id='word_1_276' title='bbox 611 2500 858 2560; x_wconf 89' lang='lat' dir='ltr'><strong>eundem</strong></span> <span class='ocrx_word' id='word_1_277' title='bbox 896 2502 1298 2580; x_wconf 81' lang='lat' dir='ltr'><strong>perducantur.</strong></span> <span class='ocrx_word' id='word_1_278' title='bbox 1361 2503 1641 2579; x_wconf 84' lang='lat' dir='ltr'><strong>Quamvis</strong></span> <span class='ocrx_word' id='word_1_279' title='bbox 1669 2523 1809 2581; x_wconf 84' lang='lat' dir='ltr'><strong>ergo</strong></span> <span class='ocrx_word' id='word_1_280' title='bbox 1848 2523 2050 2562; x_wconf 82' lang='lat' dir='ltr'><strong>verum</strong></span> <span class='ocrx_word' id='word_1_281' title='bbox 2078 2503 2153 2564; x_wconf 89' lang='lat' dir='ltr'><strong>sit</strong></span> <span class='ocrx_word' id='word_1_282' title='bbox 2180 2503 2497 2580; x_wconf 90' lang='lat' dir='ltr'><strong>quemlibet</strong></span> <span class='ocrx_word' id='word_1_283' title='bbox 2523 2503 2771 2561; x_wconf 89' lang='lat' dir='ltr'><strong>electum</strong></span> <span class='ocrx_word' id='word_1_284' title='bbox 2801 2501 2911 2560; x_wconf 87' lang='lat' dir='ltr'><strong>sal-</strong></span> 
     </span>
     <span class='ocr_line' id='line_1_28' title="bbox 509 2580 2911 2661; baseline 0 -22"><span class='ocrx_word' id='word_1_285' title='bbox 509 2580 766 2639; x_wconf 84' lang='lat' dir='ltr'><strong>vandum</strong></span> <span class='ocrx_word' id='word_1_286' title='bbox 794 2601 923 2641; x_wconf 88' lang='lat' dir='ltr'><strong>esse</strong></span> <span class='ocrx_word' id='word_1_287' title='bbox 965 2583 1308 2660; x_wconf 86' lang='lat' dir='ltr'><strong>necessario,</strong></span> <span class='ocrx_word' id='word_1_288' title='bbox 1339 2583 1711 2643; x_wconf 85' lang='lat' dir='ltr'><strong>falsissimum</strong></span> <span class='ocrx_word' id='word_1_289' title='bbox 1739 2592 1933 2644; x_wconf 84' lang='lat' dir='ltr'><strong>tamen</strong></span> <span class='ocrx_word' id='word_1_290' title='bbox 1975 2591 2065 2643; x_wconf 87' lang='lat' dir='ltr'><strong>est</strong></span> <span class='ocrx_word' id='word_1_291' title='bbox 2090 2583 2300 2661; x_wconf 86' lang='lat' dir='ltr'><strong>quovis</strong></span> <span class='ocrx_word' id='word_1_292' title='bbox 2341 2581 2530 2659; x_wconf 84' lang='lat' dir='ltr'><strong>mode,</strong></span> <span class='ocrx_word' id='word_1_293' title='bbox 2562 2590 2661 2641; x_wconf 89' lang='lat' dir='ltr'><strong>aut</strong></span> <span class='ocrx_word' id='word_1_294' title='bbox 2702 2600 2911 2659; x_wconf 87' lang='lat' dir='ltr'><strong>suppo-</strong></span> 
     </span>
     <span class='ocr_line' id='line_1_29' title="bbox 507 2661 2916 2741; baseline 0 -22"><span class='ocrx_word' id='word_1_295' title='bbox 507 2661 620 2720; x_wconf 89' lang='lat' dir='ltr'><strong>sito</strong></span> <span class='ocrx_word' id='word_1_296' title='bbox 647 2662 857 2738; x_wconf 90' lang='lat' dir='ltr'><strong>quovis</strong></span> <span class='ocrx_word' id='word_1_297' title='bbox 897 2682 1052 2737; x_wconf 83' lang='lat' dir='ltr'><strong>casu,</strong></span> <span class='ocrx_word' id='word_1_298' title='bbox 1097 2663 1324 2723; x_wconf 86' lang='lat' dir='ltr'><strong>salvum</strong></span> <span class='ocrx_word' id='word_1_299' title='bbox 1352 2664 1506 2741; x_wconf 81' lang='lat' dir='ltr'><strong>fore3</strong></span> <span class='ocrx_word' id='word_1_300' title='bbox 1551 2684 1685 2722; x_wconf 90' lang='lat' dir='ltr'><strong>nam</strong></span> <span class='ocrx_word' id='word_1_301' title='bbox 1716 2665 1844 2723; x_wconf 87' lang='lat' dir='ltr'><strong>Deo</strong></span> <span class='ocrx_word' id='word_1_302' title='bbox 1885 2663 2120 2741; x_wconf 90' lang='lat' dir='ltr'><strong>quidem</strong></span> <span class='ocrx_word' id='word_1_303' title='bbox 2148 2663 2510 2739; x_wconf 85' lang='lat' dir='ltr'><strong>decernente,</strong></span> <span class='ocrx_word' id='word_1_304' title='bbox 2556 2670 2712 2722; x_wconf 86' lang='lat' dir='ltr'><strong>certa</strong></span> <span class='ocrx_word' id='word_1_305' title='bbox 2739 2672 2829 2721; x_wconf 87' lang='lat' dir='ltr'><strong>est</strong></span> <span class='ocrx_word' id='word_1_306' title='bbox 2856 2669 2916 2720; x_wconf 84' lang='lat' dir='ltr'><strong>et</strong></span> 
     </span>
     <span class='ocr_line' id='line_1_30' title="bbox 508 2740 2914 2821; baseline 0 -23"><span class='ocrx_word' id='word_1_307' title='bbox 508 2740 676 2799; x_wconf 89' lang='lat' dir='ltr'><strong>firma</strong></span> <span class='ocrx_word' id='word_1_308' title='bbox 705 2740 862 2800; x_wconf 86' lang='lat' dir='ltr'><strong>salus</strong></span> <span class='ocrx_word' id='word_1_309' title='bbox 889 2742 1219 2819; x_wconf 88' lang='lat' dir='ltr'><strong>electorum,</strong></span> <span class='ocrx_word' id='word_1_310' title='bbox 1266 2745 1369 2804; x_wconf 88' lang='lat' dir='ltr'><strong>sed</strong></span> <span class='ocrx_word' id='word_1_311' title='bbox 1410 2744 1612 2803; x_wconf 91' lang='lat' dir='ltr'><strong>eodem</strong></span> <span class='ocrx_word' id='word_1_312' title='bbox 1645 2745 1771 2803; x_wconf 91' lang='lat' dir='ltr'><strong>Deo</strong></span> <span class='ocrx_word' id='word_1_313' title='bbox 1800 2744 2161 2819; x_wconf 87' lang='lat' dir='ltr'><strong>decernente,</strong></span> <span class='ocrx_word' id='word_1_314' title='bbox 2192 2742 2423 2802; x_wconf 90' lang='lat' dir='ltr'><strong>nonnisi</strong></span> <span class='ocrx_word' id='word_1_315' title='bbox 2463 2761 2567 2821; x_wconf 89' lang='lat' dir='ltr'><strong>per</strong></span> <span class='ocrx_word' id='word_1_316' title='bbox 2594 2742 2749 2800; x_wconf 88' lang='lat' dir='ltr'><strong>viam</strong></span> <span class='ocrx_word' id='word_1_317' title='bbox 2776 2740 2914 2800; x_wconf 90' lang='lat' dir='ltr'><strong>fidei</strong></span> 
     </span>
     <span class='ocr_line' id='line_1_31' title="bbox 507 2820 2918 2901; baseline 0.001 -23"><span class='ocrx_word' id='word_1_318' title='bbox 507 2828 568 2879; x_wconf 93' lang='lat' dir='ltr'><strong>et</strong></span> <span class='ocrx_word' id='word_1_319' title='bbox 598 2820 919 2881; x_wconf 88' lang='lat' dir='ltr'><strong>sanctitatis</strong></span> <span class='ocrx_word' id='word_1_320' title='bbox 947 2830 1104 2881; x_wconf 86' lang='lat' dir='ltr'><strong>certa</strong></span> <span class='ocrx_word' id='word_1_321' title='bbox 1131 2831 1236 2899; x_wconf 88' lang='lat' dir='ltr'><strong>est,</strong></span> <span class='ocrx_word' id='word_1_322' title='bbox 1267 2825 1404 2901; x_wconf 82' lang='lat' dir='ltr'><strong>quia</strong></span> <span class='ocrx_word' id='word_1_323' title='bbox 1429 2826 1634 2901; x_wconf 75' lang='lat' dir='ltr'><strong>absque</strong></span> <span class='ocrx_word' id='word_1_324' title='bbox 1660 2825 1953 2883; x_wconf 71' lang='lat' dir='ltr'><strong>sanctitate</strong></span> <span class='ocrx_word' id='word_1_325' title='bbox 1979 2843 2137 2883; x_wconf 85' lang='lat' dir='ltr'><strong>nemo</strong></span> <span class='ocrx_word' id='word_1_326' title='bbox 2163 2824 2366 2883; x_wconf 75' lang='lat' dir='ltr'><strong>videbit</strong></span> <span class='ocrx_word' id='word_1_327' title='bbox 2389 2825 2593 2898; x_wconf 76' lang='lat' dir='ltr'><strong>Deum,</strong></span> <span class='ocrx_word' id='word_1_328' title='bbox 2627 2822 2781 2881; x_wconf 90' lang='lat' dir='ltr'><strong>Heb.</strong></span> <span class='ocrx_word' id='word_1_329' title='bbox 2812 2822 2918 2881; x_wconf 80' lang='lat' dir='ltr'><strong>xii.</strong></span> 
     </span>
     <span class='ocr_line' id='line_1_32' title="bbox 513 2900 2919 2980; baseline 0 -22"><span class='ocrx_word' id='word_1_330' title='bbox 513 2903 605 2959; x_wconf 87' lang='grc'><strong>14.</strong></span> <span class='ocrx_word' id='word_1_331' title='bbox 661 2901 740 2959; x_wconf 90' lang='lat' dir='ltr'><strong>Et</strong></span> <span class='ocrx_word' id='word_1_332' title='bbox 756 2921 930 2978; x_wconf 85' lang='lat' dir='ltr'><strong>quam</strong></span> <span class='ocrx_word' id='word_1_333' title='bbox 958 2904 1345 2962; x_wconf 87' lang='lat' dir='ltr'><strong>necessarium</strong></span> <span class='ocrx_word' id='word_1_334' title='bbox 1373 2912 1462 2964; x_wconf 87' lang='lat' dir='ltr'><strong>est</strong></span> <span class='ocrx_word' id='word_1_335' title='bbox 1488 2905 1735 2963; x_wconf 86' lang='lat' dir='ltr'><strong>electum</strong></span> <span class='ocrx_word' id='word_1_336' title='bbox 1764 2903 1993 2980; x_wconf 86' lang='lat' dir='ltr'><strong>salvari,</strong></span> <span class='ocrx_word' id='word_1_337' title='bbox 2023 2912 2143 2963; x_wconf 87' lang='lat' dir='ltr'><strong>tam</strong></span> <span class='ocrx_word' id='word_1_338' title='bbox 2171 2903 2559 2963; x_wconf 87' lang='lat' dir='ltr'><strong>necessarium</strong></span> <span class='ocrx_word' id='word_1_339' title='bbox 2586 2909 2675 2962; x_wconf 88' lang='lat' dir='ltr'><strong>est</strong></span> <span class='ocrx_word' id='word_1_340' title='bbox 2704 2900 2919 2961; x_wconf 82' lang='lat' dir='ltr'><strong>salvari</strong></span> 
     </span>
     <span class='ocr_line' id='line_1_33' title="bbox 509 2980 2915 3061; baseline 0 -23"><span class='ocrx_word' id='word_1_341' title='bbox 509 2981 618 3039; x_wconf 90' lang='lat' dir='ltr'><strong>hac</strong></span> <span class='ocrx_word' id='word_1_342' title='bbox 647 2980 746 3039; x_wconf 85' lang='lat' dir='ltr'><strong>via</strong></span> <span class='ocrx_word' id='word_1_343' title='bbox 773 2990 834 3040; x_wconf 89' lang='lat' dir='ltr'><strong>et</strong></span> <span class='ocrx_word' id='word_1_344' title='bbox 860 2981 1078 3041; x_wconf 86' lang='lat' dir='ltr'><strong>ordine.</strong></span> <span class='ocrx_word' id='word_1_345' title='bbox 1131 2983 1210 3042; x_wconf 91' lang='lat' dir='ltr'><strong>Et</strong></span> <span class='ocrx_word' id='word_1_346' title='bbox 1238 2984 1613 3043; x_wconf 89' lang='lat' dir='ltr'><strong>contradictio</strong></span> <span class='ocrx_word' id='word_1_347' title='bbox 1642 2993 1732 3043; x_wconf 89' lang='lat' dir='ltr'><strong>est</strong></span> <span class='ocrx_word' id='word_1_348' title='bbox 1760 2984 1820 3042; x_wconf 90' lang='lat' dir='ltr'><strong>in</strong></span> <span class='ocrx_word' id='word_1_349' title='bbox 1846 2983 2075 3061; x_wconf 88' lang='lat' dir='ltr'><strong>adjecto</strong></span> <span class='ocrx_word' id='word_1_350' title='bbox 2105 2983 2295 3043; x_wconf 85' lang='lat' dir='ltr'><strong>dicere</strong></span> <span class='ocrx_word' id='word_1_351' title='bbox 2326 2982 2591 3043; x_wconf 88' lang='lat' dir='ltr'><strong>Electum</strong></span> <span class='ocrx_word' id='word_1_352' title='bbox 2624 2990 2915 3041; x_wconf 84' lang='lat' dir='ltr'><strong>servatum</strong></span> 
     </span>
     <span class='ocr_line' id='line_1_34' title="bbox 509 3059 2914 3141; baseline 0.001 -24"><span class='ocrx_word' id='word_1_353' title='bbox 509 3060 598 3137; x_wconf 91' lang='lat' dir='ltr'><strong>iri,</strong></span> <span class='ocrx_word' id='word_1_354' title='bbox 629 3059 768 3121; x_wconf 91' lang='lat' dir='ltr'><strong>licet</strong></span> <span class='ocrx_word' id='word_1_355' title='bbox 796 3062 1269 3140; x_wconf 81' lang='lat' dir='ltr'><strong>impoenitentem,</strong></span> <span class='ocrx_word' id='word_1_356' title='bbox 1301 3065 1438 3141; x_wconf 85' lang='lat' dir='ltr'><strong>quia</strong></span> <span class='ocrx_word' id='word_1_357' title='bbox 1463 3084 1580 3122; x_wconf 93' lang='lat' dir='ltr'><strong>non</strong></span> <span class='ocrx_word' id='word_1_358' title='bbox 1607 3064 1779 3123; x_wconf 92' lang='lat' dir='ltr'><strong>modo</strong></span> <span class='ocrx_word' id='word_1_359' title='bbox 1808 3064 2027 3124; x_wconf 87' lang='lat' dir='ltr'><strong>electus</strong></span> <span class='ocrx_word' id='word_1_360' title='bbox 2068 3073 2157 3124; x_wconf 91' lang='lat' dir='ltr'><strong>est</strong></span> <span class='ocrx_word' id='word_1_361' title='bbox 2198 3063 2273 3123; x_wconf 89' lang='lat' dir='ltr'><strong>ad</strong></span> <span class='ocrx_word' id='word_1_362' title='bbox 2302 3064 2563 3138; x_wconf 85' lang='lat' dir='ltr'><strong>salutem,</strong></span> <span class='ocrx_word' id='word_1_363' title='bbox 2596 3062 2700 3121; x_wconf 90' lang='lat' dir='ltr'><strong>sed</strong></span> <span class='ocrx_word' id='word_1_364' title='bbox 2740 3070 2800 3121; x_wconf 91' lang='lat' dir='ltr'><strong>et</strong></span> <span class='ocrx_word' id='word_1_365' title='bbox 2840 3060 2914 3120; x_wconf 88' lang='lat' dir='ltr'><strong>ad</strong></span> 
     </span>
     <span class='ocr_line' id='line_1_35' title="bbox 509 3141 894 3201; baseline 0.003 -2"><span class='ocrx_word' id='word_1_366' title='bbox 509 3141 894 3201; x_wconf 86' lang='lat' dir='ltr'><strong>sanctitatem.</strong></span> 
     </span>
    </p>

    <p class='ocr_par' dir='ltr' id='par_1_8' title="bbox 503 3220 2925 4421">
     <span class='ocr_line' id='line_1_36' title="bbox 592 3220 2916 3301; baseline 0.002 -24"><span class='ocrx_word' id='word_1_367' title='bbox 592 3220 852 3279; x_wconf 81' lang='lat' dir='ltr'><strong>XXIII.</strong></span> <span class='ocrx_word' id='word_1_368' title='bbox 897 3221 1084 3282; x_wconf 86' lang='lat' dir='ltr'><strong>Aliud</strong></span> <span class='ocrx_word' id='word_1_369' title='bbox 1125 3232 1215 3282; x_wconf 87' lang='lat' dir='ltr'><strong>est</strong></span> <span class='ocrx_word' id='word_1_370' title='bbox 1249 3224 1464 3301; x_wconf 83' lang='lat' dir='ltr'><strong>privari</strong></span> <span class='ocrx_word' id='word_1_371' title='bbox 1501 3224 1633 3300; x_wconf 90' lang='lat' dir='ltr'><strong>jure</strong></span> <span class='ocrx_word' id='word_1_372' title='bbox 1675 3224 1841 3301; x_wconf 87' lang='lat' dir='ltr'><strong>regni</strong></span> <span class='ocrx_word' id='word_1_373' title='bbox 1869 3224 2235 3299; x_wconf 58' lang='lat' dir='ltr'><strong>demeritorie,</strong></span> <span class='ocrx_word' id='word_1_374' title='bbox 2268 3223 2427 3283; x_wconf 90' lang='lat' dir='ltr'><strong>aliud</strong></span> <span class='ocrx_word' id='word_1_375' title='bbox 2464 3240 2603 3281; x_wconf 87' lang='lat' dir='ltr'><strong>vero</strong></span> <span class='ocrx_word' id='word_1_376' title='bbox 2631 3222 2872 3297; x_wconf 59' lang='lat' dir='ltr'><strong>effective</strong></span> <span class='ocrx_word' id='word_1_377' title='bbox 2892 3246 2916 3294; x_wconf 82' lang='lat'><strong>‚-</strong></span> 
     </span>
     <span class='ocr_line' id='line_1_37' title="bbox 509 3299 2915 3382; baseline 0.001 -25"><span class='ocrx_word' id='word_1_378' title='bbox 509 3299 744 3360; x_wconf 87' lang='lat' dir='ltr'><strong>Fideles</strong></span> <span class='ocrx_word' id='word_1_379' title='bbox 771 3320 950 3378; x_wconf 89' lang='lat' dir='ltr'><strong>quum</strong></span> <span class='ocrx_word' id='word_1_380' title='bbox 977 3313 1234 3380; x_wconf 85' lang='lat' dir='ltr'><strong>peccant,</strong></span> <span class='ocrx_word' id='word_1_381' title='bbox 1265 3303 1543 3363; x_wconf 85' lang='lat' dir='ltr'><strong>excidunt</strong></span> <span class='ocrx_word' id='word_1_382' title='bbox 1562 3306 1695 3382; x_wconf 90' lang='lat' dir='ltr'><strong>jure</strong></span> <span class='ocrx_word' id='word_1_383' title='bbox 1722 3304 1888 3381; x_wconf 88' lang='lat' dir='ltr'><strong>regni</strong></span> <span class='ocrx_word' id='word_1_384' title='bbox 1916 3304 2109 3381; x_wconf 90' lang='lat' dir='ltr'><strong>quoad</strong></span> <span class='ocrx_word' id='word_1_385' title='bbox 2126 3304 2483 3378; x_wconf 88' lang='lat' dir='ltr'><strong>demeritum,</strong></span> <span class='ocrx_word' id='word_1_386' title='bbox 2505 3302 2607 3361; x_wconf 89' lang='lat' dir='ltr'><strong>sed</strong></span> <span class='ocrx_word' id='word_1_387' title='bbox 2623 3323 2741 3361; x_wconf 90' lang='lat' dir='ltr'><strong>non</strong></span> <span class='ocrx_word' id='word_1_388' title='bbox 2767 3303 2915 3379; x_wconf 87' lang='lat' dir='ltr'><strong>pari·</strong></span> 
     </span>
     <span class='ocr_line' id='line_1_38' title="bbox 507 3379 2915 3461; baseline 0.001 -24"><span class='ocrx_word' id='word_1_389' title='bbox 507 3388 598 3438; x_wconf 87' lang='lat' dir='ltr'><strong>ter</strong></span> <span class='ocrx_word' id='word_1_390' title='bbox 624 3379 698 3439; x_wconf 89' lang='lat' dir='ltr'><strong>de</strong></span> <span class='ocrx_word' id='word_1_391' title='bbox 733 3380 887 3441; x_wconf 84' lang='lat' dir='ltr'><strong>facto</strong></span> <span class='ocrx_word' id='word_1_392' title='bbox 913 3404 926 3458; x_wconf 90' lang='lat'>;</span> <span class='ocrx_word' id='word_1_393' title='bbox 984 3382 1046 3441; x_wconf 90' lang='lat' dir='ltr'><strong>id</strong></span> <span class='ocrx_word' id='word_1_394' title='bbox 1088 3392 1178 3443; x_wconf 88' lang='lat' dir='ltr'><strong>est</strong></span> <span class='ocrx_word' id='word_1_395' title='bbox 1203 3384 1410 3443; x_wconf 88' lang='lat' dir='ltr'><strong>merito</strong></span> <span class='ocrx_word' id='word_1_396' title='bbox 1452 3404 1555 3443; x_wconf 87' lang='lat' dir='ltr'><strong>suo</strong></span> <span class='ocrx_word' id='word_1_397' title='bbox 1584 3383 1819 3461; x_wconf 90' lang='lat' dir='ltr'><strong>quidem</strong></span> <span class='ocrx_word' id='word_1_398' title='bbox 1862 3392 1997 3443; x_wconf 90' lang='lat' dir='ltr'><strong>sunt</strong></span> <span class='ocrx_word' id='word_1_399' title='bbox 2037 3383 2366 3459; x_wconf 86' lang='lat' dir='ltr'><strong>damnandi,</strong></span> <span class='ocrx_word' id='word_1_400' title='bbox 2400 3382 2504 3441; x_wconf 87' lang='lat' dir='ltr'><strong>sed</strong></span> <span class='ocrx_word' id='word_1_401' title='bbox 2528 3382 2694 3441; x_wconf 89' lang='lat' dir='ltr'><strong>firmo</strong></span> <span class='ocrx_word' id='word_1_402' title='bbox 2722 3390 2915 3441; x_wconf 82' lang='lat' dir='ltr'><strong>tamen</strong></span> 
     </span>
     <span class='ocr_line' id='line_1_39' title="bbox 510 3460 2917 3541; baseline 0 -22"><span class='ocrx_word' id='word_1_403' title='bbox 510 3460 624 3519; x_wconf 89' lang='lat' dir='ltr'><strong>Dei</strong></span> <span class='ocrx_word' id='word_1_404' title='bbox 642 3462 939 3539; x_wconf 87' lang='lat' dir='ltr'><strong>proposito</strong></span> <span class='ocrx_word' id='word_1_405' title='bbox 967 3471 1104 3523; x_wconf 90' lang='lat' dir='ltr'><strong>sunt</strong></span> <span class='ocrx_word' id='word_1_406' title='bbox 1128 3463 1486 3523; x_wconf 84' lang='lat' dir='ltr'><strong>absolvendi.</strong></span> <span class='ocrx_word' id='word_1_407' title='bbox 1535 3464 1709 3524; x_wconf 90' lang='lat' dir='ltr'><strong>Unde</strong></span> <span class='ocrx_word' id='word_1_408' title='bbox 1730 3465 1855 3523; x_wconf 83' lang='lat' dir='ltr'><strong>istae</strong></span> <span class='ocrx_word' id='word_1_409' title='bbox 1877 3464 2008 3523; x_wconf 80' lang='lat' dir='ltr'><strong>duae</strong></span> <span class='ocrx_word' id='word_1_410' title='bbox 2024 3463 2447 3541; x_wconf 86' lang='lat' dir='ltr'><strong>propositiones</strong></span> <span class='ocrx_word' id='word_1_411' title='bbox 2474 3470 2718 3540; x_wconf 85' lang='lat' dir='ltr'><strong>possunt</strong></span> <span class='ocrx_word' id='word_1_412' title='bbox 2744 3461 2917 3521; x_wconf 90' lang='lat' dir='ltr'><strong>simul</strong></span> 
     </span>
     <span class='ocr_line' id='line_1_40' title="bbox 509 3540 2921 3621; baseline 0 -23"><span class='ocrx_word' id='word_1_413' title='bbox 509 3540 862 3619; x_wconf 88' lang='lat' dir='ltr'><strong>consistere;</strong></span> <span class='ocrx_word' id='word_1_414' title='bbox 925 3543 1290 3621; x_wconf 85' lang='lat' dir='ltr'><strong>Impossibile</strong></span> <span class='ocrx_word' id='word_1_415' title='bbox 1335 3552 1440 3619; x_wconf 88' lang='lat' dir='ltr'><strong>est,</strong></span> <span class='ocrx_word' id='word_1_416' title='bbox 1473 3552 1538 3603; x_wconf 91' lang='lat' dir='ltr'><strong>ut</strong></span> <span class='ocrx_word' id='word_1_417' title='bbox 1568 3544 1763 3602; x_wconf 85' lang='lat' dir='ltr'><strong>David</strong></span> <span class='ocrx_word' id='word_1_418' title='bbox 1804 3543 2025 3603; x_wconf 89' lang='lat' dir='ltr'><strong>electus</strong></span> <span class='ocrx_word' id='word_1_419' title='bbox 2064 3552 2278 3621; x_wconf 91' lang='lat' dir='ltr'><strong>pereat,</strong></span> <span class='ocrx_word' id='word_1_420' title='bbox 2325 3542 2693 3619; x_wconf 85' lang='lat' dir='ltr'><strong>Impossibile</strong></span> <span class='ocrx_word' id='word_1_421' title='bbox 2735 3548 2826 3600; x_wconf 89' lang='lat' dir='ltr'><strong>est</strong></span> <span class='ocrx_word' id='word_1_422' title='bbox 2854 3549 2921 3600; x_wconf 89' lang='lat' dir='ltr'><strong>ut</strong></span> 
     </span>
     <span class='ocr_line' id='line_1_41' title="bbox 509 3620 2917 3701; baseline 0 -23"><span class='ocrx_word' id='word_1_423' title='bbox 509 3620 705 3679; x_wconf 86' lang='lat' dir='ltr'><strong>David</strong></span> <span class='ocrx_word' id='word_1_424' title='bbox 730 3622 960 3681; x_wconf 88' lang='lat' dir='ltr'><strong>adulter</strong></span> <span class='ocrx_word' id='word_1_425' title='bbox 985 3633 1044 3683; x_wconf 90' lang='lat' dir='ltr'><strong>et</strong></span> <span class='ocrx_word' id='word_1_426' title='bbox 1070 3623 1132 3682; x_wconf 91' lang='lat' dir='ltr'><strong>in</strong></span> <span class='ocrx_word' id='word_1_427' title='bbox 1158 3624 1442 3683; x_wconf 89' lang='lat' dir='ltr'><strong>adulterio</strong></span> <span class='ocrx_word' id='word_1_428' title='bbox 1469 3642 1846 3701; x_wconf 85' lang='lat' dir='ltr'><strong>perseverans</strong></span> <span class='ocrx_word' id='word_1_429' title='bbox 1874 3633 2153 3683; x_wconf 87' lang='lat' dir='ltr'><strong>servetur.</strong></span> <span class='ocrx_word' id='word_1_430' title='bbox 2202 3622 2317 3682; x_wconf 90' lang='lat' dir='ltr'><strong>Sed</strong></span> <span class='ocrx_word' id='word_1_431' title='bbox 2344 3621 2559 3681; x_wconf 91' lang='lat' dir='ltr'><strong>nodum</strong></span> <span class='ocrx_word' id='word_1_432' title='bbox 2586 3622 2743 3681; x_wconf 90' lang='lat' dir='ltr'><strong>hunc</strong></span> <span class='ocrx_word' id='word_1_433' title='bbox 2769 3621 2917 3679; x_wconf 84' lang='lat' dir='ltr'><strong>divi-</strong></span> 
     </span>
     <span class='ocr_line' id='line_1_42' title="bbox 506 3700 2920 3783; baseline 0 -24"><span class='ocrx_word' id='word_1_434' title='bbox 506 3720 583 3759; x_wconf 88' lang='lat' dir='ltr'><strong>na</strong></span> <span class='ocrx_word' id='word_1_435' title='bbox 629 3702 1023 3762; x_wconf 83' lang='lat' dir='ltr'><strong>misericordia</strong></span> <span class='ocrx_word' id='word_1_436' title='bbox 1067 3713 1125 3764; x_wconf 91' lang='lat' dir='ltr'><strong>et</strong></span> <span class='ocrx_word' id='word_1_437' title='bbox 1171 3702 1538 3783; x_wconf 85' lang='lat' dir='ltr'><strong>providentia</strong></span> <span class='ocrx_word' id='word_1_438' title='bbox 1581 3704 1775 3778; x_wconf 88' lang='lat' dir='ltr'><strong>solvit,</strong></span> <span class='ocrx_word' id='word_1_439' title='bbox 1820 3704 2094 3779; x_wconf 88' lang='lat' dir='ltr'><strong>curando,</strong></span> <span class='ocrx_word' id='word_1_440' title='bbox 2141 3713 2207 3763; x_wconf 91' lang='lat' dir='ltr'><strong>ut</strong></span> <span class='ocrx_word' id='word_1_441' title='bbox 2247 3724 2365 3762; x_wconf 92' lang='lat' dir='ltr'><strong>non</strong></span> <span class='ocrx_word' id='word_1_442' title='bbox 2408 3702 2687 3761; x_wconf 88' lang='lat' dir='ltr'><strong>moriatur</strong></span> <span class='ocrx_word' id='word_1_443' title='bbox 2720 3701 2783 3759; x_wconf 88' lang='lat' dir='ltr'><strong>in</strong></span> <span class='ocrx_word' id='word_1_444' title='bbox 2816 3700 2920 3760; x_wconf 83' lang='lat' dir='ltr'><strong>illo</strong></span> 
     </span>
     <span class='ocr_line' id='line_1_43' title="bbox 503 3780 2921 3859; baseline 0 -20"><span class='ocrx_word' id='word_1_445' title='bbox 503 3789 682 3856; x_wconf 85' lang='lat' dir='ltr'><strong>statu,</strong></span> <span class='ocrx_word' id='word_1_446' title='bbox 733 3782 794 3840; x_wconf 89' lang='lat' dir='ltr'><strong>in</strong></span> <span class='ocrx_word' id='word_1_447' title='bbox 835 3802 950 3859; x_wconf 92' lang='lat' dir='ltr'><strong>quo</strong></span> <span class='ocrx_word' id='word_1_448' title='bbox 997 3804 1033 3843; x_wconf 89' lang='lat' dir='ltr'><strong>a</strong></span> <span class='ocrx_word' id='word_1_449' title='bbox 1079 3783 1204 3844; x_wconf 80' lang='lat' dir='ltr'><strong>vita</strong></span> <span class='ocrx_word' id='word_1_450' title='bbox 1246 3792 1461 3843; x_wconf 71' lang='lat' dir='ltr'><strong>aeterna</strong></span> <span class='ocrx_word' id='word_1_451' title='bbox 1503 3784 1925 3859; x_wconf 81' lang='lat' dir='ltr'><strong>excluderetur,</strong></span> <span class='ocrx_word' id='word_1_452' title='bbox 1974 3783 2077 3842; x_wconf 89' lang='lat' dir='ltr'><strong>sed</strong></span> <span class='ocrx_word' id='word_1_453' title='bbox 2124 3792 2191 3842; x_wconf 92' lang='lat' dir='ltr'><strong>ut</strong></span> <span class='ocrx_word' id='word_1_454' title='bbox 2234 3792 2367 3843; x_wconf 88' lang='lat' dir='ltr'><strong>ante</strong></span> <span class='ocrx_word' id='word_1_455' title='bbox 2394 3782 2533 3841; x_wconf 75' lang='lat' dir='ltr'><strong>vitae</strong></span> <span class='ocrx_word' id='word_1_456' title='bbox 2576 3782 2800 3841; x_wconf 87' lang='lat' dir='ltr'><strong>exitum</strong></span> <span class='ocrx_word' id='word_1_457' title='bbox 2846 3780 2921 3840; x_wconf 87' lang='lat' dir='ltr'><strong>ad</strong></span> 
     </span>
     <span class='ocr_line' id='line_1_44' title="bbox 506 3861 2918 3941; baseline 0 -23"><span class='ocrx_word' id='word_1_458' title='bbox 506 3861 922 3937; x_wconf 84' lang='lat' dir='ltr'><strong>poenitentiam,</strong></span> <span class='ocrx_word' id='word_1_459' title='bbox 952 3870 1226 3941; x_wconf 86' lang='lat' dir='ltr'><strong>tanquam</strong></span> <span class='ocrx_word' id='word_1_460' title='bbox 1255 3863 1330 3922; x_wconf 88' lang='lat' dir='ltr'><strong>ad</strong></span> <span class='ocrx_word' id='word_1_461' title='bbox 1357 3864 1562 3923; x_wconf 83' lang='lat' dir='ltr'><strong>salutis</strong></span> <span class='ocrx_word' id='word_1_462' title='bbox 1589 3865 1745 3922; x_wconf 86' lang='lat' dir='ltr'><strong>viam</strong></span> <span class='ocrx_word' id='word_1_463' title='bbox 1773 3872 2093 3924; x_wconf 79' lang='lat' dir='ltr'><strong>revocetur.</strong></span> <span class='ocrx_word' id='word_1_464' title='bbox 2146 3862 2426 3938; x_wconf 85' lang='lat' dir='ltr'><strong>Quamvis</strong></span> <span class='ocrx_word' id='word_1_465' title='bbox 2454 3882 2595 3939; x_wconf 86' lang='lat' dir='ltr'><strong>ergo</strong></span> <span class='ocrx_word' id='word_1_466' title='bbox 2622 3862 2685 3920; x_wconf 89' lang='lat' dir='ltr'><strong>in</strong></span> <span class='ocrx_word' id='word_1_467' title='bbox 2712 3862 2918 3921; x_wconf 89' lang='lat' dir='ltr'><strong>atroci-</strong></span> 
     </span>
     <span class='ocr_line' id='line_1_45' title="bbox 507 3939 2915 4020; baseline 0 -22"><span class='ocrx_word' id='word_1_468' title='bbox 507 3939 620 3998; x_wconf 89' lang='lat' dir='ltr'><strong>bus</strong></span> <span class='ocrx_word' id='word_1_469' title='bbox 643 3942 914 4017; x_wconf 88' lang='lat' dir='ltr'><strong>peccatis,</strong></span> <span class='ocrx_word' id='word_1_470' title='bbox 937 3942 1140 4002; x_wconf 87' lang='lat' dir='ltr'><strong>fideles</strong></span> <span class='ocrx_word' id='word_1_471' title='bbox 1165 3953 1389 4003; x_wconf 89' lang='lat' dir='ltr'><strong>reatum</strong></span> <span class='ocrx_word' id='word_1_472' title='bbox 1420 3942 1809 4002; x_wconf 86' lang='lat' dir='ltr'><strong>damnabilem</strong></span> <span class='ocrx_word' id='word_1_473' title='bbox 1839 3944 2196 4018; x_wconf 85' lang='lat' dir='ltr'><strong>contrahant,</strong></span> <span class='ocrx_word' id='word_1_474' title='bbox 2227 3949 2286 4003; x_wconf 86' lang='lat' dir='ltr'><strong>et</strong></span> <span class='ocrx_word' id='word_1_475' title='bbox 2312 3950 2655 4020; x_wconf 70' lang='lat' dir='ltr'><strong>praesentem</strong></span> <span class='ocrx_word' id='word_1_476' title='bbox 2683 3940 2763 4000; x_wconf 87' lang='lat' dir='ltr'><strong>ad</strong></span> <span class='ocrx_word' id='word_1_477' title='bbox 2789 3960 2915 4018; x_wconf 90' lang='lat' dir='ltr'><strong>reg-</strong></span> 
     </span>
     <span class='ocr_line' id='line_1_46' title="bbox 509 4018 2925 4099; baseline 0.002 -24"><span class='ocrx_word' id='word_1_478' title='bbox 509 4038 648 4076; x_wconf 90' lang='lat' dir='ltr'><strong>num</strong></span> <span class='ocrx_word' id='word_1_479' title='bbox 677 4018 953 4077; x_wconf 86' lang='lat' dir='ltr'><strong>coelorum</strong></span> <span class='ocrx_word' id='word_1_480' title='bbox 981 4022 1362 4099; x_wconf 87' lang='lat' dir='ltr'><strong>aptitudinem</strong></span> <span class='ocrx_word' id='word_1_481' title='bbox 1383 4022 1667 4098; x_wconf 88' lang='lat' dir='ltr'><strong>amittant,</strong></span> <span class='ocrx_word' id='word_1_482' title='bbox 1692 4022 1829 4099; x_wconf 89' lang='lat' dir='ltr'><strong>quia</strong></span> <span class='ocrx_word' id='word_1_483' title='bbox 1848 4032 2041 4083; x_wconf 89' lang='lat' dir='ltr'><strong>tamen</strong></span> <span class='ocrx_word' id='word_1_484' title='bbox 2069 4031 2233 4083; x_wconf 90' lang='lat' dir='ltr'><strong>actus</strong></span> <span class='ocrx_word' id='word_1_485' title='bbox 2258 4022 2510 4081; x_wconf 87' lang='lat' dir='ltr'><strong>hominis</strong></span> <span class='ocrx_word' id='word_1_486' title='bbox 2535 4041 2654 4080; x_wconf 88' lang='lat' dir='ltr'><strong>non</strong></span> <span class='ocrx_word' id='word_1_487' title='bbox 2681 4028 2925 4099; x_wconf 83' lang='lat' dir='ltr'><strong>possunt</strong></span> 
     </span>
     <span class='ocr_line' id='line_1_47' title="bbox 509 4098 2919 4181; baseline 0.002 -26"><span class='ocrx_word' id='word_1_488' title='bbox 509 4104 677 4156; x_wconf 87' lang='lat' dir='ltr'><strong>actus</strong></span> <span class='ocrx_word' id='word_1_489' title='bbox 703 4098 934 4157; x_wconf 86' lang='lat' dir='ltr'><strong>divinos</strong></span> <span class='ocrx_word' id='word_1_490' title='bbox 961 4100 1286 4161; x_wconf 89' lang='lat' dir='ltr'><strong>rescindere</strong></span> <span class='ocrx_word' id='word_1_491' title='bbox 1308 4125 1323 4177; x_wconf 83' lang='lat'>3</span> <span class='ocrx_word' id='word_1_492' title='bbox 1370 4102 1502 4160; x_wconf 90' lang='lat' dir='ltr'><strong>Non</strong></span> <span class='ocrx_word' id='word_1_493' title='bbox 1529 4110 1835 4179; x_wconf 88' lang='lat' dir='ltr'><strong>propterea</strong></span> <span class='ocrx_word' id='word_1_494' title='bbox 1861 4102 1957 4161; x_wconf 83' lang='lat' dir='ltr'><strong>vel</strong></span> <span class='ocrx_word' id='word_1_495' title='bbox 1986 4102 2311 4181; x_wconf 88' lang='lat' dir='ltr'><strong>adoptionis</strong></span> <span class='ocrx_word' id='word_1_496' title='bbox 2340 4110 2525 4161; x_wconf 85' lang='lat' dir='ltr'><strong>status</strong></span> <span class='ocrx_word' id='word_1_497' title='bbox 2554 4101 2919 4175; x_wconf 82' lang='lat' dir='ltr'><strong>convellitur,</strong></span> 
     </span>
     <span class='ocr_line' id='line_1_48' title="bbox 513 4176 2921 4261; baseline 0.002 -27"><span class='ocrx_word' id='word_1_498' title='bbox 513 4176 610 4235; x_wconf 83' lang='lat' dir='ltr'><strong>vel</strong></span> <span class='ocrx_word' id='word_1_499' title='bbox 631 4176 732 4254; x_wconf 87' lang='lat' dir='ltr'><strong>jus</strong></span> <span class='ocrx_word' id='word_1_500' title='bbox 759 4177 836 4236; x_wconf 90' lang='lat' dir='ltr'><strong>ad</strong></span> <span class='ocrx_word' id='word_1_501' title='bbox 862 4198 1104 4257; x_wconf 85' lang='lat' dir='ltr'><strong>regnum</strong></span> <span class='ocrx_word' id='word_1_502' title='bbox 1134 4181 1411 4240; x_wconf 86' lang='lat' dir='ltr'><strong>coelorum</strong></span> <span class='ocrx_word' id='word_1_503' title='bbox 1440 4180 1713 4257; x_wconf 87' lang='lat' dir='ltr'><strong>aufertur,</strong></span> <span class='ocrx_word' id='word_1_504' title='bbox 1743 4182 1901 4259; x_wconf 88' lang='lat' dir='ltr'><strong>quod</strong></span> <span class='ocrx_word' id='word_1_505' title='bbox 1940 4184 2195 4261; x_wconf 84' lang='lat' dir='ltr'><strong>gratuita</strong></span> <span class='ocrx_word' id='word_1_506' title='bbox 2224 4182 2336 4242; x_wconf 90' lang='lat' dir='ltr'><strong>Dei</strong></span> <span class='ocrx_word' id='word_1_507' title='bbox 2366 4181 2661 4241; x_wconf 89' lang='lat' dir='ltr'><strong>-electione</strong></span> <span class='ocrx_word' id='word_1_508' title='bbox 2702 4181 2921 4255; x_wconf 88' lang='lat' dir='ltr'><strong>nititur,</strong></span> 
     </span>
     <span class='ocr_line' id='line_1_49' title="bbox 513 4257 2924 4341; baseline 0.002 -27"><span class='ocrx_word' id='word_1_509' title='bbox 513 4264 573 4315; x_wconf 87' lang='lat' dir='ltr'><strong>et</strong></span> <span class='ocrx_word' id='word_1_510' title='bbox 615 4257 820 4317; x_wconf 90' lang='lat' dir='ltr'><strong>merito</strong></span> <span class='ocrx_word' id='word_1_511' title='bbox 851 4258 1066 4319; x_wconf 87' lang='lat' dir='ltr'><strong>Christi</strong></span> <span class='ocrx_word' id='word_1_512' title='bbox 1115 4260 1296 4338; x_wconf 88' lang='lat' dir='ltr'><strong>ipsius</strong></span> <span class='ocrx_word' id='word_1_513' title='bbox 1343 4268 1572 4338; x_wconf 88' lang='lat' dir='ltr'><strong>partum</strong></span> <span class='ocrx_word' id='word_1_514' title='bbox 1614 4270 1741 4338; x_wconf 80' lang='lat' dir='ltr'><strong>est3</strong></span> <span class='ocrx_word' id='word_1_515' title='bbox 1801 4262 1924 4322; x_wconf 88' lang='lat' dir='ltr'><strong>Nec</strong></span> <span class='ocrx_word' id='word_1_516' title='bbox 1965 4282 2129 4323; x_wconf 86' lang='lat' dir='ltr'><strong>amor</strong></span> <span class='ocrx_word' id='word_1_517' title='bbox 2168 4262 2433 4341; x_wconf 83' lang='lat' dir='ltr'><strong>specialis</strong></span> <span class='ocrx_word' id='word_1_518' title='bbox 2474 4282 2590 4339; x_wconf 93' lang='lat' dir='ltr'><strong>quo</strong></span> <span class='ocrx_word' id='word_1_519' title='bbox 2633 4282 2733 4322; x_wconf 88' lang='lat' dir='ltr'><strong>eos</strong></span> <span class='ocrx_word' id='word_1_520' title='bbox 2763 4261 2924 4320; x_wconf 88' lang='lat' dir='ltr'><strong>Deus</strong></span> 
     </span>
     <span class='ocr_line' id='line_1_50' title="bbox 512 4338 2923 4421; baseline 0.001 -27"><span class='ocrx_word' id='word_1_521' title='bbox 512 4338 895 4416; x_wconf 86' lang='lat' dir='ltr'><strong>prosequitur,</strong></span> <span class='ocrx_word' id='word_1_522' title='bbox 920 4339 1138 4416; x_wconf 86' lang='lat' dir='ltr'><strong>patitur</strong></span> <span class='ocrx_word' id='word_1_523' title='bbox 1163 4348 1229 4400; x_wconf 91' lang='lat' dir='ltr'><strong>ut</strong></span> <span class='ocrx_word' id='word_1_524' title='bbox 1249 4341 1310 4399; x_wconf 88' lang='lat' dir='ltr'><strong>in</strong></span> <span class='ocrx_word' id='word_1_525' title='bbox 1337 4342 1526 4400; x_wconf 67' lang='lat' dir='ltr'><strong>odium</strong></span> <span class='ocrx_word' id='word_1_526' title='bbox 1553 4342 1747 4401; x_wconf 74' lang='lat' dir='ltr'><strong>hostile</strong></span> <span class='ocrx_word' id='word_1_527' title='bbox 1772 4342 2083 4419; x_wconf 86' lang='lat' dir='ltr'><strong>incurrant,</strong></span> <span class='ocrx_word' id='word_1_528' title='bbox 2108 4342 2267 4421; x_wconf 88' lang='lat' dir='ltr'><strong>quod</strong></span> <span class='ocrx_word' id='word_1_529' title='bbox 2293 4362 2424 4405; x_wconf 89' lang='lat' dir='ltr'><strong>cum</strong></span> <span class='ocrx_word' id='word_1_530' title='bbox 2444 4342 2743 4420; x_wconf 86' lang='lat' dir='ltr'><strong>proposito</strong></span> <span class='ocrx_word' id='word_1_531' title='bbox 2765 4341 2923 4400; x_wconf 90' lang='lat' dir='ltr'><strong>dam·</strong></span> 
     </span>
    </p>
   </div>
   <div class='ocr_carea' id='block_1_5' title="bbox 512 4416 2977 4500">
    <p class='ocr_par' dir='ltr' id='par_1_9' title="bbox 512 4416 2977 4500">
     <span class='ocr_line' id='line_1_51' title="bbox 512 4416 2977 4500; baseline 0.001 -25"><span class='ocrx_word' id='word_1_532' title='bbox 512 4416 691 4475; x_wconf 90' lang='lat' dir='ltr'><strong>nandi</strong></span> <span class='ocrx_word' id='word_1_533' title='bbox 734 4418 1106 4495; x_wconf 89' lang='lat' dir='ltr'><strong>conjunctum</strong></span> <span class='ocrx_word' id='word_1_534' title='bbox 1151 4429 1255 4497; x_wconf 87' lang='lat' dir='ltr'><strong>est,</strong></span> <span class='ocrx_word' id='word_1_535' title='bbox 1302 4421 1438 4481; x_wconf 87' lang='lat' dir='ltr'><strong>licet</strong></span> <span class='ocrx_word' id='word_1_536' title='bbox 1481 4441 1598 4481; x_wconf 89' lang='lat' dir='ltr'><strong>non</strong></span> <span class='ocrx_word' id='word_1_537' title='bbox 1647 4422 1925 4500; x_wconf 86' lang='lat' dir='ltr'><strong>impediat</strong></span> <span class='ocrx_word' id='word_1_538' title='bbox 1966 4430 2263 4500; x_wconf 87' lang='lat' dir='ltr'><strong>paternam</strong></span> <span class='ocrx_word' id='word_1_539' title='bbox 2313 4423 2425 4482; x_wconf 88' lang='lat' dir='ltr'><strong>Dei</strong></span> <span class='ocrx_word' id='word_1_540' title='bbox 2466 4421 2923 4500; x_wconf 83' lang='lat' dir='ltr'><strong>indignationem</strong></span> <span class='ocrx_word' id='word_1_541' title='bbox 2974 4426 2977 4429; x_wconf 80' lang='grc'><strong><em>’</em></strong></span> 
     </span>
    </p>
   </div>
   <div class='ocr_carea' id='block_1_6' title="bbox 513 4498 2025 4580">
    <p class='ocr_par' dir='ltr' id='par_1_10' title="bbox 513 4498 2025 4580">
     <span class='ocr_line' id='line_1_52' title="bbox 513 4498 2025 4580; baseline 0.003 -23"><span class='ocrx_word' id='word_1_542' title='bbox 513 4505 714 4557; x_wconf 89' lang='lat' dir='ltr'><strong>contra</strong></span> <span class='ocrx_word' id='word_1_543' title='bbox 739 4498 892 4558; x_wconf 87' lang='lat' dir='ltr'><strong>filios</strong></span> <span class='ocrx_word' id='word_1_544' title='bbox 920 4500 1180 4575; x_wconf 87' lang='lat' dir='ltr'><strong>rebelles,</strong></span> <span class='ocrx_word' id='word_1_545' title='bbox 1211 4511 1276 4561; x_wconf 91' lang='lat' dir='ltr'><strong>ut</strong></span> <span class='ocrx_word' id='word_1_546' title='bbox 1305 4521 1404 4561; x_wconf 91' lang='lat' dir='ltr'><strong>eos</strong></span> <span class='ocrx_word' id='word_1_547' title='bbox 1432 4522 1467 4561; x_wconf 88' lang='lat' dir='ltr'><strong>a</strong></span> <span class='ocrx_word' id='word_1_548' title='bbox 1493 4502 1747 4580; x_wconf 87' lang='lat' dir='ltr'><strong>peccatis</strong></span> <span class='ocrx_word' id='word_1_549' title='bbox 1774 4511 2025 4562; x_wconf 83' lang='lat' dir='ltr'><strong>revocet.</strong></span> 
     </span>
    </p>
   </div>
   <div class='ocr_carea' id='block_1_7' title="bbox 515 4577 2925 4741">
    <p class='ocr_par' dir='ltr' id='par_1_11' title="bbox 515 4577 2925 4741">
     <span class='ocr_line' id='line_1_53' title="bbox 598 4577 2924 4659; baseline 0.002 -23"><span class='ocrx_word' id='word_1_550' title='bbox 598 4577 847 4639; x_wconf 87' lang='lat' dir='ltr'><strong>XXIV.</strong></span> <span class='ocrx_word' id='word_1_551' title='bbox 894 4579 1034 4639; x_wconf 86' lang='lat' dir='ltr'><strong>Alia</strong></span> <span class='ocrx_word' id='word_1_552' title='bbox 1073 4589 1162 4641; x_wconf 86' lang='lat' dir='ltr'><strong>est</strong></span> <span class='ocrx_word' id='word_1_553' title='bbox 1192 4583 1380 4641; x_wconf 79' lang='lat' dir='ltr'><strong>electio</strong></span> <span class='ocrx_word' id='word_1_554' title='bbox 1408 4585 1492 4641; x_wconf 85' lang='lat' dir='ltr'><strong>ad</strong></span> <span class='ocrx_word' id='word_1_555' title='bbox 1512 4584 1767 4658; x_wconf 77' lang='lat' dir='ltr'><strong>salutem,</strong></span> <span class='ocrx_word' id='word_1_556' title='bbox 1812 4582 1929 4641; x_wconf 87' lang='lat' dir='ltr'><strong>alia</strong></span> <span class='ocrx_word' id='word_1_557' title='bbox 1962 4582 2037 4641; x_wconf 89' lang='lat' dir='ltr'><strong>ad</strong></span> <span class='ocrx_word' id='word_1_558' title='bbox 2062 4584 2475 4659; x_wconf 75' lang='lat' dir='ltr'><strong>Apostolatum,</strong></span> <span class='ocrx_word' id='word_1_559' title='bbox 2508 4582 2611 4641; x_wconf 89' lang='lat' dir='ltr'><strong>illa</strong></span> <span class='ocrx_word' id='word_1_560' title='bbox 2638 4582 2924 4641; x_wconf 86' lang='lat' dir='ltr'><strong>irrevoca-</strong></span> 
     </span>
     <span class='ocr_line' id='line_1_54' title="bbox 515 4658 2925 4741; baseline 0.001 -25"><span class='ocrx_word' id='word_1_561' title='bbox 515 4658 651 4717; x_wconf 91' lang='lat' dir='ltr'><strong>bilis</strong></span> <span class='ocrx_word' id='word_1_562' title='bbox 680 4668 783 4736; x_wconf 88' lang='lat' dir='ltr'><strong>est,</strong></span> <span class='ocrx_word' id='word_1_563' title='bbox 811 4660 912 4720; x_wconf 87' lang='lat' dir='ltr'><strong>sed</strong></span> <span class='ocrx_word' id='word_1_564' title='bbox 930 4681 1046 4720; x_wconf 89' lang='lat' dir='ltr'><strong>non</strong></span> <span class='ocrx_word' id='word_1_565' title='bbox 1065 4662 1174 4722; x_wconf 83' lang='lat' dir='ltr'><strong>ista</strong></span> <span class='ocrx_word' id='word_1_566' title='bbox 1190 4686 1203 4739; x_wconf 88' lang='lat'><strong>;</strong></span> <span class='ocrx_word' id='word_1_567' title='bbox 1235 4664 1425 4723; x_wconf 76' lang='lat' dir='ltr'><strong>Judas</strong></span> <span class='ocrx_word' id='word_1_568' title='bbox 1444 4662 1658 4723; x_wconf 79' lang='lat' dir='ltr'><strong>Christi</strong></span> <span class='ocrx_word' id='word_1_569' title='bbox 1680 4662 1942 4741; x_wconf 83' lang='lat' dir='ltr'><strong>prodit-or</strong></span> <span class='ocrx_word' id='word_1_570' title='bbox 1958 4665 2156 4723; x_wconf 74' lang='lat' dir='ltr'><strong>electus</strong></span> <span class='ocrx_word' id='word_1_571' title='bbox 2174 4662 2385 4723; x_wconf 90' lang='lat' dir='ltr'><strong>dicitur</strong></span> <span class='ocrx_word' id='word_1_572' title='bbox 2402 4664 2477 4723; x_wconf 85' lang='lat' dir='ltr'><strong>ad</strong></span> <span class='ocrx_word' id='word_1_573' title='bbox 2497 4660 2925 4741; x_wconf 86' lang='lat' dir='ltr'><strong>Apostolatum,</strong></span> 
     </span>
    </p>
   </div>
   <div class='ocr_carea' id='block_1_8' title="bbox 3291 1105 3297 1408">
    <p class='ocr_par' dir='ltr' id='par_1_12' title="bbox 3291 1105 3297 1408">
     <span class='ocr_line' id='line_1_55' title="bbox 3291 1105 3297 1408; baseline 0 3817"><span class='ocrx_word' id='word_1_574' title='bbox 3291 1105 3297 1408; x_wconf 95' lang='lat' dir='ltr'><strong> </strong></span> 
     </span>
    </p>
   </div>
  </div>
 </body>
</html>
