3300 5225
360 378 593 430 onnes-r.
623 356 743 440 ιι]
1213 374 1293 418 ns
1320 376 1440 418 nso
1468 376 1606 435 mm,
1638 376 1716 418 m·
1743 373 1942 419 ramo,
2311 378 2315 383 ·
2653 364 2770 421 185

364 519 723 598 objectorum
762 524 1047 595 respectu,
1090 536 1223 595 quae
1268 518 1669 597 producuntur
1711 518 1960 578 diversis
2002 517 2375 596 temporibus,
2425 526 2487 579 et
2529 520 2606 579 ad
2647 539 2778 598 quae

364 600 621 661 actiones
648 600 777 676 ejus
802 599 1202 658 terminantur.
1909 660 1916 667 ,

450 678 631 738 XVI.
675 679 929 755 Tempus
970 686 1031 737 et
1070 678 1361 737 aeternitas
1400 698 1519 737 non
1560 698 1624 737 se
1667 677 1885 738 habent
1925 684 1993 736 ut
2032 696 2169 755 pars
2213 685 2273 737 et
2312 686 2515 754 totum,
2568 678 2672 738 sed
2714 688 2780 739 ut

370 760 591 838 species
618 758 939 817 durationis
974 758 1127 817 inter
1152 778 1215 817 se
1242 759 1539 836 oppositae.
1623 758 1950 817 AEternitas
1979 776 2204 834 semper
2230 757 2340 817 fuit
2366 766 2426 817 et
2451 758 2577 837 erit,
2608 759 2778 818 Tem-

368 860 479 918 pus
504 858 645 899 vero
670 858 779 898 nec
806 857 1033 917 semper
1058 837 1183 915 fuit,
1212 858 1321 897 nec
1350 856 1576 917 semper
1600 839 1728 915 erit,
1761 838 1865 898 sed
1891 857 2024 897 cum
2050 838 2268 898 mundo
2295 838 2538 898 desinet.

1300 1077 1689 1153 QUAESTIO
1729 1077 1852 1139 XI.

1190 1255 1271 1296 DE
1298 1255 1822 1297 IMMUTABILITATE
1851 1256 1972 1297 Dm.

376 1402 471 1459 An
496 1402 657 1458 Deus
683 1398 757 1457 sit
779 1396 1164 1472 Immutabilis,
1196 1406 1251 1455 et
1275 1400 1471 1475 quoad
1490 1399 1829 1474 Essentiam,
1867 1407 1922 1458 et
1945 1400 2140 1475 quoad
2173 1400 2522 1458 Voluntatem
2542 1400 2570 1458 ,²
2613 1396 2782 1461 Affir.

456 1559 510 1619 I.
551 1557 983 1618 Immutabt'litas
1024 1564 1114 1616 est
1153 1557 1497 1617 attributum
1525 1556 1638 1616 Dei
1679 1556 2236 1633 incommunicabile,
2279 1577 2396 1635 quo
2437 1566 2683 1635 negatur
2709 1558 2784 1616 de

380 1640 507 1698 Deo
548 1658 667 1697 non
710 1646 937 1697 tantum
976 1637 1165 1695 omnis
1208 1638 1469 1714 mutatio,
1517 1636 1622 1695 sed
1669 1636 1845 1695 etia'm
1886 1637 2241 1716 possibilitas
2281 1638 2633 1715 mutationiS,
2665 1646 2784 1696 tam

380 1718 572 1796 quoad
598 1718 983 1791 existentiam,
1015 1736 1187 1794 quam
1214 1716 1409 1794 quoad
1434 1718 1815 1776 voluntatem.

460 1797 547 1857 ΙΙ.
577 1797 751 1856 Hanc
773 1797 886 1855 Dei
915 1796 1453 1856 Immutabilitatem
1474 1796 1750 1856 vellicant
1776 1796 1952 1855 etiam
1975 1794 2334 1871 Adversarii,
2359 1797 2608 1855 maxime
2636 1815 2782 1871 eam,

378 1897 509 1956 quse
554 1879 707 1937 circa
752 1886 916 1936 actus
944 1876 1261 1936 voluntatis
1302 1884 1603 1936 versatur:
1644 1876 1730 1935 ita
1767 1884 1835 1935 ut
1878 1876 2038 1935 Deus
2078 1877 2263 1954 possit
2297 1877 2420 1953 jam
2449 1877 2602 1936 nolle
2631 1874 2789 1954 quod

380 1966 549 2017 antea
590 1957 793 2032 voluit,
824 1962 885 2015 et
920 1956 1073 2014 velle
1111 1975 1265 2015 nunc
1303 1956 1461 2033 quod
1500 1956 1663 2033 prius
1707 1955 1960 2014 nolebat.
2007 1957 2248 2015 Orellius
2279 1955 2352 2015 de
2383 1956 2532 2017 Reli.
2560 1956 2622 2015 li.
2654 1958 2691 2015 i.
2735 1977 2787 2016 c.

378 2038 504 2097 xxi.
534 2038 785 2096 Veratius
800 2036 1026 2096 Tracta.
1050 2035 1123 2094 de
1148 2036 1293 2095 Deo·
1352 2036 1475 2096 Nos
1503 2056 1633 2095 cum
1663 2034 2018 2095 orthodoxis
2046 2035 2432 2094 omnimodam
2460 2035 2788 2094 immutabi-

378 2118 607 2176 litatem
634 2116 722 2175 illi
748 2114 1114 2175 tribuendam
1142 2134 1459 2192 censemus,
1489 2123 1608 2174 tam
1638 2115 1832 2193 quoad
1871 2123 2135 2174 naturam
2162 2134 2336 2193 quam
2363 2116 2557 2192 quoad
2582 2116 2788 2173 volun-

382 2205 581 2257 tatem.

384 2301 539 2347 Deum
560 2315 665 2348 osse
694 2301 865 2347 imma·
988 2274 1111 2336 ΙΙΙ.
1158 2277 1213 2336 1.
1256 2274 1407 2350 Quia
1437 2274 1735 2353 Scriptura
1758 2276 1909 2333 hanc
1950 2292 2225 2351 expresse
2253 2275 2380 2333 Deo
2407 2272 2626 2350 tribuit,
2658 2272 2788 2332 Ma·

442 2360 647 2406 ubuum
694 2361 866 2419 ΝΟΜ·
907 2354 1015 2415 lac.
1036 2355 1117 2415 iii.
1140 2359 1199 2415 6.
1227 2358 1361 2433 Eyo
1386 2376 1509 2414 sum
1526 2357 1783 2415 Jelzovah
1810 2363 1865 2413 ct
1889 2375 2002 2413 non
2029 2363 2232 2413 mutor.
2294 2355 2391 2415 Ps.
2415 2354 2506 2413 cii.
2531 2356 2626 2413 26.
2651 2354 2794 2413 Goelz·

448 2423 550 2465 ²¹²¹·
894 2437 1177 2512 peribunt,
1212 2438 1301 2494 Tu
1328 2445 1513 2495 autem
1530 2454 1850 2511 permanes,
1883 2432 1991 2493 Sne.
2022 2435 2067 2494 J
2068 2454 2190 2493 aco,
2221 2435 2260 2495 i.
2294 2437 2386 2494 17.
2408 2436 2588 2511 Apud
2601 2436 2791 2491 Deum

382 2539 495 2577 non
522 2526 603 2576 est
627 2518 1036 2592 transmutatiO,
1066 2536 1167 2575 nec
1195 2516 1674 2575 transmutationis
1701 2515 2046 2574 obumbratio
2061 2538 2086 2587 ,·
2126 2514 2226 2574 ubi
2262 2534 2378 2573 non
2405 2514 2578 2573 modo
2607 2514 2679 2572 de
2719 2532 2792 2572 eo

384 2605 632 2676 negatur
656 2595 916 2670 mutatiO,
962 2596 1067 2655 sed
1092 2596 1267 2656 etiam
1292 2596 1878 2670 umbra-mutationiS,
1909 2604 1974 2654 ut
2003 2594 2086 2654 sic
2125 2604 2449 2673 opponatur
2481 2594 2604 2654 Soli
2643 2592 2793 2653 lucis

386 2697 673 2756 corporeae
694 2677 855 2753 fonti,
881 2677 981 2753 qui
1004 2677 1481 2736 conversionibus
1500 2684 1560 2736 et
1586 2675 2124 2735 obumbrationibus
2150 2683 2240 2734 est
2267 2675 2554 2734 obnoxius
2580 2674 2794 2751 quibus

383 2758 489 2818 lux
516 2760 645 2836 ejus
672 2755 1047 2833 intercipitur.
1133 2756 1220 2817 At
1249 2757 1411 2815 Deus
1440 2756 1614 2816 Pater
1638 2757 1922 2815 luminum
1949 2755 2202 2832 tropicos
2229 2774 2345 2813 non
2372 2755 2655 2831 agnoscit,
2685 2771 2794 2812 nec

385 2838 506 2898 ulla
532 2838 739 2897 umbra
758 2835 1061 2895 obscurari
1086 2845 1294 2913 potest,
1326 2855 1459 2894 cum
1485 2836 1632 2894 nihil
1673 2837 1750 2895 sit
1777 2835 1934 2912 quod
1959 2835 2081 2893 vim
2123 2835 2251 2912 ejus
2291 2833 2634 2912 intercipiat.
2719 2832 2794 2893 In

390 2915 579 2996 specie
596 2916 933 2976 Voluntatis
960 2922 1022 2974 et
1048 2916 1291 2974 Consilii
1318 2915 1505 2974 divini
1530 2915 1968 2974 immutabilitas
1995 2914 2270 2974 asseritur
2297 2914 2522 2992 saepius,
2555 2913 2792 2974 Numer.

389 2997 555 3056 xxiii.
578 2999 683 3057 19.
713 2999 875 3056 Deus
895 2996 1075 3071 sortis
1110 3015 1223 3054 non
1262 3005 1345 3054 est
1376 2997 1538 3054 homo
1576 2995 1678 3072 qui
1697 2996 2017 3071 mentiatur,
2048 3002 2152 3053 aut
2169 2996 2332 3074 filius
2357 2994 2590 3052 hominis
2631 3013 2794 3070 quem

378 3079 655 3156 poeniteat
672 3101 696 3148 ;
736 3077 831 3134 An
858 3077 976 3152 ipsc
1004 3076 1217 3134 disserit
1242 3085 1297 3134 et
1320 3075 1627 3151 nonfaciet
1644 3076 1674 3134 ,²
1713 3075 1809 3132 An
1841 3077 2052 3132 locutus
2065 3075 2254 3148 ficerit
2288 3083 2342 3132 et
2367 3095 2479 3132 non
2497 3075 2800 3151 praestabit

390 3159 537 3215 illud
554 3158 581 3213 3
626 3156 741 3214 Isa.
771 3155 917 3212 xlvi.
950 3157 1043 3214 10.
1091 3155 1398 3214 Consilium
1436 3175 1619 3214 mcum
1659 3154 1841 3229 stabit,
1884 3163 1941 3212 et
1977 3173 2136 3212 omne
2175 3155 2572 3230 beneplacitum
2612 3173 2796 3213 meum

391 3236 647 3311 implebo.
737 3233 833 3291 Sic
862 3233 959 3292 Ps.
988 3234 1201 3293 xxxiii.
1235 3238 1327 3311 11,
1359 3242 1418 3294 et
1445 3255 1538 3294 cx.
1568 3237 1646 3310 43
1697 3237 1726 3292 1
1762 3234 1916 3292 Sam.
1946 3253 2048 3292 xv.
2077 3235 2192 3310 293
2237 3233 2391 3292 Heb.
2421 3234 2502 3292 vi.
2535 3237 2630 3293 17.

477 3314 589 3372 IV.
634 3312 807 3372 Ratio
848 3312 1007 3370 illam
1034 3313 1350 3390 confirmat,
1396 3315 1531 3393 quia
1570 3323 1660 3374 est
1687 3314 1730 3374 J
1731 3314 1936 3390 ehova,
1980 3321 2152 3390 atque
2193 3313 2338 3372 adeo
2369 3314 2492 3371 Ens
2532 3331 2795 3372 necessa·

394 3393 545 3453 rium
572 3401 631 3452 et
656 3391 1050 3467 independens
1078 3393 1234 3469 quod
1260 3415 1295 3452 a
1321 3395 1549 3455 nemine
1578 3393 1787 3454 mutari
1813 3400 2005 3471 potest
2027 3415 2043 3469 3
2079 3413 2172 3451 res
2198 3413 2400 3452 omnes
2427 3401 2633 3451 creatae
2663 3399 2799 3451 sunt

393 3473 717 3549 mutabiles,
750 3479 853 3530 πεῖν
882 3478 1079 3530 κτα-τὶν
1104 3480 1322 3555 τρια-τὶν,
1354 3475 1541 3551 inquit
1570 3475 1982 3549 Damascenus,
2012 3472 2150 3548 quia
2189 3472 2420 3531 aliunde
2459 3491 2585 3530 esse
2629 3492 2796 3532 suum

394 3554 718 3630 accipiunt3
764 3553 866 3611 sed
896 3553 1059 3612 Deus
1086 3563 1176 3613 est
1202 3555 1593 3629 immutabilis,
1624 3554 1763 3630 quia
1800 3572 1836 3610 a
1863 3550 2070 3628 seips0,
2101 3571 2208 3610 nec
2234 3553 2412 3611 ullam
2442 3571 2674 3620 causam
2703 3571 2797 3614 su-

393 3654 499 3711 pra
526 3653 588 3692 se
616 3633 897 3710 agnoscit.
959 3637 1014 3691 2.
1046 3635 1183 3710 quia
1209 3655 1316 3694 nec
1342 3641 1534 3711 potest
1560 3632 1772 3693 mutari
1798 3632 1858 3689 in
1885 3631 2110 3706 melius,
2142 3631 2278 3707 quia
2303 3632 2572 3708 optimus,
2601 3652 2710 3690 nec
2737 3631 2800 3690 in

395 3713 580 3792 pejus,
611 3713 747 3790 quia
774 3712 1064 3772 desineret
1090 3733 1218 3773 esse
1243 3713 1697 3791 perfectissimus
1717 3735 1732 3772 ε
1749 3707 1922 3788 ‘Au9.
1950 3717 2118 3770 tract.
2145 3713 2237 3786 15,
2257 3711 2317 3769 in
2344 3712 2389 3771 J
2391 3712 2485 3771 oh.
2520 3711 2806 3788 Quicquid

397 3814 437 3852 α
463 3794 691 3851 meliore
716 3793 777 3850 in
803 3794 1061 3868 demus,
1093 3803 1149 3851 et
1185 3815 1226 3852 a
1252 3792 1522 3853 deteriori
1558 3791 1617 3852 in
1657 3791 1851 3850 melius
1890 3798 2158 3866 mutatur,
2201 3811 2314 3850 non
2354 3801 2437 3849 est
2459 3793 2635 3867 Deus,
2667 3792 2803 3869 quia

395 3892 570 3948 neque
596 3873 655 3931 in
682 3873 877 3930 melius
904 3873 987 3932 ire
1016 3883 1205 3948 potest
1228 3893 1447 3932 summa
1472 3873 1664 3947 virtus,
1696 3891 1798 3930 nec
1823 3872 1882 3930 in
1909 3871 2153 3930 dcta-ius
2177 3889 2316 3929 vera
2357 3872 2656 3930 oeternitas.
2741 3875 2800 3932 3.

397 3953 535 4029 quia
560 3969 761 4010 omnes
790 3971 979 4011 causes
1007 3953 1342 4012 mutationis
1383 3972 1419 4011 a
1461 3952 1589 4011 Deo
1615 3959 2000 4025 removentur,
2034 3949 2416 4028 dependentia
2443 3970 2478 4009 a
2504 3951 2699 4029 priori,
2745 3960 2803 4011 et

396 4033 655 4110 potentia
679 4032 931 4109 passiva,
962 4051 1121 4091 error
1146 4033 1372 4106 mentis,
1404 4040 1464 4092 et
1490 4032 1875 4091 inconstantia
1901 4030 2238 4090 voluntatis,

1003 4112 1082 4171 V.
1127 4112 1354 4172 Oreatio
1396 4111 1773 4172 mutationem
1803 4130 1923 4170 non
1963 4111 2158 4171 attulit
2192 4111 2320 4170 Deo
2362 4110 2466 4171 sed
2495 4108 2802 4186 creaturis,

923 4211 1043 4250 non
1068 4192 1371 4270 physicam
1397 4200 1457 4250 et
1483 4192 1712 4269 proprie
1741 4190 1972 4265 dietam,
2016 4211 2146 4269 quse
2175 4191 2448 4268 supponit
2487 4210 2656 4250 suum
2683 4209 2806 4248 mo·

922 4271 1058 4346 bile,
1091 4272 1195 4330 sed
1220 4272 1724 4350 hyperphysicam,
1760 4290 1864 4348 per
1890 4289 2065 4349 quam
2093 4272 2368 4331 Creatura
2393 4270 2601 4329 transit
2627 4289 2662 4327 a
2687 4289 2808 4327 non

400 4372 527 4412 esse
556 4350 634 4410 ad
661 4371 805 4412 esse.
890 4350 1049 4411 mud
1090 4371 1271 4428 agens
1310 4351 1523 4411 mutari
1550 4350 1779 4426 dicitur,
1809 4348 1967 4427 quod
1994 4351 2056 4407 in
2093 4369 2154 4410 se
2193 4351 2319 4428 ipso
2347 4350 2517 4408 aliter
2543 4369 2606 4408 se
2631 4349 2812 4408 habet

400 4452 574 4510 quam
600 4432 761 4509 prius
787 4431 1106 4507 habuerat3
1152 4431 1254 4489 sed
1282 4429 1439 4508 quod
1466 4431 1633 4489 aliter
1661 4449 1723 4489 se
1750 4429 1942 4504 habet,
1972 4449 2094 4487 non
2119 4431 2182 4488 in
2211 4449 2271 4488 se
2300 4431 2424 4507 ipso
2455 4429 2556 4488 sed
2585 4436 2809 4488 tantum

398 4512 643 4572 relative
670 4520 731 4571 et
769 4513 833 4572 in
860 4509 1061 4570 ordine
1102 4509 1180 4569 ad
1206 4509 1381 4585 aliud,
1411 4528 1529 4567 non
1565 4516 1759 4587 potest
1786 4508 1902 4567 dici
1929 4510 2173 4569 mutari:
2219 4507 2305 4567 At
2332 4528 2510 4585 quum
2541 4509 2703 4566 Deus
2743 4507 2810 4565 fit

403 4592 644 4652 Creator
667 4611 786 4650 non
812 4597 1071 4650 mutatur
1095 4587 1156 4648 in
1186 4609 1264 4666 se,
1294 4589 1443 4648 nihil
1470 4589 1623 4647 enim
1653 4589 1740 4646 illi
1766 4586 1840 4647 de
1879 4606 2035 4647 novo
2062 4588 2302 4663 accedit,
2331 4607 2466 4646 nam
2493 4587 2566 4646 ab
2595 4595 2809 4645 aeterno

402 4671 606 4731 habuit
654 4671 1013 4730 voluntatem
1070 4669 1357 4729 efficacem
1402 4667 1637 4726 creandi
1688 4667 1968 4726 mundum
2014 4667 2076 4726 in
2121 4675 2394 4744 tempore,
2443 4666 2546 4725 sed
2585 4674 2810 4726 tantum

433 4175 613 4221 Pontes
638 4175 846 4221 Solutio·

576 4248 707 4278 num.
