3300 5225
318 340 544 394 oumsr.
576 325 713 407 vm]
1320 345 1399 386 nr.
1427 345 1712 396 peccaro,
2611 331 2724 389 551

319 485 591 546 habuerit
609 485 838 564 referre,
859 485 1001 566 quid
1020 486 1228 547 mulier
1246 494 1469 548 tentata
1488 487 1702 548 viderit
1723 495 1781 548 et
1802 485 2105 564 audiverit,
2131 485 2390 566 adeoque
2409 507 2528 548 non
2549 495 2734 550 tenta-

320 573 507 624 torem
536 565 865 645 Diabolum,
898 567 1001 627 sed
1023 568 1209 627 solum
1233 575 1555 646 serpentem
1577 568 1686 629 sub
1708 587 1823 644 quo
1843 567 2062 627 latebat
2082 567 2144 625 in
2165 587 2397 627 scenam
2416 568 2734 648 producat3

320 645 466 704 satis
492 653 687 704 tamen
714 667 791 707 ex
828 647 1073 707 historia
1112 647 1447 708 tentationis
1474 647 1674 726 colligi
1713 655 1940 726 potest:
1985 647 2130 708 Cum
2158 649 2312 707 enim
2355 649 2607 726 serpenti
2647 649 2734 709 lo-

318 725 495 802 quela
522 745 558 784 a
582 735 789 786 natura
823 748 942 786 non
982 728 1214 804 inesset,
1245 728 1428 787 multo
1454 728 1647 787 minus
1687 727 1894 805 peritia
1921 727 2380 806 argumentandi,
2410 730 2736 788 necessario

318 804 526 864 debuit
551 807 841 884 proficisci
879 829 915 867 a
955 815 1216 868 creatura
1243 807 1439 885 aliqua
1465 807 1844 885 intelligente,
1877 827 2007 885 quae
2034 808 2198 866 nulla
2223 809 2413 886 potuit
2439 817 2578 868 tunc
2607 829 2736 868 esse

323 892 532 962 praeter
560 886 891 947 Diabolum.
950 887 1125 946 Adde
1152 887 1309 965 quod
1336 886 1575 946 effectus
1600 887 1898 946 moraliter
1916 888 2120 962 malus,
2152 889 2341 965 qualis
2363 888 2472 948 fuit
2491 889 2735 948 tentatio

318 973 382 1024 et
409 965 669 1026 seductio
709 967 1210 1045 protoplastorum,
1256 986 1488 1026 causam
1518 966 1719 1026 debuit
1757 967 1971 1026 habere
2011 967 2306 1028 moraliter
2345 969 2573 1044 malam,
2605 988 2736 1048 quae

320 1053 489 1104 extra
532 1045 843 1106 Diabolum
885 1046 1196 1126 quaerenda
1238 1065 1355 1104 non
1402 1046 1529 1106 fuit.
1616 1047 1882 1124 Denique
1930 1067 2103 1125 poena
2149 1047 2448 1107 Tentatori
2496 1048 2732 1125 inflicta,

318 1125 406 1184 ita
459 1133 763 1185 externum
818 1135 1140 1204 serpentem
1196 1133 1433 1204 spectat,
1485 1133 1553 1186 ut
1605 1125 1780 1203 longe
1827 1127 2024 1186 verius
2079 1134 2138 1185 et
2191 1127 2419 1205 plenius
2469 1129 2736 1188 Daemoni

319 1206 645 1282 conveniat,
685 1205 790 1285 qui
829 1227 865 1265 a
906 1206 1135 1266 Christo
1176 1207 1460 1267 contritus
1497 1215 1603 1283 est,
1638 1205 1792 1265 Heb.
1821 1205 1882 1266 ii.
1917 1209 2026 1286 143
2071 1207 2195 1266 Col.
2225 1206 2286 1266 ii.
2320 1210 2430 1286 155
2473 1217 2534 1268 et
2561 1209 2734 1269 Rom.

324 1285 449 1344 xvi.
480 1287 577 1345 20.

403 1365 525 1424 XI.
578 1365 891 1434 Diabolum
930 1385 1070 1426 vero
1110 1386 1229 1424 non
1274 1366 1459 1425 solum
1504 1365 1600 1425 hic
1644 1365 1916 1442 adfuisse,
1967 1365 2072 1426 sed
2119 1365 2228 1426 sub
2275 1367 2552 1445 Serpente
2594 1387 2735 1427 vero

320 1445 561 1505 latuisse
590 1455 649 1505 et
688 1446 946 1506 locutum
973 1465 1116 1522 esse,
1156 1447 1340 1505 multa
1378 1446 1660 1524 probant:
1703 1446 1853 1504 Tum
1882 1446 2130 1524 simplex
2158 1455 2217 1506 et
2242 1446 2401 1506 nuda
2429 1447 2616 1506 Mosis
2643 1468 2732 1508 re-

318 1523 481 1601 latio,
511 1544 640 1602 quse
668 1535 883 1585 temere
924 1525 985 1585 in
1014 1526 1349 1602 allegoriam
1390 1546 1509 1585 non
1546 1534 1634 1585 est
1659 1525 1973 1585 vertenda:
2016 1527 2166 1585 Tum
2213 1526 2508 1605 Serpentis
2551 1526 2733 1605 ipsius

318 1611 597 1683 tanquam
625 1605 988 1665 callidissimi
1012 1605 1163 1664 inter
1188 1605 1404 1665 bestias
1424 1605 1552 1683 agri
1574 1605 1911 1683 descripti03
1956 1605 2107 1664 Tum
2128 1606 2376 1684 denique
2401 1627 2589 1685 poena,
2605 1627 2736 1684 quse

320 1685 413 1742 illi
438 1705 546 1744 ceu
573 1686 927 1746 seductionis
954 1685 1335 1745 instrumento
1362 1705 1480 1744 non
1506 1684 1698 1744 minus
1727 1704 1794 1743 ac
1830 1685 2078 1745 Diabolo
2120 1685 2340 1745 inflicta
2365 1693 2487 1762 est;
2573 1707 2731 1746 uem-

320 1764 636 1824 admodum
662 1766 707 1825 J
708 1765 865 1825 udex
906 1765 1203 1824 falsarium
1240 1785 1359 1825 una
1390 1785 1522 1825 cum
1550 1765 1770 1824 calamo
1800 1764 2052 1842 damnat,
2084 1773 2143 1825 et
2171 1764 2438 1825 sicarium
2467 1785 2599 1824 cum
2629 1787 2734 1826 suo

320 1843 459 1918 tale,
489 1852 548 1903 et
588 1845 799 1904 bovem
827 1855 1197 1923 cornupetam
1227 1845 1389 1904 Deus
1424 1865 1543 1904 una
1577 1865 1710 1904 cum
1752 1844 1986 1905 domino
2015 1845 2200 1904 occidi
2227 1844 2428 1921 voluit,
2471 1847 2522 1904 si
2562 1866 2736 1924 quem

318 1923 543 1983 feriiset
568 1943 672 2002 per
699 1924 917 1983 domini
943 1924 1377 2002 negligentiam,
1404 1924 1595 1982 Exod.
1618 1924 1742 1984 xxi.
1765 1928 1862 1984 29.
1935 1925 2107 1985 Unde
2133 1933 2294 2002 patet
2320 1925 2736 1986 admittendam

321 2022 442 2061 non
480 2022 607 2062 esse
650 2023 847 2063 eorum
889 2003 1248 2079 sententiam,
1294 2005 1394 2081 qui
1434 2012 1567 2081 post
1598 2004 1875 2079 (lyr-illum
1902 2012 1961 2063 et
1986 2005 2346 2082 Euqzcbz’num
2385 2005 2736 2082 pertendunt

329 2083 667 2161 Serpentem
696 2103 899 2142 verum
926 2084 1151 2142 nullum
1190 2083 1287 2142 hic
1327 2082 1523 2156 fuisse,
1568 2082 1673 2141 sed
1715 2083 2027 2142 Diabolum
2069 2084 2177 2142 sub
2218 2084 2386 2143 istius
2423 2086 2735 2145 animantis

322 2183 495 2222 carne
532 2162 734 2241 primis
766 2163 1101 2241 parentibus
1143 2162 1429 2238 illusisse3
1474 2161 1591 2220 Vel
1618 2182 1816 2221 eorum
1846 2161 1946 2239 qui
1987 2171 2119 2240 post
2151 2163 2500 2239 Cajetanum,
2531 2165 2733 2242 nequi-

322 2242 456 2301 dem
485 2251 785 2301 externam
814 2243 1096 2321 serpentis
1137 2242 1449 2319 imaginem
1488 2241 1585 2300 hic
1612 2241 1942 2317 admittunt,
1975 2242 2079 2301 sed
2118 2262 2154 2300 a
2181 2243 2305 2302 solo
2336 2242 2585 2302 Diabolo
2614 2264 2732 2304 ser-

322 2322 514 2400 pentis
540 2323 771 2382 nomine
798 2323 895 2381 hic
923 2322 1230 2400 indigitato
1258 2342 1381 2381 rem
1409 2329 1590 2380 totam
1617 2329 1909 2399 peractam
1935 2321 2175 2398 volunt3
2219 2322 2570 2382 reclamante
2597 2323 2736 2384 licet

320 2410 447 2461 tota
486 2401 821 2462 tentationis
861 2402 1117 2477 historia,
1161 2422 1291 2479 quae
1334 2401 1547 2461 frustra
1592 2400 1886 2479 Serpentis
1926 2401 2275 2460 mentionem
2318 2402 2628 2481 injecisset,
2677 2413 2737 2464 et

322 2501 521 2541 eorum
552 2482 807 2540 omnium
834 2502 964 2559 quae
992 2481 1065 2540 ab
1094 2500 1163 2540 eo
1203 2489 1372 2558 gesta
1398 2489 1497 2540 aut
1526 2480 1682 2539 dicta
1710 2489 1845 2540 sunt
1871 2480 1947 2538 ad
1987 2481 2186 2540 oculos
2213 2489 2273 2540 et
2312 2501 2481 2542 aures
2521 2483 2733 2560 primo-

320 2581 451 2622 rum
490 2571 791 2640 parentum
831 2561 1161 2641 pulsandae,
1206 2561 1257 2621 si
1301 2561 1481 2622 Satan
1518 2561 1834 2622 tentatione
1875 2562 2102 2621 interna
2127 2561 2288 2623 solus
2316 2563 2428 2623 hoc
2455 2572 2736 2626 executus

323 2642 545 2702 fuisset.

405 2722 561 2781 XII.
586 2722 787 2801 Neque
804 2722 915 2782 hoc
930 2721 1089 2801 ipsos
1108 2722 1390 2782 Ethnicos
1406 2722 1637 2801 penitus
1653 2722 1824 2782 latuit
1841 2744 1854 2782 :
1885 2723 2034 2782 Nam
2047 2743 2116 2783 eo
2132 2742 2252 2782 non
2269 2722 2512 2783 obscure
2529 2724 2734 2785 viden-

322 2810 420 2862 tur
451 2803 753 2881 respicere,
785 2822 915 2880 quae
950 2823 985 2861 a
1025 2802 1343 2862 Pherecide
1375 2802 1523 2879 Syro
1559 2801 1884 2862 referuntur
1911 2802 1982 2862 de
2027 2803 2328 2880 Ophimaeo‚
2360 2823 2533 2881 quem
2561 2814 2735 2865 vocat

324 2882 623 2941 ductorem
644 2882 1003 2957 Daemonum,
1029 2901 1175 2959 quos
1201 2883 1351 2941 coelo
1367 2882 1603 2960 Jupiter
1628 2882 1963 2941 exturbavit
1984 2904 1999 2959 ς
2043 2890 2102 2943 et
2121 2903 2251 2961 quse
2279 2883 2352 2943 ab
2374 2884 2502 2943 aliis
2531 2884 2732 2945 dicun-

324 2970 422 3021 tur
470 2962 542 3021 de
592 2963 868 3040 Serpente
919 2962 1186 3039 Pythone
1236 2962 1497 3021 confecto
1542 2961 1615 3020 ab
1663 2960 1974 3040 Apolline;
2019 2971 2079 3022 et
2122 2962 2193 3021 de
2239 2982 2326 3037 e0‚
2375 2963 2470 3022 cui
2508 2964 2736 3041 Sibylla

328 3042 587 3101 Cumana
630 3043 784 3120 apud
816 3042 1132 3119 Virgilium
1180 3042 1433 3101 minatur
1474 3041 1770 3101 interitum
1817 3041 2094 3101 redeunte
2135 3041 2402 3120 Virgine,
2454 3052 2514 3103 et
2561 3044 2736 3103 chara

327 3120 442 3178 Dei
490 3120 705 3196 sobole,
744 3142 957 3199 magno
1003 3123 1047 3181 J
1048 3121 1177 3181 ovis
1224 3122 1596 3197 incremento,
1632 3121 1902 3181 Saturnia
1946 3141 2128 3199 regna
2175 3130 2483 3182 revocante
2508 3146 2523 3201 3
2591 3123 2734 3199 Quae

322 3199 500 3257 etiam
526 3208 832 3259 narrantur
859 3200 931 3260 de
963 3201 1229 3260 Dracone
1256 3201 1426 3279 vigili
1454 3201 1515 3259 in
1544 3201 1936 3279 Hesperidum
1963 3202 2132 3261 horto
2160 3221 2336 3261 aurea
2361 3203 2516 3261 mala
2542 3212 2733 3263 custo-

325 3278 537 3338 diente.
622 3279 677 3337 N
680 3299 745 3337 ec
786 3280 902 3338 alia
942 3279 1014 3338 de
1057 3300 1231 3339 causa
1260 3281 1545 3339 Diabolus
1584 3288 1746 3339 tanto
1775 3281 1967 3340 studio
1995 3281 2228 3341 videtur
2256 3302 2485 3341 curasse
2515 3274 2735 3343 cultum

324 3359 661 3435 religiosum
673 3358 881 3418 deferri
906 3358 1281 3437 Serpentibus
1294 3360 1367 3417 ab
1379 3359 1685 3437 AEgyptiis
1698 3368 1756 3418 et
1776 3360 1921 3435 aliis,
1936 3360 2051 3419 nisi
2061 3361 2200 3438 quia
2209 3361 2454 3422 feliciter
2471 3371 2735 3439 serpente

323 3458 465 3498 usus
493 3446 616 3497 erat
643 3438 718 3497 ad
757 3438 1007 3497 hominis
1036 3438 1447 3497 seductionem.
1532 3437 1692 3496 Hinc
1723 3446 1951 3498 veteres
1985 3441 2218 3515 ophitae,
2264 3440 2337 3499 de
2366 3441 2577 3517 quibus
2607 3443 2732 3501 Au-

327 3526 479 3596 gust.
535 3520 673 3577 haer.
722 3521 812 3595 17,
862 3526 922 3577 et
963 3516 1341 3595 Epiphanius,
1397 3518 1536 3575 haer.
1590 3520 1684 3593 1⁷,
1730 3525 2052 3594 serpentem
2100 3537 2324 3577 summa
2365 3520 2735 3580 veneratione

326 3606 461 3657 sunt
486 3598 791 3676 prosecuti,
806 3597 964 3675 quod
978 3598 1292 3677 primorum
1312 3604 1614 3675 parentum
1643 3596 1842 3657 oculos
1869 3596 2204 3675 aperuisset,
2218 3604 2278 3655 et
2294 3617 2395 3657 eos
2415 3597 2491 3656 ad
2509 3599 2732 3677 sapien-

327 3678 470 3737 tiam
498 3678 869 3738 traduxisset.

407 3758 599 3816 XIII.
630 3758 779 3833 Quia
807 3778 945 3817 vero
973 3778 1081 3817 nec
1104 3757 1316 3833 Homo,
1339 3776 1448 3816 nec
1471 3755 1756 3837 Diabolus
1778 3755 2088 3835 quicquam
2115 3756 2440 3834 potuissent
2467 3758 2590 3817 sine
2621 3758 2734 3819 Dei

324 3838 722 3915 providentia3
780 3838 1117 3897 Videndum
1162 3844 1439 3915 superest,
1476 3836 1766 3915 quomodo
1809 3835 1906 3896 hic
1951 3837 2075 3895 sine
2115 3836 2237 3895 ulla
2277 3846 2470 3897 tamen
2511 3839 2734 3915 peccati

326 3917 661 3977 causalitate
702 3926 935 3977 versata
962 3917 1037 3977 sit
1066 3917 1459 3977 sanctissime:
1517 3917 1640 3976 Nec
1681 3916 1836 3975 enim
1878 3924 2121 3976 eventus
2147 3917 2297 3976 tanti
2322 3918 2616 3993 momenti,
2657 3938 2735 3978 ex

325 4016 441 4074 quo
474 3997 676 4056 mundi
701 3997 879 4057 facies
908 4006 1031 4057 tota
1056 4016 1202 4076 pene
1230 3997 1521 4057 immutari
1550 3997 1767 4074 debuit,
1813 4016 1882 4056 eo
1909 3996 2007 4055 vel
2047 3996 2247 4073 insci0,
2278 3997 2376 4055 vel
2403 3997 2605 4073 invito,
2635 3999 2734 4057 vel

323 4078 509 4136 otioso
536 4085 761 4137 tantum
792 4085 1127 4155 spectatore,
1160 4077 1470 4155 contigisse
1488 4077 1604 4136 dici
1630 4084 1838 4155 potest,
1859 4076 2016 4155 quod
2043 4096 2156 4135 non
2187 4076 2346 4137 aliud
2373 4077 2538 4154 foret,
2559 4098 2734 4156 quam

324 4158 583 4216 universi
611 4157 811 4216 mundi
840 4158 1099 4233 regimen
1129 4158 1256 4216 Deo
1284 4157 1581 4235 abrogare.
1655 4156 2060 4216 Diversimode
2099 4166 2291 4215 autem
2317 4157 2514 4235 lapsus
2542 4167 2735 4236 potest

323 4236 527 4295 cadere
556 4238 665 4295 sub
695 4237 807 4296 Dei
838 4237 1272 4297 Providentiam
1297 4259 1311 4313 ;
1342 4237 1459 4296 Vel
1486 4236 1709 4297 ratione
1727 4237 2117 4314 proescientiae,
2141 4237 2279 4314 quia
2305 4236 2472 4297 illum
2499 4239 2731 4315 praesci-

322 4316 411 4375 vit
436 4316 833 4393 infallibiliter,
849 4317 965 4376 Vel
992 4318 1215 4376 ratione
1243 4317 1466 4393 decreti,
1497 4318 1635 4394 quia
1663 4317 1922 4377 decrevit
1949 4318 2077 4395 ejus
2104 4316 2498 4377 futur-itionem
2525 4317 2731 4377 immu-

322 4396 594 4472 tabiliter,
627 4396 744 4455 Vel
784 4397 1005 4456 ratione
1035 4397 1421 4474 permissionis
1462 4398 1706 4456 actualis
1743 4398 1805 4455 in
1847 4406 2120 4475 tempore,
2152 4397 2290 4475 quia
2320 4397 2582 4475 permisit
2608 4398 2734 4456 fieri

320 4475 613 4535 liberrime
642 4484 701 4535 et
729 4476 944 4536 direxit
971 4476 1410 4555 sapientissime.
1458 4476 1575 4537 Sed
1602 4476 2120 4555 quomodocunque
2149 4478 2302 4536 cirea
2328 4475 2474 4535 illud
2501 4486 2732 4535 versata

323 4556 415 4629 sit,
448 4556 807 4617 sanctissime
837 4576 1063 4635 semper
1090 4576 1152 4616 se
1178 4556 1240 4615 in
1269 4577 1338 4616 eo
1366 4558 1627 4634 exeruit3
1673 4564 1738 4616 ut
1763 4556 1926 4616 nulla
1951 4556 2083 4616 ideo
2110 4557 2207 4615 vel
2243 4555 2481 4615 minima
2507 4557 2732 4633 peccati

318 4634 481 4695 labes
522 4636 635 4715 ipsi
661 4636 913 4697 adscribi
938 4636 1157 4717 possit:
1202 4636 1325 4697 Nec
1352 4637 1489 4714 quia
1504 4637 1808 4714 praescivit,
1833 4637 1970 4714 quia
1995 4635 2356 4714 praescientia
2381 4654 2497 4695 non
2525 4642 2614 4697 est
2641 4656 2730 4697 re-
