3300 5225
509 312 633 370 524
1480 321 1664 363 Locus
1693 314 1982 363 OCTAVUS.
2575 301 2838 384 [Quffisr.
2869 324 2938 363 v.

509 468 569 527 in
598 467 761 527 coelis
788 465 1021 525 tandem
1048 462 1378 539 obtinenda,
1424 482 1555 539 quse
1582 462 1720 521 vitae
1769 470 1998 521 aeternae
2034 462 2266 521 nomine
2313 460 2373 521 in
2421 461 2720 540 Scriptura
2745 465 2935 539 venit,

510 566 798 625 quamque
825 545 971 603 nulli
1000 543 1113 602 cibi
1140 543 1340 619 largiri
1366 552 1625 619 possunt,
1680 542 1782 600 scd
1825 561 1956 601 cum
1985 561 2101 618 qua
2128 542 2242 601 cibi
2269 550 2328 601 et
2353 550 2526 619 potus
2563 563 2704 601 usus
2732 544 2936 620 potius

512 634 736 706 pugnat
760 648 774 685 z
819 624 991 685 Unde
1023 624 1185 682 Deus
1212 631 1271 681 et
1296 632 1559 680 ventrem
1601 630 1662 681 et
1691 621 1850 680 cibos
1880 621 2091 680 dicitur
2119 622 2456 696 aboliturus
2487 630 2554 681 ut
2595 622 2770 681 homo
2809 642 2936 681 non

510 708 573 765 in
600 724 837 783 corpore
863 706 976 763 hoc
1004 702 1254 777 animali,
1287 701 1391 760 sed
1413 700 1700 778 spirituali
1728 701 1920 761 Deum
1946 700 2161 760 videat.
2223 701 2394 777 Quod
2419 709 2622 779 postea
2648 702 2936 780 peculiari

606 786 842 845 aestione
908 783 1222 842 robabitur.

513 787 669 924 QuV.
714 804 907 939 Quutg
936 864 1113 938 Deus,
1146 862 1295 921 Gen.
1323 859 1406 919 iii.
1425 864 1521 935 22,
1552 859 1795 937 expellit
1819 860 2112 919 hominem
2141 880 2216 919 ex
2241 860 2527 937 paradise,
2575 862 2612 893 “
2634 860 2723 918 Ne
2750 860 2931 919 homo

511 945 832 1005 extendens
876 962 1109 1001 manum
1157 960 1321 1000 suam
1368 941 1653 1016 acciperet
1699 939 1772 998 de
1819 940 2011 998 fructu
2053 940 2274 998 arboris
2321 939 2474 1015 vitae,
2525 946 2586 999 et
2611 940 2840 999 viveret
2865 941 2932 997 in

513 1025 848 1095 aeternum,’'
891 1042 1009 1080 non
1050 1020 1186 1079 inde
1214 1028 1367 1079 recte
1394 1027 1588 1097 potest
1622 1018 1837 1095 inferri,
1867 1018 2044 1078 fuisse
2073 1020 2194 1077 vim
2230 1019 2530 1096 physicam
2577 1019 2640 1077 in
2683 1020 2794 1079 hac
2833 1040 2928 1077 ar-

512 1106 653 1163 bore
698 1112 873 1163 tantae
901 1102 1185 1175 efficaciae,
1216 1120 1348 1178 quae
1374 1098 1626 1176 potuerit
1673 1118 1778 1158 suo
1805 1098 1996 1157 tractu
2039 1099 2220 1158 semel
2260 1098 2566 1176 degustato
2607 1099 2780 1158 etiam
2821 1100 2929 1158 ho-

512 1185 724 1243 minem
752 1190 1111 1260 peccatorem
1154 1178 1491 1238 mortalitati
1538 1178 1826 1238 eximere:
1871 1178 2020 1253 Quia
2060 1198 2176 1236 non
2203 1178 2318 1237 alio
2347 1178 2526 1237 verba
2551 1179 2664 1240 ista
2689 1180 2927 1257 respici-

510 1271 634 1339 unt,
664 1283 838 1341 quam
864 1270 931 1320 ut
950 1262 1127 1339 justae
1154 1258 1454 1336 ejectionis
1482 1258 1610 1335 ejus
1650 1278 1727 1317 ex
1767 1258 2035 1334 paradiso
2076 1278 2251 1317 causa
2276 1265 2508 1317 notetur
2532 1266 2768 1336 propter
2793 1278 2928 1336 pec-

510 1352 704 1403 catum
748 1361 933 1416 suum,
983 1360 1088 1417 per
1114 1338 1270 1416 quod
1298 1346 1363 1397 ut
1388 1338 1513 1395 vita
1537 1338 1682 1414 ipsa,
1712 1356 1842 1414 quae
1871 1336 1980 1396 fuit
2005 1356 2098 1396 res
2128 1337 2467 1415 significata,
2497 1337 2794 1397 exciderat
2819 1359 2930 1397 sua

513 1424 710 1500 culpa;
756 1422 851 1480 Ita
892 1420 1117 1478 nullum
1166 1417 1413 1494 amplius
1448 1417 1549 1494 jus
1596 1417 1809 1475 habere
1837 1416 2040 1476 debuit
2065 1416 2140 1475 ad
2167 1418 2296 1494 ejus
2328 1416 2801 1477 Sacramentum:
2845 1418 2928 1477 Et

517 1503 679 1561 Deus
708 1501 791 1559 sic
815 1500 1074 1577 loquitur
1097 1517 1217 1555 non
1244 1496 1320 1554 ad
1345 1516 1468 1555 rem
1494 1496 1698 1573 ipsam,
1743 1496 1840 1555 vel
1881 1497 1935 1573 ej
1943 1516 2010 1555 us
2049 1506 2322 1555 eventum
2352 1496 2728 1575 respiciendo,
2757 1498 2928 1575 quasi

511 1590 646 1641 actu
695 1580 991 1638 debuisset
1034 1578 1204 1636 arbor
1228 1576 1331 1633 illa
1370 1576 1551 1633 vitam
1579 1576 1668 1633 illi
1695 1595 2038 1641 conservare
2065 1576 2239 1635 etiam
2265 1584 2399 1653 post
2424 1584 2760 1653 peccatum;
2807 1577 2927 1635 Sed

510 1660 690 1719 relate
718 1659 793 1717 ad
818 1664 1224 1736 praeposteram
1253 1655 1579 1732 opinionem
1607 1654 1841 1731 Adami,
1871 1656 1975 1732 qui
2001 1655 2111 1714 hoc
2137 1656 2328 1734 potuit
2363 1657 2634 1733 cogitare,
2678 1676 2796 1715 non
2835 1656 2924 1713 in-

511 1739 745 1799 tellecta
770 1756 910 1796 vera
936 1735 1185 1794 nominis
1212 1735 1381 1793 istius
1406 1734 1647 1792 ratione.
1733 1735 1822 1793 Ne
1851 1754 1991 1811 ergo
2019 1744 2339 1810 conaretur,
2369 1735 2509 1795 licet
2533 1735 2762 1810 frustra,
2795 1736 2922 1793 irri-

512 1827 633 1879 tam
659 1817 899 1876 reddere
930 1815 1043 1873 Dei
1070 1813 1588 1888 comminationem,
1619 1814 1930 1890 expellitur
1967 1834 2042 1873 ex
2057 1814 2343 1891 paradiso,
2363 1834 2481 1873 non
2508 1814 2665 1891 quod
2691 1815 2924 1874 immor-

512 1898 812 1971 talitatem,
832 1905 933 1954 aut
946 1894 1269 1970 longiorem
1285 1894 1467 1951 vitam
1482 1892 1706 1951 homini
1723 1894 1885 1953 Deus
1901 1894 2189 1954 invideret
2210 1917 2226 1971 3
2257 1895 2360 1953 sed
2387 1894 2525 1971 quia
2549 1914 2780 1972 aequum
2805 1914 2926 1952 non

514 1986 654 2052 erat,
684 1984 750 2036 ut
778 1977 947 2051 signo
976 1972 1423 2032 immortalitatis
1470 1992 1645 2050 quam
1694 1973 2039 2049 ammiserat,
2079 1974 2324 2033 ulterius
2349 1975 2652 2034 frueretur.
2735 1974 2925 2049 Quem

512 2057 573 2114 in
600 2056 773 2115 finem
803 2054 976 2114 etiam
1006 2052 1314 2112 Cherubim
1343 2072 1473 2111 cum
1516 2052 1734 2111 framea
1779 2053 1952 2129 ignea
1993 2053 2069 2111 ad
2105 2061 2328 2130 portam
2356 2053 2609 2130 paradisi
2636 2073 2925 2131 apponere

512 2136 715 2211 voluit,
746 2142 813 2194 ut
838 2134 1009 2212 primi
1034 2140 1318 2211 parentes,
1348 2140 1468 2189 tam
1496 2132 1569 2190 ab
1597 2133 1782 2206 horto,
1815 2152 1988 2209 quam
2015 2132 2090 2191 ab
2117 2132 2320 2191 arbore
2347 2141 2690 2191 arcerentur.

516 2250 767 2301 Quomodo
832 2249 998 2295 Arbor
1067 2234 1071 2239 ·
1117 2211 1230 2271 VI.
1278 2211 1396 2270 Sed
1422 2211 1579 2287 quod
1606 2211 1748 2288 ipsis
1777 2211 2145 2271 interdictum
2193 2212 2256 2269 in
2305 2212 2548 2289 pristino
2594 2212 2698 2271 illo
2747 2220 2922 2288 statu,

574 2308 706 2354 vitm
749 2308 1001 2353 christum
1040 2291 1211 2350 nobis
1231 2292 1357 2369 jam
1393 2310 1509 2349 non
1537 2291 1711 2349 modo
1755 2291 1976 2350 licitum
2019 2290 2236 2349 factum
2278 2299 2384 2367 est,
2427 2292 2530 2351 sed
2577 2300 2635 2350 et
2677 2291 2923 2369 impera-

573 2366 899 2425 significavit?
1041 2377 1183 2445 tum,
1214 2379 1273 2430 et
1298 2371 1644 2449 promissum
1669 2370 1730 2428 in
1760 2378 1914 2429 statu
1943 2372 2162 2447 gratiae,
2203 2370 2264 2428 in
2305 2391 2421 2448 quo
2463 2371 2539 2429 ad
2582 2371 2924 2430 Paradisum

514 2452 825 2524 coelestem,
856 2458 916 2509 et
942 2450 1018 2507 ad
1048 2450 1340 2510 Christum
1367 2469 1565 2508 veram
1593 2450 1732 2508 vitae
1761 2449 2050 2508 Arborem
2079 2449 2266 2508 facilis
2304 2450 2474 2509 nobis
2515 2450 2685 2510 datur
2723 2470 2918 2509 acces-

516 2550 633 2590 sus,
719 2531 782 2587 Is
810 2528 1032 2588 scilicet
1056 2529 1273 2588 veritas
1315 2538 1420 2604 est,
1466 2538 1525 2589 et
1566 2528 1913 2605 Mysterium
1941 2531 2126 2589 veteri
2166 2530 2279 2587 hoc
2305 2539 2448 2607 typo
2475 2529 2920 2607 adumbratum3

512 2613 705 2669 Arbor
728 2610 871 2683 vitaz,
902 2629 1019 2668 non
1046 2617 1290 2685 terrena,
1322 2608 1425 2668 sed
1453 2609 1743 2684 coelestis3
1787 2629 1904 2667 non
1931 2609 2246 2669 materialis
2274 2617 2334 2668 et
2377 2608 2582 2684 ἄλογος,
2613 2609 2719 2669 sed
2759 2629 2920 2688 mys-

512 2691 630 2749 tica
656 2697 716 2748 et
760 2689 1097 2766 rationalis;
1139 2709 1259 2747 non
1304 2697 1531 2748 tantum
1580 2687 1968 2766 significativa
2015 2697 2075 2748 et
2117 2690 2584 2766 obsignificativa
2609 2689 2765 2764 vitae,
2817 2690 2923 2749 sed

512 2771 642 2847 ejus
668 2788 805 2828 vere
836 2769 1125 2827 collativa.
1208 2771 1283 2826 In
1310 2769 1431 2844 ipso
1457 2770 1574 2826 vita
1601 2778 1744 2842 erat,
1789 2768 1832 2827 J
1835 2769 1929 2827 oh.
1974 2768 2013 2828 i.
2059 2772 2115 2846 4,
2161 2769 2240 2827 id.
2285 2769 2471 2828 omnis
2497 2769 2636 2829 vitae
2682 2768 2812 2828 fons
2861 2777 2922 2829 et

512 2869 705 2924 causa,
736 2855 857 2907 tam
884 2849 1167 2907 naturalis
1194 2848 1255 2905 in
1280 2847 1515 2921 mund0,
1547 2847 1684 2923 quia
1710 2847 1772 2905 in
1798 2847 1926 2924 ipso
1955 2867 2172 2923 sumus,
2203 2848 2474 2924 vivimus,
2505 2856 2563 2907 ct
2599 2867 2917 2924 movemur,

514 2927 651 2987 Act.
682 2928 824 2985 xvii.
855 2927 951 3001 28,
982 2947 1153 3002 quam
1184 2926 1495 3002 spiritualis
1522 2925 1583 2983 in
1612 2925 1879 2984 Ecclesia
1907 2947 2012 3004 per
2039 2929 2303 3004 gratiam,
2334 2929 2472 3006 quia
2511 2937 2578 2987 ut
2606 2927 2917 3003 Mediator,

513 3016 603 3066 est
629 3008 903 3081 Princeps
926 3007 1070 3079 mee,
1102 3005 1204 3082 qui
1231 3005 1333 3063 dat
1358 3005 1539 3063 vitam
1580 3005 1815 3080 mund0‚
1861 3013 1921 3064 et
1961 3016 2184 3066 aeternoe
2223 3007 2284 3065 in
2325 3009 2472 3067 coelo
2507 3027 2613 3084 per
2653 3007 2917 3084 gloriam,

512 3085 650 3164 quia
676 3093 765 3144 est
791 3086 1126 3142 resurrectio
1147 3094 1202 3142 et
1224 3085 1356 3158 vita,
1387 3084 1488 3160 qui
1516 3084 1637 3143 suis
1663 3084 1846 3142 vitam
1874 3093 2148 3144 aeternam
2187 3087 2503 3146 certissime
2545 3095 2635 3145 est
2673 3087 2918 3164 largitu-

512 3185 630 3224 rus.
714 3162 911 3222 Arbor
936 3181 1073 3222 vere
1102 3163 1285 3239 unica,
1316 3163 1453 3241 quia
1478 3163 1675 3223 nullus
1701 3173 1910 3241 praeter
1938 3166 2228 3226 Christum
2257 3167 2466 3225 author
2489 3166 2627 3224 vitae
2669 3174 2915 3240 aeternae,

512 3263 621 3302 nec
648 3251 739 3302 est
757 3243 820 3300 in
846 3241 962 3300 alio
988 3262 1278 3320 quoquam
1308 3243 1482 3319 salus,
1514 3242 1650 3302 Act.
1679 3243 1760 3303 iv.
1795 3247 1886 3320 12,
1918 3245 1979 3303 in
2019 3245 2211 3304 medio
2240 3245 2519 3321 Paradisi,
2552 3244 2740 3322 Apoc.
2767 3246 2827 3303 ii.
2859 3249 2915 3321 7,

513 3331 573 3383 et
591 3323 798 3401 plateae
817 3322 1100 3398 Civitatis,
1121 3343 1171 3382 c.
1196 3323 1341 3405 xxii.
1364 3327 1419 3398 2,
1440 3323 1577 3399 quia
1599 3323 1863 3383 Christus
1891 3332 1982 3383 est
2006 3325 2068 3382 in
2094 3324 2286 3384 medio
2315 3325 2610 3400 Ecclesiae,
2639 3333 2917 3401 tanquam

510 3404 573 3462 in
620 3403 749 3462 loco
792 3401 1145 3461 honoratiori
1191 3410 1253 3462 et
1270 3400 1279 3408 '
1298 3402 1689 3477 commodiori,
1729 3412 1796 3462 ut
1837 3404 2104 3464 omnibus
2143 3414 2355 3483 praesto
2383 3405 2474 3480 sit,
2505 3413 2564 3464 et
2603 3405 2724 3463 vim
2753 3423 2918 3464 suam

510 3482 805 3541 vivificam
832 3482 895 3540 in
921 3501 1121 3542 omnes
1149 3481 1451 3559 diffundat,
1482 3491 1541 3542 et
1576 3482 1652 3540 ab
1694 3483 1961 3542 omnibus
2001 3486 2403 3562 conspiciatur,
2432 3484 2618 3544 veluti
2658 3493 2918 3542 centrum

511 3564 574 3621 in
615 3562 773 3640 quod
798 3562 965 3621 lineae
995 3581 1195 3622 omnes
1220 3563 1359 3622 fidei
1386 3570 1445 3622 et
1471 3563 1682 3620 amoris
1711 3562 1998 3621 confluere
2019 3563 2248 3640 debent,
2267 3572 2335 3623 ut
2353 3563 2416 3621 in
2442 3583 2511 3623 eo
2529 3563 2915 3641 acquiescant.

512 3643 709 3702 Arbor
734 3642 1025 3720 frugifera,
1057 3643 1244 3720 Apoc.
1274 3642 1333 3702 ii.
1348 3647 1403 3717 7,
1434 3661 1564 3718 quse
1593 3641 1968 3700 suavissimos
1985 3651 2044 3702 et
2065 3643 2548 3719 exquisitissimos
2565 3642 2675 3703 fert
2695 3642 2917 3702 fructus

512 3723 588 3781 ad
617 3721 1093 3782 sustentationem
1118 3722 1393 3798 fidelium,
1428 3721 1592 3781 Cant.
1622 3720 1683 3781 ii.
1715 3724 1770 3796 3,
1816 3721 1927 3780 fert
1961 3721 2094 3781 illos
2121 3724 2427 3799 duodecim,
2459 3722 2648 3800 Apoc.
2677 3723 2824 3781 xxii.
2856 3726 2912 3798 2,

509 3801 573 3859 id
610 3809 700 3860 est
735 3801 1161 3878 copiosissimos
1201 3809 1261 3860 et
1280 3801 1615 3876 uberrimos,
1646 3801 1749 3877 qui
1775 3801 2000 3878 possint
2027 3802 2286 3861 sufficere
2313 3802 2618 3862 duodecim
2645 3802 2913 3861 tribubus

514 3880 769 3954 Israelis,
798 3880 861 3937 id
888 3887 978 3938 est
1005 3881 1274 3939 omnibus
1303 3880 1581 3938 Ecclesiae
1608 3879 1899 3956 membris,
1931 3900 2061 3957 quse
2089 3882 2163 3940 ab
2205 3883 2332 3959 ejus
2371 3881 2730 3960 plenitudine
2771 3882 2913 3940 hau-

512 3959 670 4017 riunt
712 3958 865 4016 dona
911 3959 1105 4018 omnia
1147 3959 1291 4037 ipsis
1334 3957 1697 4018 necessaria:
1747 3958 1858 4018 fert
1896 3960 2030 4019 illos
2069 3962 2301 4038 sinqtdis
2341 3961 2481 4020 anni
2517 3962 2804 4038 mansibus,
2835 3961 2915 4020 id.

510 4044 806 4116 perpetue,
837 4038 975 4114 quia
1000 4038 1093 4096 vis
1119 4048 1179 4098 et
1218 4038 1471 4096 efficacia
1488 4037 1734 4114 justitiae
1775 4047 1836 4097 et
1867 4038 2115 4116 Spiritus
2158 4041 2372 4100 Christi
2411 4049 2502 4100 est
2541 4050 2819 4118 perpetua
2857 4047 2918 4099 et

510 4116 843 4174 indesinens
871 4115 947 4173 ad
974 4118 1423 4176 consolationem
1452 4125 1511 4175 et
1539 4115 2052 4179 sanctificationem
2091 4120 2387 4180 fidelium:
2417 4121 2545 4199 ejus
2569 4122 2726 4197 solia
2765 4140 2914 4178 nun-

512 4214 685 4273 quam
713 4193 1038 4253 decidentia
1064 4204 1125 4255 et
1148 4205 1427 4274 perpetuo
1452 4195 1702 4255 virentia
1729 4195 1804 4255 ad
1839 4201 2135 4259 sanitatem
2161 4201 2412 4277 yentium
2449 4209 2580 4259 sunt
2617 4201 2913 4276 destinata,

512 4275 650 4354 quia
674 4293 792 4333 non
820 4282 1043 4333 tantum
1070 4275 1191 4332 vim
1218 4275 1393 4334 habet
1420 4276 1672 4335 alimenti
1693 4278 1769 4337 ad
1809 4280 2128 4355 pascendas
2170 4281 2392 4339 animas
2431 4287 2678 4355 nostras,
2710 4279 2816 4338 sed
2855 4287 2916 4339 et

505 4351 902 4494 ἷιῐεᾱίσανπεπεὲ
920 4353 1280 4414 saluberrimi
1308 4355 1383 4414 ad
1424 4356 1656 4416 morbos
1695 4367 1926 4418 nostros
1967 4379 2167 4418 omnes
2209 4359 2514 4436 sanandos,
2547 4360 2663 4418 Isa.
2707 4359 2812 4418 liii.
2855 4361 2913 4436 5,

582 4444 683 4495 att.
714 4435 795 4494 xi.
826 4439 861 4494 2
908 4479 921 4493 .

592 4515 740 4575 VII.
784 4515 941 4574 Hinc
968 4522 1129 4592 patet
1176 4515 1452 4594 mysterio
1499 4537 1617 4576 non
1667 4519 1918 4578 caruisse
1965 4518 2111 4578 duas
2155 4520 2298 4578 istas
2345 4519 2582 4578 arbores
2631 4517 2912 4577 Paradisi.

513 4595 659 4654 Nam
688 4603 755 4654 ut
780 4597 966 4674 prima
994 4595 1103 4656 fuit
1134 4595 1566 4658 Sacramentum
1595 4597 2028 4674 explorationis,
2059 4599 2216 4676 quod
2244 4597 2492 4659 officium
2519 4598 2741 4657 homini
2767 4615 2911 4676 prse-
