3300 5225
577 1184 1012 1246 mammem,
1051 1182 1540 1242 Noslmssmffi,
1575 1181 2297 1246 coxscmlssmlsocs
2334 1185 2539 1246 vuus,

459 1361 640 1454 DJ).
729 1361 1474 1456 cossumssus
1549 1293 2063 1468 ToTchE
2150 1361 2669 1456 SENATUI

909 1569 1246 1621 mCLY‘rAE
1279 1567 1733 1619 REIPUBLICAE
1764 1567 2221 1628 GENEVENsm,

622 1671 956 1724 SALUTEM
993 1673 1084 1723 ΕΤ
1117 1671 1576 1723 OMNIMODAM
1611 1670 2101 1722 FELICITATEM
2136 1671 2513 1724 PRECATUB

1077 1773 1508 1824 FRANclsccs
1537 1771 2057 1822 TURRETTINUS.

467 2005 776 2081 Quernas
825 2005 1208 2086 Reipublicae
1253 2007 1454 2082 istius,
1501 2007 1583 2068 ad
1633 2007 1813 2086 cujus
1858 2006 2095 2070 clavum
2148 2005 2365 2071 sedem
2394 2005 2541 2070 Vos
2594 2007 2767 2072 Deus

369 2101 588 2178 voluit,
619 2110 826 2166 status
853 2104 920 2166 in
953 2113 1218 2170 mentem
1249 2104 1440 2180 venit,
1469 2103 1839 2168 Pnocnnss
1860 2101 2317 2180 Anrmssm,
2346 2111 2445 2168 tot
2472 2111 2539 2168 et
2566 2111 2767 2186 tanta,

373 2199 595 2280 quibus
623 2200 934 2278 inclaruit,
957 2211 1292 2266 occurrunt
1313 2202 1436 2266 Dei
1465 2202 1781 2276 miracula,
1804 2207 1877 2262 ut
1904 2201 2069 2280 quod
2102 2201 2247 2264 olim
2276 2201 2355 2264 de
2382 2199 2427 2264 J
2430 2202 2771 2284 erosolyma

377 2299 644 2362 canebat
675 2299 920 2364 divinus
953 2299 1174 2378 Vates,
1197 2301 1276 2364 de
1307 2301 1446 2380 ipsa
1481 2319 1607 2362 non
1654 2297 1965 2363 immerito
2004 2297 2329 2378 praedicari
2360 2319 2541 2378 posse
2590 2319 2771 2364 nemo

373 2395 614 2460 inficias
641 2396 844 2472 iverit,
877 2396 1160 2462 Gloriosa
1187 2399 1266 2462 de
1295 2397 1388 2461 Te
1422 2396 1733 2468 dicuntur,
1764 2393 2000 2458 Civitas
2030 2393 2171 2458 Dei.
2226 2394 2477 2476 Exigua
2504 2395 2771 2476 quidem,

373 2495 594 2570 fateor,
615 2501 684 2557 et
711 2515 836 2574 qua
859 2495 968 2558 vix
994 2494 1117 2559 alia
1151 2495 1353 2560 minor
1381 2495 1446 2558 in
1485 2493 1759 2557 millibus
1800 2491 1845 2554 J
1848 2491 2003 2568 udae,
2048 2492 2103 2556 si
2156 2491 2223 2556 N
2224 2499 2418 2556 atum
2458 2495 2778 2558 commoda

375 2597 776 2673 spectentur3
829 2614 1054 2675 magna
1079 2599 1308 2669 tamen,
1337 2599 1404 2659 ct
1434 2612 1558 2674 qua
1585 2591 1693 2655 vix
1724 2589 1849 2655 alia
1879 2590 2095 2671 maior,
2130 2589 2185 2655 si
2214 2591 2622 2657 attendantur
2648 2591 2773 2658 Dei

379 2709 654 2753 munera.
724 2690 1014 2767 Quamvis
1044 2712 1192 2756 vero
1239 2693 1560 2755 innumera
1589 2690 1736 2765 sint,
1766 2710 1903 2770 quae
1936 2688 2109 2771 larga
2156 2709 2341 2753 manu
2372 2689 2675 2755 Dominus
2708 2692 2776 2755 in

379 2808 516 2851 eam
543 2786 764 2851 effudit
792 2788 1109 2865 hactenus,
1131 2796 1198 2853 et
1227 2788 1502 2869 quotidie
1532 2786 1815 2863 effundit,
1849 2786 2183 2861 beneficia3
2234 2786 2379 2851 Duo
2407 2794 2615 2853 tamen
2642 2809 2774 2869 prm

383 2886 620 2949 ceteris
647 2894 798 2948 sunt
823 2886 1070 2961 eximia,
1101 2908 1237 2967 quae
1271 2887 1638 2969 dignitatem
1668 2885 1807 2964 ejus
1836 2884 2306 2957 commendant3
2346 2884 2629 2968 Reliyio,
2652 2906 2778 2967 qua

387 2982 542 3045 nihil
573 2982 868 3059 sanctius,
901 2992 970 3047 et
999 2984 1318 3059 Liber-tae,
1349 3004 1472 3065 qua
1497 2983 1650 3045 nihil
1682 2981 1922 3047 dulcius
1948 3004 1963 3045 τ
2000 2981 2153 3045 Cum
2183 2982 2315 3047 haec
2346 2982 2431 3045 sit
2464 2982 2655 3046 veluti
2686 2984 2775 3047 al-

381 3088 520 3143 tera
548 3080 806 3156 Goscen,
857 3102 1042 3161 quam
1091 3082 1252 3145 Solis
1291 3081 1562 3162 justitiae
1615 3079 1779 3143 radii
1832 3080 2219 3156 collustrant,
2268 3080 2413 3143 dum
2462 3080 2781 3162 AEgyptus

384 3177 613 3253 mundi,
643 3178 966 3258 plusquam
993 3178 1336 3244 Cimmeriis
1367 3198 1644 3244 errorum
1677 3178 1955 3243 tenebris
1986 3176 2219 3259 tegitur
2244 3199 2261 3252 ;
2314 3177 2513 3241 altera
2536 3178 2777 3243 Tsohar

387 3296 596 3355 parva,
627 3276 740 3339 sed
766 3282 924 3351 tuta,
955 3276 1021 3339 in
1051 3297 1176 3357 qua
1199 3285 1446 3360 gratum
1473 3276 1564 3357 pii
1589 3275 2027 3339 nanciscuntur
2056 3276 2297 3357 asylum
2325 3298 2344 3350 ;
2396 3276 2543 3339 dum
2569 3275 2781 3341 feralis

381 3372 604 3453 judicii
637 3372 832 3437 divini
862 3374 1023 3456 ignis
1052 3374 1204 3439 alias
1253 3375 1598 3455 complures
1627 3372 1847 3436 Mundi
1898 3372 2111 3454 plagas
2150 3372 2429 3439 incendit
2460 3382 2527 3437 et
2556 3374 2781 3455 depas-

391 3472 593 3545 citur3
643 3490 793 3535 vera
839 3471 1195 3537 Betheemes
1245 3480 1314 3537 et
1357 3472 1749 3553 Heliopolis,
1779 3470 2025 3535 Domus
2074 3480 2135 3535 et
2163 3470 2399 3535 Civitas
2449 3472 2642 3547 Solis,
2672 3470 2782 3534 ubi

393 3588 512 3633 non
541 3569 804 3649 amplius
833 3568 940 3633 Sol
971 3570 1076 3635 ille
1107 3570 1502 3651 aspectabilis
1533 3568 1777 3644 colitur,
1810 3568 1973 3649 quod
2012 3568 2079 3631 in
2113 3567 2481 3633 Gentilismo
2530 3567 2785 3633 factita-

393 3674 524 3729 tum
580 3665 682 3730 hic
713 3666 904 3731 fnisse
935 3688 1058 3731 non
1090 3668 1290 3732 minus
1323 3667 1636 3731 constanti
1666 3686 1851 3747 quam
1884 3665 2310 3730 consentiente
2357 3668 2523 3729 sama
2570 3664 2785 3745 prodi-

395 3770 526 3827 tum
575 3770 710 3837 est3
777 3764 886 3829 sed
919 3764 1164 3831 divinus
1197 3765 1418 3829 Oriens
1466 3786 1546 3829 ex
1595 3764 1727 3827 alto
1772 3763 2088 3837 adoratur,
2125 3762 2409 3825 Christus
2458 3760 2783 3843 Dominus,

393 3861 496 3940 qui
525 3862 648 3925 Sol
675 3861 848 3925 nobis
877 3868 975 3926 est
1005 3868 1074 3927 et
1102 3862 1394 3947 (Xypete,
1429 3861 1534 3927 Sol
1580 3861 1919 3941 omnigenae
1967 3858 2437 3943 benedictionis,
2471 3859 2577 3941 qui
2610 3858 2789 3923 Reli-

393 3958 589 4039 gionis
635 3958 892 4039 gloriam
939 3961 1182 4041 asserit,
1217 3960 1480 4043 clypeus
1511 3958 1921 4023 Protectionis
1970 3957 2319 4041 tutissimae,
2350 3960 2456 4040 qui
2488 3957 2787 4024 invictum

394 4063 462 4119 et
487 4056 964 4138 inexpugnabile
993 4056 1336 4123 Libertatis
1365 4057 1719 4139 praesidium
1753 4058 2029 4138 praebet;
2084 4056 2261 4135 Quod
2298 4064 2633 4138 utrumque
2660 4056 2783 4121 Ge-

395 4174 562 4218 nevae
595 4154 782 4217 decus
819 4155 1170 4237 maximnm,
1197 4155 1610 4236 justissimum
1643 4154 2065 4221 admirabilem
2094 4154 2217 4217 Dei
2248 4174 2397 4237 erga
2424 4172 2538 4219 nos
2570 4154 2789 4219 Provi-

398 4251 668 4315 dentiam
695 4252 1050 4317 celebrandi
1081 4253 1442 4334 suppeditat
1469 4259 1920 4335 argumentum.
1974 4251 2126 4330 Quis
2158 4250 2324 4316 enim
2354 4272 2478 4317 non
2511 4258 2785 4333 stupeat,

401 4349 562 4429 quod
611 4349 678 4413 in
723 4348 1106 4430 gravissimis
1155 4351 1278 4415 illis
1333 4351 1530 4415 totius
1585 4370 1743 4431 pene
1792 4351 2057 4431 Europae
2108 4350 2397 4426 motibus,
2448 4350 2515 4413 in
2564 4349 2789 4430 quibus

399 4446 568 4509 nulla
595 4448 788 4511 ferme
815 4448 991 4529 regio
1038 4448 1184 4513 belli
1234 4470 1457 4529 expers
1491 4448 1624 4513 visa
1656 4455 1773 4524 est,
1808 4448 1977 4511 nulla
2008 4468 2143 4528 quse
2171 4446 2622 4511 funestissimos
2652 4446 2789 4526 ejus

401 4546 654 4608 effectus
685 4566 808 4609 non
860 4546 1163 4611 senserit:
1237 4546 1376 4611 Nos
1409 4557 1616 4611 tamen
1648 4547 1946 4611 hactenus
1976 4566 2131 4625 pene
2182 4545 2294 4610 soli
2344 4544 2409 4608 in
2442 4546 2557 4607 hoc
2590 4551 2789 4608 terras·

399 4660 538 4705 rum
585 4642 811 4725 angulo
858 4643 1152 4725 alcyoniis
1203 4645 1558 4727 gaudenoeS,
1609 4644 1830 4709 intacti
1878 4651 1945 4708 et
1991 4643 2293 4707 immunes
2338 4640 2786 4707 manserimus!
