3300 5225
583 328 705 385 404
1544 338 1730 379 meus
1756 338 2031 388 omarus.
2593 318 2855 401 [quater.
2886 338 3015 379 vn.

583 502 736 559 nem,
769 481 1090 555 stultitiam,
1120 479 1370 540 furorem
1397 479 1802 539 interminatur
1828 478 2154 539 istiusmodi
2184 477 2536 557 Astrologi&
2569 479 2685 539 Isa.
2716 479 2862 537 xliv.
2892 481 3007 555 25,

589 565 670 623 Et
697 582 822 639 cap.
852 561 1018 619 xlvii.
1046 563 1138 635 12,
1167 564 1258 635 13,
1282 560 1598 621 vanitatem
1626 567 1686 618 et
1713 558 1871 635 artis,
1902 568 1961 619 et
1988 558 2271 618 artificum
2298 567 2357 618 et
2384 559 2613 618 illorum
2642 560 2743 635 qui
2770 560 2846 617 ab
2874 559 3009 618 illis

587 642 938 702 deluduntur
965 639 1362 699 credulitatem
1389 639 1741 717 perstringit,
1791 640 1827 671 “
1859 639 1963 697 Sta
1982 639 2108 716 jam
2134 659 2265 697 cum
2294 639 2747 698 incantatoribus
2768 639 2903 713 tuiS,
2934 648 3009 697 et

589 742 723 782 cum
749 719 1118 780 multitudine
1144 720 1565 797 praestigiarum
1595 728 1824 777 tuarum
1850 718 1913 776 in
1940 719 2151 795 quibus
2187 718 2472 777 laborasti
2496 739 2533 776 a
2558 718 2803 795 pueritia
2826 719 3005 793 tua,”

591 800 700 861 διο.
733 803 770 834 “
803 800 970 859 Stent
989 800 1116 877 jam
1143 798 1464 875 Astrologi,
1496 798 1598 875 qui
1624 799 2085 875 contemplantur
2112 798 2326 872 stella,
2357 798 2458 874 qui
2486 806 2653 856 notas
2681 797 2900 857 faciunt
2930 798 3008 855 in

590 898 819 941 menses
845 878 1247 957 praedictiones
1275 898 1426 953 suas,
1457 887 1516 937 et
1543 886 1777 938 servent
1803 885 1861 936 te
1889 877 1963 937 ab
1990 877 2063 937 iis
2090 897 2219 954 quae
2248 886 2665 954 superventura
2691 886 2825 937 sunt
2867 878 3006 935 tibi.

593 962 748 1021 Ecce
777 967 913 1019 sunt
937 967 1212 1035 tanquam
1238 957 1510 1034 stipula,''
1529 955 1650 1016 -&c.
1711 957 1801 1017 Eo
1819 957 2273 1035 pertinetsquod
2301 956 2463 1016 Deus
2490 957 2666 1015 edicit
2694 957 3005 1032 Israelitis,

590 1060 666 1100 ne
695 1040 922 1099 discant
947 1038 1104 1097 viam
1131 1038 1408 1115 gentium,
1428 1044 1488 1096 et
1506 1058 1580 1095 ne
1607 1057 1644 1095 a
1672 1037 1857 1114 signis
1882 1036 2016 1098 cosli
2040 1045 2316 1113 metuant,
2339 1056 2471 1114 quae
2490 1044 2754 1095 metuunt
2770 1048 3003 1113 genteS,

599 1121 643 1180 J
645 1140 725 1179 er.
755 1122 901 1193 x.‚2,
935 1119 972 1150 “
999 1118 1188 1177 Juxta
1213 1118 1370 1175 viam
1398 1117 1660 1193 gentium
1700 1137 1775 1175 ne
1801 1117 2254 1192 assueseatis,-et
2290 1115 2365 1175 ob
2406 1117 2574 1192 signa
2600 1116 2875 1175 coelorum
2918 1137 3003 1174 ne

599 1197 1060 1271 constememini‚
1091 1198 1229 1273 quia
1267 1205 1705 1256 consternantur
1745 1204 1949 1273 gentes
1989 1195 2065 1255 ob
2102 1196 2229 1272 ea,''
2274 1195 2355 1254 Et
2382 1216 2467 1255 ea.
2496 1195 2682 1253 xxvii.
2714 1198 2769 1271 9,
2802 1199 2837 1228 ‘⁴
2866 1196 3001 1255 Vos

595 1288 789 1338 autem
817 1298 890 1337 ne
917 1277 1252 1337 auscultetis
1283 1276 1588 1353 Prophetis
1616 1276 1843 1351 vestris,
1874 1283 1932 1335 et
1960 1275 2382 1352 conjectoribus
2408 1275 2636 1350 vestris,
2666 1285 2726 1333 et
2748 1275 3001 1333 somniis

596 1358 826 1432 vestris,
857 1366 916 1417 et
944 1356 1262 1433 auguribus
1289 1356 1516 1432 vestris,
1546 1364 1606 1415 et
1629 1356 1829 1433 Magis
1858 1355 2084 1431 vestris,
2104 1354 2207 1433 qui
2232 1354 2529 1435 dicunt-ad
2555 1375 2679 1430 vos,
2712 1355 2847 1414 Non
2872 1374 2995 1415 ser-

597 1438 772 1499 vietis
801 1437 955 1515 Regi
983 1436 1228 1495 Babel.''

680 1517 793 1577 VI.
843 1522 902 1575 2.
951 1516 1100 1590 Quia
1131 1516 1426 1595 Scriptura
1451 1515 1773 1576 futurorum
1810 1516 2198 1594 cognitionem
2238 1515 2509 1575 amolitur
2547 1516 2622 1574 ab
2653 1514 2903 1589 homine,
2934 1522 2999 1573 et

601 1598 730 1657 Deo
758 1596 869 1656 soli
894 1596 1225 1654 transcribit
1250 1604 1525 1672 tanquam
1563 1598 1797 1677 ᾳςιπὶςιοι
1824 1598 1947 1655 veri
1976 1597 2091 1655 Dei
2126 1595 2505 1673 dignoscendi
2542 1595 2618 1653 ab
2658 1595 2846 1669 idolis,
2880 1594 2995 1653 Isa.

597 1677 705 1737 xli.
735 1680 830 1749 21,
863 1680 958 1751 22,
1007 1675 1365 1734 “Producite
1393 1695 1625 1734 causam
1654 1684 1922 1750 vestram,
1954 1676 2035 1734 ait
2063 1676 2107 1736 J
2110 1677 2312 1751 ehova,
2343 1674 2646 1734 admovete
2674 1675 2993 1733 firmamen-

599 1764 664 1817 ta
681 1764 892 1829 vestra,
923 1755 1005 1813 ait
1034 1754 1166 1813 Rex
1183 1755 1226 1813 J
1229 1754 1410 1829 acobi,
1428 1755 1761 1831 Proponant
1787 1762 1846 1814 et
1872 1756 2221 1815 annuncient
2239 1755 2408 1813 vobis
2429 1774 2499 1814 ea
2516 1775 2647 1831 quse
2667 1754 2986 1813 obventura

591 1836 796 1909 sunt,”
828 1832 935 1893 &c.
958 1835 1036 1893 Et
1065 1834 1216 1892 Dan.
1245 1833 1305 1893 ii.
1335 1836 1432 1893 28.
1471 1836 1506 1867 “
1535 1835 1646 1894 Est
1675 1835 1836 1893 Deus
1864 1834 1925 1893 in
1952 1836 2098 1894 coelo
2125 1835 2390 1894 revelans
2416 1854 2639 1909 arcana,
2670 1833 2772 1911 qui
2798 1842 2995 1891 notum

597 1915 738 1975 facit
767 1914 935 1991 Regi,
956 1913 1018 1971 id
1043 1911 1202 1991 quod
1218 1906 1472 1973 futurum
1493 1922 1582 1979 est
1609 1914 2092 1992 consequentibus
2118 1915 2528 1993 temporibus.’'
2572 1914 2659 1972 At
2676 1914 2813 1971 siex
2828 1913 2997 1971 astris

599 1996 715 2055 ista
746 1993 1020 2072 cognosci
1045 2002 1304 2070 possunt,
1336 2001 1395 2052 et
1419 1993 1659 2071 praedici
1696 1993 1771 2053 ab
1806 1994 2153 2068 hominibus,
2182 2014 2286 2055 cur
2314 1993 2570 2054 Chaldaei
2598 1992 2899 2069 Astrologi
2936 1992 2997 2049 id

597 2094 717 2133 non
733 2081 1044 2152 potuerunt
1071 2072 1318 2150 assequi,
1339 2072 1442 2133 sed
1471 2074 1684 2132 Daniel
1709 2074 1821 2134 hoc
1848 2084 2123 2151 tanquam
2152 2075 2261 2133 soli
2279 2075 2406 2133 Deo
2432 2073 2726 2151 proprium
2754 2072 2955 2131 tribuit
2969 2074 2998 2130 P

681 2154 830 2214 VII.
873 2156 930 2213 3.
979 2153 1128 2229 Quia
1167 2172 1355 2213 mores
1401 2160 1463 2219 et
1505 2154 1763 2214 actiones
1802 2154 2101 2216 hominum
2142 2162 2277 2213 sunt
2314 2152 2656 2212 voluntariae
2698 2160 2757 2211 et
2781 2151 2995 2227 liberae,

601 2255 732 2313 quae
758 2232 1000 2312 proinde
1027 2254 1146 2293 non
1170 2242 1414 2311 possunt
1441 2254 1477 2292 a
1504 2253 1679 2293 causa
1705 2234 1969 2309 naturali,
2000 2233 2189 2310 qualis
2229 2242 2319 2293 est
2358 2232 2738 2307 constellatio,
2770 2230 2997 2291 deduci.

599 2315 774 2374 Alias
800 2314 983 2374 fatum
1021 2314 1332 2391 plusquam
1371 2313 1821 2387 adamantinum,
1867 2323 1926 2374 et
1963 2313 2155 2372 fatalis
2196 2333 2391 2373 rerum
2438 2312 2693 2371 omnium
2736 2321 2999 2387 respectu

599 2414 904 2455 causarum
931 2394 1104 2453 etiam
1132 2392 1513 2455 secundarum
1540 2394 1854 2453 necessitas
1880 2394 1943 2452 in
1961 2402 2167 2453 natura
2182 2392 2589 2452 constituetur.
2632 2396 2689 2451 4.
2724 2391 2788 2450 Si
2814 2410 3000 2449 mores

600 2482 661 2534 et
687 2482 930 2534 eventus
956 2473 1210 2551 pendent
1237 2494 1313 2532 ex
1341 2471 1553 2549 Astris,
1585 2474 1803 2535 similes
1844 2480 2013 2534 erunt
2038 2492 2243 2547 mores,
2288 2480 2347 2531 et
2382 2471 2569 2531 simile
2596 2471 2779 2531 fatum
2806 2490 3000 2529 eorum

602 2554 858 2614 omnium
884 2572 1131 2632 quorum
1157 2552 1311 2612 idem
1332 2562 1422 2614 est
1446 2553 1818 2632 horoscopus,
1848 2561 1908 2614 et
1932 2552 2253 2613 nativitatis
2280 2560 2574 2630 punctum.
2620 2551 2791 2626 Quod
2808 2560 3001 2610 tamen

603 2633 815 2694 falsum
855 2653 984 2692 esse
1025 2633 1381 2710 experientia
1407 2634 1657 2709 e.vincit;
1714 2654 1845 2694 cum
1882 2633 2051 2694 multi
2092 2653 2207 2692 uno
2235 2633 2551 2709 eodemque
2577 2632 2852 2709 temporis
2877 2650 2997 2688 mo-

602 2721 799 2772 mento
827 2713 1071 2772 edantur
1096 2713 1159 2770 in
1183 2712 1390 2788 lucem,
1421 2713 1523 2790 qui
1547 2723 1742 2774 tamen
1768 2713 2025 2774 moribus
2062 2722 2121 2772 et
2152 2720 2358 2772 natura
2394 2721 2529 2770 sunt
2554 2711 2805 2770 maxime
2832 2710 2998 2769 dissi-

601 2792 788 2868 miles,
819 2801 878 2852 et
905 2791 1313 2852 diversissimis
1341 2801 1620 2870 urgentur
1645 2794 1796 2868 fatis,
1826 2802 1894 2853 ut
1920 2792 2017 2854 vel
2056 2813 2174 2853 uno
2201 2792 2468 2870 exemplo
2498 2792 2679 2850 Esavi
2705 2801 2765 2850 et
2791 2791 2835 2851 J
2836 2790 3001 2849 acobi

603 2873 979 2951 gemellorum
1006 2880 1183 2949 patet.
1228 2872 1322 2931 Ita
1353 2872 1526 2933 maris
1555 2882 1614 2932 et
1639 2873 1889 2932 foeminae
1916 2893 1991 2932 ex
2019 2873 2222 2932 eodem
2248 2880 2412 2931 utero
2430 2872 2583 2930 circa
2594 2872 2751 2930 idem
2776 2881 3003 2947 tempus

601 2961 870 3012 natorum
918 2951 1150 3012 diversa
1195 2959 1332 3010 sunt
1379 2951 1588 3026 studia,
1640 2952 1886 3011 diversae
1932 2953 2104 3028 vires,
2151 2952 2370 3011 diversi
2416 2960 2659 3012 eventus
2694 2959 2759 3010 et
2812 2967 2997 3008 casus.

603 3031 782 3090 Multi
809 3032 1000 3107 etiam,
1030 3049 1276 3107 quorum
1301 3029 1730 3091 diversissimus
1756 3031 1865 3090 fuit
1904 3032 2274 3109 horoscopus,
2322 3031 2523 3090 eodem
2550 3031 2749 3090 mortis
2788 3048 2999 3107 genere

602 3119 863 3188 pereunt,
893 3117 959 3169 ut
999 3109 1101 3187 qui
1141 3109 1344 3169 eodem
1383 3111 1582 3187 praelio
1624 3111 1856 3186 cadunt,
1900 3131 2047 3189 quos
2094 3112 2299 3171 eadem
2337 3110 2588 3171 involvit
2630 3119 2865 3187 strages,
2898 3107 2999 3165 vel

601 3189 771 3249 ruina
797 3189 1019 3264 domus,
1049 3189 1148 3248 vel
1175 3196 1341 3249 terrae
1369 3197 1577 3266 motus,
1605 3191 1705 3249 vel
1740 3191 1974 3251 morbus
2017 3191 2384 3269 epidemicus,
2415 3191 2512 3249 vel
2539 3190 2771 3268 publica
2810 3189 3001 3264 aliqua

603 3267 920 3328 calamitas.
963 3268 1064 3326 An
1091 3287 1150 3327 v.
1179 3289 1238 3346 g.
1283 3269 1701 3347 AEgyptiorum
1726 3271 2125 3348 primogenitis
2154 3271 2227 3329 ab
2249 3269 2483 3348 Angelo
2506 3270 2745 3329 Domini
2768 3287 2997 3346 percus-

605 3348 686 3408 sis
714 3347 992 3424 similiter,
1024 3348 1122 3407 vel
1149 3348 1460 3426 AEgyptiis
1481 3349 1544 3406 in
1576 3351 1723 3408 mari
1752 3350 2056 3427 Erythraeo
2084 3350 2415 3426 submersis,
2446 3349 2543 3408 vel
2584 3348 2885 3409 Cananaeis
2924 3347 2999 3406 si-

603 3427 727 3488 mul
753 3428 935 3502 caesis,
967 3427 1066 3487 vel
1093 3427 1407 3488 infantibus
1435 3429 1759 3488 Betlehemi
1788 3430 1959 3491 simul
1993 3429 2297 3507 jugulatiS,
2338 3429 2527 3489 sidera
2568 3429 2770 3488 eodem
2811 3427 3001 3505 positu

601 3506 664 3568 in
707 3507 1010 3570 nativitate
1057 3507 1300 3568 illuxere
1320 3511 1350 3567 ⁴?
1403 3507 1646 3586 Rursus,
1692 3507 1793 3567 An
1833 3529 1952 3568 non
1996 3510 2227 3568 illorum
2268 3509 2442 3568 etiam
2480 3508 2732 3586 ingenia,
2780 3516 2843 3567 et
2888 3506 3005 3566 fata

601 3607 754 3665 saepe
783 3587 1115 3662 conformia,
1145 3587 1246 3665 qui
1273 3587 1669 3646 diversissimo
1696 3588 1950 3649 siderum
1978 3589 2171 3666 positu
2196 3588 2319 3646 nati
2334 3591 2363 3647 Ρ

683 3667 867 3727 VIII.
915 3669 972 3726 5.
1017 3666 1165 3741 Quia
1203 3675 1431 3744 tempus
1471 3667 1865 3744 conceptionis
1904 3675 1964 3726 et
2004 3667 2326 3728 nativitatis
2368 3667 2635 3742 hominis,
2677 3686 2754 3724 ex
2794 3665 3004 3742 quibus

597 3747 905 3825 horoscopi
958 3745 1092 3806 duci
1147 3745 1335 3806 solent
1380 3747 1699 3806 secundum
1752 3749 2023 3806 horarum
2069 3747 2517 3820 observationes,
2566 3747 2850 3806 incertum
2898 3753 3003 3804 est.

602 3825 1006 3904 Conceptionis
1033 3824 1283 3901 quidem,
1323 3826 1462 3903 quia
1487 3845 1641 3904 saepe
1681 3827 1839 3904 ipsos
1880 3835 2223 3904 generantes
2261 3826 2436 3902 latet3
2483 3826 2821 3885 Nativitatis
2845 3844 3004 3898 vero,

641 3905 739 3963 uia
776 3905 873 3963 vel
961 3912 1112 3964 otest
1151 3905 1452 3978 anteveni,
1495 3907 1593 3965 vel
1637 3905 1881 3983 produci
1926 3914 2161 3983 propter
2203 3905 2549 3982 parientium
2596 3905 3005 3964 infirmitatem.

664 3981 776 4042 dde
797 3925 958 4060 quod
972 3991 1248 4059 punctum
1270 3983 1594 4043 nativitatis
1605 3985 1799 4043 nullus
1810 3986 2138 4045 mortalium
2148 3993 2411 4044 accurate
2421 4005 2675 4062 unquam
2687 3983 3005 4044 subducere

601 4062 818 4140 possit;
863 4081 994 4120 cum
1022 4081 1108 4138 ea,
1137 4082 1269 4139 quae
1297 4083 1430 4121 cum
1457 4071 1620 4122 motu
1646 4064 1955 4141 conjuncta
1980 4085 2110 4125 esse
2138 4064 2301 4139 solet,
2346 4073 2636 4123 momento
2668 4084 2785 4123 non
2814 4061 3003 4122 absol-

601 4148 790 4200 vatur.
854 4139 996 4214 Quis
1022 4141 1208 4200 nescit
1234 4161 1374 4199 vero
1401 4141 1630 4199 facilem
1657 4161 1785 4201 esse
1806 4143 2224 4204 aberrationem
2250 4143 2313 4201 in
2338 4144 2539 4222 paucis
2564 4143 2721 4202 horae
2748 4160 3005 4201 momen·

601 4221 696 4284 tis.
727 4219 938 4297 quibus
964 4227 1158 4278 tamen
1177 4239 1390 4296 magna
1416 4220 1542 4278 fieri
1562 4221 1711 4280 solet
1742 4221 1894 4282 Solis
1914 4233 1973 4284 et
1994 4225 2292 4284 stellarum
2318 4233 2552 4301 propter
2577 4221 3005 4300 rapidissimum

601 4319 718 4377 quo
758 4305 1065 4357 moventur
1103 4307 1339 4375 motum,
1383 4299 1681 4361 inclinatio
1696 4305 1725 4361 Ρ
1774 4301 1947 4362 Unde
1994 4311 2215 4363 mutata
2258 4301 2711 4376 constellatione,
2740 4301 2904 4361 aliud
2945 4300 3006 4358 in

602 4378 808 4438 eodem
847 4377 1080 4436 homine
1119 4377 1300 4437 fatum
1329 4379 1480 4438 circa
1507 4379 1739 4440 diversa
1765 4383 2021 4443 membra
2048 4381 2527 4462 deprehendetur.
2612 4381 2838 4440 Rursus
2872 4397 3005 4438 cum

599 4457 900 4518 hominum
942 4456 1201 4532 fortunae,
1245 4467 1305 4518 et
1344 4459 1482 4536 vita,
1529 4480 1644 4519 non
1686 4481 1763 4520 ex
1801 4463 1989 4540 unius,
2034 4463 2140 4522 sed
2183 4483 2261 4521 ex
2306 4461 2665 4521 diversorum
2705 4459 3004 4518 hominum

600 4538 900 4597 voluntate
927 4545 988 4595 et
1015 4536 1222 4596 studiis
1261 4539 1564 4615 pendeant,
1595 4541 1883 4618 quomodo
1912 4563 1987 4600 ex
2012 4543 2185 4601 unius
2222 4541 2471 4602 hominis
2512 4541 2831 4615 horoscopo
2858 4557 3003 4614 prae-

601 4617 717 4680 diei
743 4619 1035 4696 possunt?
1076 4617 1154 4676 Et
1181 4618 1338 4695 quod
1363 4619 1553 4696 majus
1580 4628 1687 4695 est,
1718 4641 1835 4680 non
1862 4621 2050 4682 solum
2076 4621 2252 4699 hujus
2280 4621 2375 4681 vel
2417 4620 2575 4680 illius
2602 4618 2869 4692 hominis,
2902 4615 3005 4675 sed
