3300 5225
381 344 603 395 oumsr.
634 324 771 407 xv.]
1222 346 1301 386 DE
1330 346 1449 388 nso
1476 346 1613 406 mm,
1646 348 1724 390 m*
1751 347 1950 389 ramo.
2671 334 2790 392 203

464 485 621 546 XX.
664 486 957 545 Voluntas
996 484 1152 565 signi
1190 502 1321 565 quae
1349 488 1710 549 extrinsecus
1749 488 2088 567 proponitur
2113 488 2288 550 debet
2313 488 2660 568 respondere
2687 509 2792 549 vo-

378 567 593 627 luntati
620 566 795 627 alicui
820 567 1060 626 interme
1088 568 1151 625 in
1178 568 1324 643 Deo,
1354 588 1429 627 ne
1456 569 1533 628 sit
1560 570 1792 647 signum
1822 568 2030 628 falsum
2057 576 2116 629 et
2136 569 2352 631 fallax:
2396 570 2502 630 sed
2522 569 2793 631 voluntas

382 648 486 705 illa
512 648 753 723 interna,
784 666 901 706 non
930 656 1019 707 est
1045 647 1339 707 decretum
1368 648 1441 708 de
1468 649 1662 708 danda
1689 650 1876 709 salute
1915 650 2052 709 huic
2079 651 2178 709 vel
2216 650 2321 725 illi,
2353 650 2457 709 sed
2495 650 2791 710 decretum

380 728 457 787 de
498 726 883 805 praecipienda
908 726 1041 803 fide,
1072 736 1132 787 et
1169 729 1557 805 promittenda
1582 730 1769 789 salute
1799 730 1850 787 si
1887 730 2062 788 homo
2089 728 2431 789 crediderit:
2474 730 2632 807 quod
2657 731 2791 790 niti-

380 816 480 867 tur
506 817 629 867 tum
666 827 825 867 nexu
861 826 899 865 a
926 808 1054 866 Deo
1092 809 1407 867 constituto
1446 810 1597 869 inter
1634 809 1814 868 fidem
1853 818 1914 869 et
1953 810 2215 885 salutem,
2258 819 2383 869 tmn
2423 810 2650 870 interna
2679 810 2794 870 Dei

380 887 776 965 dispositione,
819 907 923 965 per
949 908 1124 966 quam
1151 896 1217 947 ut
1244 889 1497 966 seipsum
1522 897 1696 965 amat,
1741 908 1860 948 non
1885 898 2079 967 potest
2104 910 2222 948 non
2249 910 2440 949 amare
2469 891 2560 949 sui
2587 890 2791 967 imagi·

383 988 535 1043 nem,
578 968 907 1044 ubicunque
948 986 1077 1027 eam
1103 968 1265 1027 videt
1302 968 1607 1047 refulgere,
1653 968 1912 1047 adeoque
1953 969 2230 1029 delectari
2269 979 2544 1031 creaturae
2583 970 2698 1031 fide
2733 976 2794 1030 et

382 1048 721 1125 poenitentia
746 1056 985 1107 eatenus
1012 1056 1077 1108 ut
1102 1048 1263 1106 illam
1291 1048 1475 1108 salute
1504 1049 1698 1108 donet.

466 1128 656 1188 XXI.
704 1128 875 1187 Salus
914 1128 1197 1205 promissa
1228 1148 1361 1206 quse
1400 1130 1742 1208 proponitur
1779 1148 1883 1207 per
1907 1128 2265 1189 voluntatem
2291 1130 2462 1207 signi,
2493 1149 2610 1189 non
2637 1129 2795 1190 cadit

382 1208 615 1286 quidem
642 1208 871 1285 proprie
898 1216 957 1267 et
984 1209 1199 1267 directe
1228 1208 1337 1267 sub
1362 1218 1732 1287 praeceptum,
1763 1209 1902 1286 quia
1927 1208 1989 1265 in
2015 1229 2122 1269 suo
2147 1210 2376 1268 formali
2401 1211 2705 1287 promissio
2733 1218 2795 1270 et

382 1288 693 1367 praeceptio
715 1288 1013 1366 differunt3
1048 1288 1151 1346 illa
1171 1288 1313 1348 dicit
1332 1288 1694 1365 beneficium,
1718 1290 1844 1347 haec
1861 1307 2004 1347 vero
2025 1288 2310 1349 officium:
2357 1289 2476 1349 Sed
2493 1289 2792 1349 reductive

383 1378 445 1428 et
490 1368 830 1428 secundario
876 1376 1071 1447 potest
1110 1367 1185 1427 ad
1222 1369 1373 1429 illud
1414 1370 1719 1448 pertinere,
1763 1378 2049 1447 quatenus
2089 1368 2321 1428 additur
2359 1378 2647 1447 praecepto
2689 1388 2796 1446 per

382 1448 617 1507 modum
646 1448 881 1525 stimuli,
911 1457 977 1508 ut
1002 1448 1257 1507 medinm
1284 1458 1345 1509 et
1370 1450 1654 1509 motivum
1683 1450 1758 1509 ad
1799 1448 2171 1509 excitandum
2209 1449 2595 1509 obedientiam
2633 1450 2794 1508 illius

382 1530 478 1587 cui
503 1538 852 1607 praeceptum
880 1528 1067 1587 datur.
1150 1530 1231 1589 Et
1256 1531 1523 1606 quamvis
1548 1550 1787 1589 necesse
1815 1529 1892 1588 sit
1931 1529 2370 1607 promissionem
2409 1530 2622 1588 habere
2661 1527 2792 1587 fun-

384 1608 716 1669 damentum
736 1608 973 1685 aliquod
994 1610 1355 1669 certitudinis
1376 1620 1636 1687 eventuS,
1668 1619 1734 1670 ut
1753 1618 1986 1669 moveat
2011 1608 2319 1685 hominem,
2342 1628 2460 1668 non
2479 1608 2793 1688 petendum

380 1698 473 1747 est
512 1688 659 1749 fflud
698 1710 735 1749 a
774 1692 995 1748 decreto
1022 1691 1142 1748 Dei
1178 1692 1333 1749 circa
1362 1711 1645 1767 personas
1673 1690 2014 1768 singulares,
2045 1689 2119 1748 de
2147 1689 2496 1749 conferenda
2523 1689 2792 1749 omnibus

382 1769 585 1846 salute,
618 1768 776 1847 quod
814 1768 1129 1828 consistere
1169 1789 1287 1828 non
1326 1780 1519 1848 potest
1558 1790 1692 1829 cum
1730 1771 1963 1829 decreto
1987 1770 2445 1847 reprobationis;
2489 1769 2594 1829 sed
2635 1790 2670 1827 a
2697 1772 2792 1828 de-

380 1858 533 1909 creto
548 1854 666 1926 ejus
680 1850 837 1909 circa
850 1868 943 1907 res
970 1851 1139 1926 ipsas,
1170 1848 1249 1907 id.
1278 1850 1353 1907 ab
1382 1851 1742 1909 ordinatione
1770 1859 1830 1910 et
1857 1850 2214 1910 connexione
2242 1849 2614 1928 inseparabili
2639 1849 2796 1909 facta

383 1949 419 1987 a
448 1930 575 1989 Deo
616 1931 767 1989 inter
807 1929 979 1988 fidem
1017 1938 1076 1987 et
1118 1929 1377 2004 salutem,
1409 1938 1477 1989 ut
1515 1931 1667 1988 inter
1706 1929 1899 1988 media
1937 1938 1998 1988 et
2035 1930 2245 1990 finem:
2285 1931 2424 1990 hinc
2451 1930 2606 1989 enim
2632 1928 2701 1989 fit
2727 1938 2796 1989 ut

377 2010 701 2069 certissime
742 2008 1108 2085 promittatur
1148 2008 1305 2066 salus
1344 2008 1405 2065 in
1437 2008 1762 2085 Evangelio
1799 2009 2066 2067 omnibus
2093 2008 2477 2083 credentibus,
2508 2009 2646 2085 quia
2671 2017 2793 2067 tam

381 2099 541 2148 arcta
568 2089 739 2147 datur
766 2108 841 2145 ex
876 2087 998 2145 'Dei
1036 2087 1397 2163 beneplacito
1426 2089 1710 2146 connexio
1752 2088 1902 2145 inter
1939 2086 2112 2146 fidem
2141 2097 2201 2147 et
2228 2090 2489 2163 salutem,
2520 2096 2586 2147 ut
2621 2107 2794 2147 nemo

380 2168 541 2227 illam
568 2168 779 2225 habere
808 2174 998 2242 queat,
1030 2166 1171 2241 quin
1199 2166 1365 2225 istius
1394 2167 1469 2225 sit
1497 2167 1671 2225 etiam
1699 2184 1952 2242 compos.

464 2246 693 2305 XXII.
746 2247 923 2304 Verbo
970 2246 1065 2303 isti
1105 2254 1336 2303 externo
1377 2244 1535 2322 quod
1582 2245 1813 2321 signum
1854 2252 1960 2318 est,
2004 2263 2062 2301 v.
2105 2264 2164 2322 g.
2220 2247 2413 2305 Omnis
2461 2248 2690 2303 credens
2733 2246 2792 2304 t’n

387 2326 673 2386 claretum
697 2326 1024 2400 servabitur,
1057 2323 1366 2402 respondet
1392 2324 1627 2401 aliquod
1653 2325 1880 2383 verbum
1900 2324 2177 2382 internum
2205 2344 2308 2383 seu
2333 2344 2426 2382 res
2445 2325 2756 2403 siqntficata
2767 2348 2794 2397 ,·

384 2406 677 2465 Voluntas
716 2405 856 2464 nim.
902 2406 1015 2464 Dei
1056 2405 1435 2463 connectendi
1478 2402 1938 2481 inseparabiliter
1976 2400 2150 2460 fidem
2209 2403 2267 2460 in
2307 2403 2599 2462 Christum
2661 2423 2793 2462 cum

383 2486 587 2562 salute,
619 2493 678 2545 et
704 2486 879 2544 talem
906 2484 1167 2543 ordinem
1195 2504 1263 2543 ac
1291 2484 1495 2544 salutis
1521 2484 1679 2542 viam
1718 2482 1940 2541 homini
1977 2481 2371 2561 proponendi:
2415 2482 2520 2542 sed
2543 2502 2662 2542 non
2689 2503 2794 2560 po-

382 2574 498 2627 test
525 2585 650 2626 esse
678 2566 948 2626 voluntas
978 2564 1382 2626 conditionalis
1410 2583 1609 2625 omnes
1636 2571 1696 2625 et
1724 2562 1986 2642 singulos
2014 2563 2124 2624 sub
2165 2562 2278 2623 ista
2303 2562 2630 2624 conditione
2674 2583 2792 2623 ser-

382 2646 578 2723 vandi,
598 2646 734 2724 quia
757 2655 1063 2706 testaretur
1084 2646 1246 2705 Deus
1268 2665 1331 2705 se
1351 2645 1414 2705 id
1432 2646 1585 2705 velle
1606 2644 1764 2724 quod
1784 2665 1988 2706 revera
2005 2663 2125 2703 non
2145 2643 2275 2704 vult
2295 2663 2435 2722 erga
2451 2645 2792 2722 Praeteritos,

380 2726 592 2804 quibus
620 2727 1005 2786 conditionem
1035 2726 1301 2804 denegat.

465 2807 725 2866 XXIII.
772 2807 936 2868 Licet
961 2807 1233 2866 voluntas
1276 2805 1429 2883 signi
1470 2805 1760 2884 significet
1800 2804 1990 2864 Deum
2031 2823 2158 2864 esse
2198 2802 2642 2879 misericordem,
2673 2821 2793 2862 non

384 2887 643 2964 sequitur
669 2885 879 2946 debere
918 2907 1047 2946 esse
1087 2885 1515 2945 misericordem
1556 2893 1824 2964 respectu
1859 2884 2114 2944 omnium
2151 2892 2210 2943 et
2249 2883 2643 2961 singulorum3
2687 2883 2795 2962 sed

384 2975 607 3026 tantum
648 2975 913 3046 respectu
954 2987 1152 3026 eorum
1194 2966 1295 3044 qui
1342 2965 1733 3025 conditionem
1776 2966 2076 3024 voluntate
2121 2965 2233 3023 ista
2279 2981 2612 3040 expressam
2657 2971 2794 3023 sunt

381 3047 652 3122 habituri,
695 3047 836 3105 nim.
878 3046 1250 3122 credentium,
1296 3047 1397 3124 qui
1438 3065 1571 3104 cum
1610 3065 1730 3104 non
1769 3045 1870 3104 alii
1911 3045 2028 3104 sint
2068 3063 2241 3121 quam
2283 3043 2489 3120 Electi,
2535 3042 2611 3102 ad
2645 3042 2792 3102 istos

382 3134 605 3186 tantum
635 3127 1028 3185 misericordia
1052 3127 1355 3186 voluntate
1382 3126 1494 3186 ista
1522 3143 1798 3202 expressa
1835 3124 2064 3202 proprie
2103 3124 2387 3201 pertinet:
2429 3121 2604 3183 Adde
2633 3121 2792 3201 quod

382 3225 513 3266 cum
539 3205 813 3265 voluntas
854 3206 966 3266 ista
1006 3207 1159 3284 signi
1204 3225 1501 3284 nunquam
1543 3205 1718 3264 fuerit
1755 3203 2102 3262 universalis
2143 3211 2406 3281 respectu
2447 3203 2704 3263 omnium
2731 3212 2792 3264 et

384 3287 764 3364 singulorum,
811 3286 947 3345 licet
990 3285 1163 3345 fuerit
1203 3285 1489 3363 generalis
1516 3292 1576 3344 et
1603 3284 1924 3343 communis
1959 3291 2224 3361 respectu
2253 3284 2508 3342 omnium
2547 3281 2790 3362 populo·-

380 3385 510 3424 rum
551 3375 611 3426 et
650 3365 1062 3442 conditionum,
1106 3385 1223 3424 non
1268 3373 1461 3443 potest
1504 3363 1899 3424 misericordia
1943 3383 2048 3441 per
2088 3363 2250 3421 illam
2296 3363 2620 3440 significata
2662 3383 2792 3424 esse

380 3446 745 3506 universalis.

464 3526 717 3584 XXIV.
765 3525 828 3584 Si
869 3526 1029 3585 Deus
1069 3544 1174 3604 per
1212 3523 1383 3584 istam
1410 3523 1770 3582 voluntatem
1797 3521 2149 3599 significaret
2177 3541 2239 3581 se
2266 3522 2420 3581 velle
2447 3521 2702 3582 omnium
2731 3528 2791 3580 et

382 3605 743 3681 singulorum
772 3606 1033 3680 salutem,
1066 3605 1417 3682 significaret
1444 3623 1507 3661 se
1534 3601 1597 3660 id
1622 3601 1777 3661 velle
1803 3601 1962 3679 quod
1999 3601 2236 3660 minime
2263 3601 2408 3675 vult,
2439 3623 2570 3660 cum
2611 3601 2790 3678 pluri-

364 3684 947 3821 ‘mtfstpraetereundo
981 3685 1295 3823 eosisalttilte
1322 3683 1537 3821 depare
1562 3681 1849 3820 nptiimtliit:
1891 3680 2221 3838 sedgffilfiumt
2231 3680 2608 3820 signigcatffe
2636 3680 2791 3819 vellg

384 3781 1399 3822 saumommumcreenume
1562 3781 1982 3835 mnum,s1
2127 3781 2748 3838 easelveequo

384 3859 587 3900 revera
614 3842 757 3918 vult,
788 3851 847 3902 et
872 3844 1021 3901 nihil
1046 3843 1258 3918 verine,
1290 3841 1436 3899 nihil
1464 3781 1742 3900 fficerius
1770 3849 1860 3900 est
1886 3842 1999 3900 ista
2025 3841 2429 3900 declaratione.

989 3922 1204 3981 XXV.
1250 3921 1468 3996 Quarta
1506 3919 1802 3980 distinctio
1829 3921 2166 3980 Voluntatis
2207 3929 2330 3996 est3
2382 3920 2458 3979 In
2495 3921 2790 3978 Arcanum

384 3985 863 4091 νοὲῗῖξζζθῇζξω
902 4010 961 4061 et
992 4003 1323 4061 Revelatam
1340 4025 1360 4060 .·
1402 4001 1517 4059 Illa
1555 4001 1736 4078 vulgo
1777 4001 2021 4060 refertur
2058 4001 2135 4060 ad
2175 4000 2532 4060 voluntatem
2574 4000 2790 4060 decreti

776 4077 789 4090 '
907 4101 1037 4158 quse
1078 4082 1140 4138 in
1184 4081 1311 4140 Deo
1344 4089 1408 4140 ut
1447 4081 1761 4158 plurimum
1797 4081 1976 4158 latet3
2019 4081 2134 4140 ista
2158 4101 2299 4140 vero
2327 4080 2403 4140 ad
2430 4080 2788 4139 voluntatem

382 4160 655 4240 praecepti
696 4179 827 4237 quae
866 4161 1159 4221 revelatur
1198 4170 1257 4221 et
1294 4167 1455 4238 patet
1494 4161 1556 4219 in
1602 4160 1762 4238 Lege
1799 4169 1858 4220 et
1896 4162 2238 4240 Evangelio.
2323 4159 2788 4220 Fundamentum

382 4241 511 4318 ejus
550 4239 767 4317 petitur
793 4260 869 4300 ex
897 4241 1074 4301 Deut.
1104 4243 1272 4302 xxix.
1302 4244 1398 4301 29.
1448 4242 1688 4299 Arcana
1713 4243 1798 4299 ad
1836 4242 2022 4300 Deum
2047 4251 2302 4300 nostr-um
2331 4242 2622 4319 pertinent
2632 4265 2658 4314 ,·
2697 4260 2788 4298 re·-

376 4323 567 4379 velata
604 4339 739 4379 vero
780 4323 865 4379 ad
898 4341 999 4380 nos
1041 4331 1096 4380 et
1115 4324 1273 4401 filios
1311 4331 1545 4397 nostros,
1588 4327 1654 4378 ut
1678 4323 1966 4397 sammua
2003 4323 2175 4380 verba
2201 4322 2370 4398 ιερὰ
2411 4323 2591 4396 hujus.
2675 4319 2790 4377 111⁸

381 4399 594 4458 dicitur
632 4400 919 4477 profunda
944 4401 1192 4480 abyssus
1218 4411 1277 4462 et
1312 4401 1877 4478 irnpervestigabilis,
1910 4401 2064 4460 Psal.
2095 4402 2302 4458 xxxvi.
2333 4404 2389 4475 6,
2420 4409 2478 4459 et
2507 4401 2675 4458 Rom.
2705 4397 2788 4456 xi.

380 4481 477 4555 33,
510 4483 607 4539 34.
693 4480 819 4540 Ista
844 4481 1115 4540 omnibus
1142 4482 1409 4560 exposita
1434 4490 1541 4557 est,
1570 4501 1760 4558 neque
1785 4490 1877 4540 est
1914 4481 2116 4561 procul
2153 4501 2193 4540 a
2220 4480 2404 4554 nobis,
2437 4480 2611 4537 Dent.
2641 4496 2787 4534 xxx.

387 4563 496 4635 143
543 4559 715 4618 Rom.
744 4581 805 4620 x.
836 4563 895 4620 8.
956 4562 1070 4620 Illa
1108 4581 1213 4640 pro
1250 4562 1481 4641 objecto
1517 4562 1696 4620 habet
1721 4581 1791 4620 ea
1817 4561 2010 4620 omnia
2035 4581 2166 4638 quae
2196 4561 2360 4619 Deus
2384 4559 2514 4618 vult
2541 4564 2640 4615 aut
2667 4551 2788 4612 effi-

380 4657 529 4714 cere,
560 4647 662 4699 aut
700 4641 1052 4717 permittere,
1094 4649 1153 4700 et
1188 4661 1317 4718 quse
1360 4639 1422 4698 in
1463 4641 1652 4718 specie
1679 4640 1753 4700 de
1783 4640 2027 4718 singulis
2067 4639 2400 4698 hominibus
2427 4637 2556 4695 vult
2581 4633 2786 4708 facere,
