3300 5225
338 345 564 396 Quffisr.
594 329 707 409 η]
1340 351 1419 393 nr.
1449 351 1732 394 rucene.
2611 341 2738 402 ,575

1275 569 1650 643 QUAEs‘rIo
1691 571 1814 630 XI.

344 724 439 783 An
464 725 763 784 Peccatum
788 726 1023 804 oviyinis
1049 726 1231 803 ipsam
1246 728 1467 787 Anam
1491 729 1855 788 ammutium
1882 728 2243 806 corruperit!
2283 731 2370 790 Et
2391 751 2470 792 cm
2489 733 2743 794 siemera

800 806 1075 882 privatio,
1099 807 1194 866 An
1220 809 1389 866 etiam
1405 808 1654 882 positiva
1681 811 1944 886 quadam
1971 809 2212 885 qualitas
2231 811 2258 867 3

426 961 477 1019 Ι.
522 961 656 1020 Duo
684 970 820 1022 sunt
846 972 1105 1023 extrema
1132 965 1283 1024 circa
1310 973 1573 1024 naturam
1603 965 1835 1023 Peccati
1850 964 2162 1042 originalis
2189 985 2265 1024 ex
2293 985 2459 1044 aequo
2485 968 2742 1029 vitanda.

350 1043 403 1098 1.
429 1040 501 1097 In
522 1060 763 1118 excessu,
788 1061 985 1102 eorum
1010 1044 1111 1120 qui
1137 1051 1436 1121 peccatum
1454 1043 1734 1119 originale
1763 1053 1999 1103 censent
2025 1045 2200 1104 situm
2227 1064 2354 1104 esse
2374 1047 2436 1104 in
2457 1047 2583 1125 ipsa
2611 1050 2743 1107 sub-

344 1119 572 1177 stantiae
600 1120 804 1179 animae
834 1123 1213 1200 corruptione.
1258 1127 1315 1182 2.
1346 1124 1421 1182 In
1446 1125 1682 1198 defectu,
1707 1142 1904 1182 eorum
1945 1123 2047 1200 qui
2086 1123 2293 1184 volunt
2335 1127 2648 1186 consistere
2684 1128 2746 1185 in

342 1216 503 1256 mera
528 1201 781 1258 carentia
806 1209 866 1260 et
890 1201 1213 1278 privatione
1240 1203 1284 1261 J
1284 1202 1515 1262 ustitiae.

658 1343 689 1356 ..
989 1281 1073 1339 ΙΙ.
1119 1282 1375 1341 Primum
1402 1299 1654 1340 errorem
1674 1281 1939 1338 Flaccina
1963 1282 2231 1356 Illy-icus
2251 1283 2530 1360 superiori
2551 1285 2748 1344 seculo

345 1338 500 1387 Error
510 1340 693 1445 Ῑξίζζω
706 1343 825 1402 Illy·
864 1359 1270 1436 propugnavit,
1314 1361 1416 1438 qui
1453 1368 1521 1418 ut
1566 1359 1773 1419 fortius
1816 1369 2100 1437 pugnaret
2143 1369 2342 1420 contra
2384 1362 2749 1422 Victorinum

871 1437 1206 1514 Strigelium
1235 1439 1533 1516 collegam
1560 1458 1746 1514 suum,
1789 1439 2036 1497 liberum
2068 1439 2318 1498 hominis
2345 1440 2644 1499 arbitrium
2685 1442 2748 1500 in

346 1515 722 1573 conversione
770 1517 1163 1592 extollentem,
1194 1525 1253 1576 et
1300 1517 1726 1594 corruptionem
1769 1525 2193 1593 extenunntmn,
2236 1526 2537 1595 peccatum
2563 1519 2748 1596 ipsam

347 1592 600 1654 hominis
628 1593 1011 1654 substantiam
1038 1595 1304 1655 infecisse
1326 1595 1615 1672 pertendit
1634 1618 1666 1670 ς,
1681 1615 1852 1673 quem
1882 1606 2112 1655 secutus
2139 1605 2228 1656 est
2257 1597 2534 1674 Cyriacus
2565 1599 2748 1675 Span-

348 1671 623 1748 genberg,
656 1693 786 1732 cum
828 1693 943 1750 quo
985 1674 1215 1733 videtur
1254 1683 1578 1733 monstrosa
1615 1675 1743 1732 haec
1781 1673 1972 1751 opinio
2009 1675 2332 1734 evanuisse·
2417 1675 2590 1734 Unde
2633 1697 2751 1736 non

348 1749 475 1808 sine
511 1751 799 1810 calumnia
828 1753 1063 1830 Bellar.‚
1093 1754 1134 1812 l.
1162 1773 1221 1812 v.
1252 1774 1301 1812 c.
1337 1757 1387 1829 1,
1434 1773 1686 1812 errorem
1725 1754 1880 1812 hunc
1915 1753 2120 1812 tribuit
2153 1753 2286 1828 illis,
2332 1755 2434 1830 qui
2469 1749 2750 1815 adversus

346 1827 505 1886 illam
534 1829 917 1890 decertarunt.

416 1908 551 1969 111.
594 1908 921 1968 orthodoxi
962 1909 1115 1968 enim
1162 1918 1493 1969 constanter
1535 1917 1797 1969 statuunt
1840 1913 2139 1969 Peccatum
2187 1930 2222 1969 a
2264 1911 2590 1970 Substantia
2629 1912 2757 1990 ipsa

350 1985 823 2063 distinguendum
852 2007 995 2064 esse,
1026 1997 1093 2046 ut
1118 1987 1385 2046 accidens
1413 1997 1473 2046 et
1498 1989 1835 2064 qualitatem
1877 1989 2146 2048 vitiosam
2174 2009 2209 2046 a
2237 1990 2500 2066 subjecto
2529 2010 2652 2049 sue.
2701 1994 2753 2050 1.

348 2063 499 2138 Quia
526 2065 713 2122 omnis
740 2067 1064 2125 substantia
1105 2074 1295 2125 creata
1323 2075 1411 2125 est
1438 2086 1473 2123 a
1502 2067 1647 2139 Deo,
1693 2075 1751 2124 et
1777 2085 1848 2124 eo
1875 2085 2050 2134 sensu
2091 2067 2244 2126 bona
2271 2077 2362 2126 est
2403 2069 2553 2128 Gen.
2582 2069 2622 2128 i.
2651 2073 2750 2140 31,

355 2147 385 2200 1
418 2143 565 2203 Tim.
596 2144 677 2202 iv.
706 2147 763 2203 4.
834 2149 890 2204 2.
922 2145 1071 2218 Quia
1094 2145 1389 2220 Scriptura
1408 2143 1716 2220 distinguit
1735 2151 1996 2202 naturam
2019 2152 2078 2203 et
2102 2147 2540 2222 peccatum'ipsi
2561 2147 2753 2206 adha-

352 2241 501 2295 ren8‚
530 2242 707 2298 quum
736 2231 910 2282 vocat
936 2223 1081 2281 illud
1108 2225 1463 2304 ιῦπςίστιιτυ,
1493 2223 1856 2302 παρακείμενοι,
1885 2230 1944 2280 et
1970 2223 2128 2299 quod
2153 2222 2378 2282 habitat
2391 2225 2454 2281 in
2480 2225 2666 2301 nobis,
2696 2235 2756 2285 et

350 2309 571 2359 vestem
602 2321 731 2377 quae
758 2302 1027 2360 exuenda
1053 2311 1159 2360 est.
1223 2306 1279 2362 3.
1311 2302 1460 2377 Quia
1488 2302 1571 2360 sic
1598 2309 1934 2378 sequeretur
1962 2301 2252 2360 Christum
2275 2303 2622 2362 assumendo
2647 2323 2750 2362 na-

350 2388 557 2454 turam,
586 2380 965 2458 assumpsisse
992 2380 1167 2439 etiam
1206 2388 1506 2458 peccatum
1547 2388 1607 2438 et
1646 2379 2068 2458 corruptionem
2111 2381 2316 2456 ipsam,
2359 2389 2418 2440 et
2461 2382 2754 2441 hominem

353 2467 486 2536 post
513 2459 1022 2519 sanctificationem
1050 2469 1109 2519 et
1134 2459 1609 2518 resurrectionem
1636 2459 1815 2516 alium
1843 2477 1970 2516 esse
1997 2459 2190 2534 quoad
2221 2459 2530 2519 essentiam
2570 2460 2645 2519 ab
2685 2481 2756 2520 eo

349 2538 455 2616 >qui
482 2546 605 2598 erat
632 2547 819 2598 antea.
862 2542 919 2596 4.
952 2539 1259 2598 Peccatum
1286 2559 1403 2597 non
1430 2545 1621 2615 potest
1657 2536 1957 2615 praedicari
1983 2536 2056 2595 de
2081 2537 2313 2596 homine
2340 2538 2400 2596 in
2438 2539 2756 2617 quastione

352 2618 493 2693 quid
516 2628 611 2695 est,
641 2618 777 2697 quie
802 2626 958 2677 esset
997 2619 1096 2677 vel
1120 2638 1307 2695 genus
1334 2618 1431 2678 vel
1479 2618 1718 2695 species,
1749 2616 1853 2675 sed
1879 2624 2105 2675 tantum
2153 2618 2214 2675 in
2242 2620 2559 2694 quaestione
2587 2623 2754 2697 quale

352 2716 550 2834 φωῙἺῙ.
594 2774 883 2854 Quicquid
909 2785 999 2836 est
1040 2774 1216 2851 ἄνομον
1244 2776 1304 2833 in
1331 2775 1639 2851 abennem,
1687 2793 1790 2834 seu
1816 2776 2012 2851 ἇκμίι,
2063 2794 2268 2834 revera
2303 2785 2606 2853 peccatum
2645 2785 2752 2853 est,

354 2854 459 2914 sed
485 2874 603 2913 non
630 2856 827 2915 statim
853 2856 1009 2932 quod
1038 2856 1249 2914 dicitur
1274 2852 1449 2931 ἄνομοι
1475 2855 1538 2912 in
1564 2862 1850 2929 concreto,
1881 2854 2022 2931 quia
2046 2862 2346 2931 peccatum
2371 2855 2434 2911 in
2459 2874 2522 2914 se
2543 2856 2752 2931 habet;

352 2936 485 3009 Quo
514 2953 689 2993 sensu
714 2944 921 2994 natura
945 2935 1199 2994 humans
1217 2936 1428 2994 dicitur
1452 2933 1645 3011 ἄκρας,
1677 2953 1796 2992 non
1814 2932 1972 3026 quod
1999 2932 2076 2992 sit
2095 2934 2284 3011 ipsum
2309 2942 2628 3012 peccatum,
2651 2935 2756 2994 sed

352 3022 909 3151 qmapelsgutffnmconvl·
932 3013 1345 3153 digiae-⁰3:1³?
1322 3014 2217 3169 ἰὲθηὲΐίζᾞξῗεεοηοτὲᾰοηθω
2243 3110 2362 3149 non
2376 3092 2621 3169 physice,
2653 3093 2757 3153 sed

352 3169 541 3243 effice,
572 3171 711 3246 quia
736 3171 937 3229 eadem
966 3172 1289 3231 substantie
1315 3192 1445 3250 quoe
1472 3171 1688 3230 infecta
1711 3170 1820 3231 fuit
1845 3179 2099 3249 peccato,
2131 3169 2304 3229 debet
2322 3173 2629 3231 restaurari
2655 3192 2760 3250 per

356 3247 637 3325 gratiam3
684 3249 815 3311 Nec.
834 3249 885 3306 si
928 3250 1229 3309 exuendus
1257 3250 1467 3309 dicitur
1507 3260 1663 3309 vetus
1705 3252 1884 3326 home,
1915 3260 1975 3309 et
2021 3269 2193 3308 novus
2219 3250 2548 3327 induendus,
2597 3252 2758 3311 aliud

356 3326 631 3401 innuitur,
682 3346 855 3403 quam
895 3328 1318 3403 corruptionem
1358 3329 1595 3403 peccati,
1642 3347 1772 3403 quse
1813 3329 2105 3387 moraliter
2141 3338 2294 3387 vetus
2335 3330 2496 3389 homo
2529 3330 2757 3406 dicitur,

356 3406 495 3483 quia
520 3425 556 3463 a
573 3406 757 3465 veteri
782 3405 1015 3465 Adamo
1042 3405 1356 3479 descendit,
1388 3424 1513 3463 esse
1542 3405 1922 3482 abjiciendam
1951 3407 2025 3463 ab
2051 3406 2299 3481 homine,
2331 3416 2397 3467 ut
2421 3428 2568 3485 opus
2595 3428 2758 3485 rege-

358 3484 689 3558 nerationis,
709 3483 865 3560 quod
890 3504 995 3560 per
1010 3504 1214 3542 novum
1234 3484 1505 3542 hominem
1526 3482 1901 3559 significatur,
1931 3483 2232 3542 inchoetur
2251 3492 2310 3541 et
2335 3494 2757 3559 promoveatur.

363 3562 527 3621 Idem
572 3562 881 3622 dicendum
906 3563 981 3622 de
1012 3563 1143 3621 eliis
1186 3561 1492 3640 phrasibus
1528 3568 1828 3639 peccatum
1868 3560 1968 3619 vel
2007 3560 2250 3637 gratiam
2293 3563 2755 3640 connotnntibus,

358 3642 435 3700 ab
462 3640 591 3719 ipsa
615 3642 865 3701 hominis
892 3642 1215 3701 substantie
1238 3640 1469 3718 petitis;
1512 3660 1643 3717 quoe
1672 3646 1978 3699 sumuntur
2015 3638 2199 3714 ethice,
2229 3658 2346 3697 non
2376 3642 2622 3718 physice,
2649 3661 2758 3701 nee

360 3730 479 3780 tam
506 3722 566 3778 in
595 3721 901 3795 abstracto,
932 3740 1107 3798 quam
1132 3721 1195 3779 in
1220 3727 1505 3794 concreto,
1536 3719 1613 3777 ed
1636 3716 2098 3795 magnitudinem
2125 3718 2506 3795 corruptionis
2545 3729 2758 3781 nostra

360 3820 431 3859 eo
458 3799 745 3859 efficacius
772 3800 1225 3877 exprimendam.

362 3912 367 3917 ·
444 3879 555 3938 VI.
599 3880 644 3938 J
644 3880 844 3939 ustitia
870 3879 1167 3957 originalis
1192 3886 1253 3937 et
1280 3884 1579 3955 peceatum
1606 3876 1720 3937 sibi
1747 3876 1998 3935 invicem
2013 3885 2412 3953 opponuntur3
2445 3877 2548 3937 sed
2569 3876 2760 3955 imago

365 3958 478 4015 Dei
504 3958 679 4017 latius
704 3958 1015 4035 aliquando
1042 3966 1369 4035 usurpetur,
1390 3965 1676 4034 quatenus
1703 3955 1780 4013 ed
1805 3954 1987 4033 ipsius
2011 3956 2222 4015 animm
2247 3955 2628 4015 substantiam
2646 3957 2762 4035 spi-

362 4037 629 4097 ritualem
656 4046 715 4097 et
742 4038 1119 4097 immortalem
1150 4036 1499 4097 extenditur.
2005 4058 2014 4067 ·

362 4158 621 4206 Sententia
636 4157 836 4203 Pontia·
1004 4116 1152 4175 VII.
1197 4117 1271 4175 In
1298 4119 1510 4191 defectu
1541 4123 1784 4193 peccent
1819 4113 2112 4193 Ponnficii,
2151 4112 2254 4190 qui
2277 4120 2460 4173 totam
2499 4122 2764 4175 naturam

422 4218 608 4263 ciorum
619 4216 679 4261 de
696 4220 837 4261 nam.
877 4196 1099 4274 peccati
1126 4196 1425 4273 originalis
1450 4196 1808 4271 restringunt
1833 4193 1910 4252 ad
1933 4212 2152 4252 meram
2179 4192 2490 4253 carentium
2517 4214 2620 4254 seu
2647 4194 2763 4272 pri-

420 4273 705 4393 amffi
744 4275 839 4321 ⁰*
880 4272 2762 4429 Zssoffmffiffififfifisgumffiffiffiffiffiuffiffingffi

364 4434 505 4493 tatis
532 4452 769 4493 accessu
794 4431 1093 4508 definiunt,
1116 4433 1273 4510 quod
1299 4374 1788 4507 Amelmusffibro
1815 4430 1888 4490 de
1906 4433 2145 4493 Peccato
2171 4430 2442 4507 oriqinali
2464 4430 2648 4507 capite
2665 4432 2762 4505 25,

364 4520 427 4572 et
452 4521 585 4590 post
612 4532 744 4573 eum
776 4512 1119 4572 Scholastici
1158 4512 1419 4589 plerique
1448 4518 1728 4585 statuunt,
1759 4528 1890 4587 quae
1915 4512 2274 4573 communior
2313 4519 2404 4570 est
2429 4507 2584 4586 apud
2614 4508 2766 4567 Pon·

366 4592 577 4661 fificios
599 4592 906 4663 sententis.
995 4591 1217 4671 Scopus
1245 4610 1443 4652 eorum
1470 4600 1575 4667 est,
1606 4591 1870 4651 evincere
1897 4590 2188 4671 hominem
2215 4596 2348 4667 post
2377 4590 2618 4666 lapsum,
2649 4606 2766 4653 non
