3300 5225
264 322 489 379 Quazsr.
518 305 633 392 na]
1118 334 1195 374 m:
1226 334 1627 383 rnovmsu‘ru
1658 334 1780 377 nm.
1911 380 1916 387 ,
2545 317 2660 375 481

265 465 554 527 Dominus
580 470 751 529 nobis
775 471 839 531 in
864 484 1094 551 poen'am
1118 474 1393 553 injunxit,
1423 484 1491 543 ut
1514 490 1623 537 nos
1663 476 2026 552 humiliaret3
2073 473 2192 535 Sed
2217 494 2414 533 curam
2440 478 2690 537 tantumss.

261 548 517 623 anxiam,
548 558 607 609 et
634 570 1049 631 supervacuam
1077 555 1541 633 sollicitudinem,
1560 576 1688 634 -qua
1712 557 1977 617 homines
2022 554 2308 615 inereduli
2332 563 2392 613 et
2417 554 2670 632 gentiles

263 646 329 687 se
358 629 690 691 excruciare
718 631 923 709 solent,
952 634 1205 712 damnat,
1234 656 1365 713 quae
1392 656 1471 695 ex
1496 636 1816 697 diffidentia
1849 635 2230 715 providentiae
2270 634 2468 710 oritur,
2538 634 2690 695 uasi-

266 705 431 765 Deus
459 708 679 770 otiosus
704 712 767 771 in
794 713 941 773 coelo
974 714 1263 791 dormiret,
1292 715 1391 775 vel
1416 736 1535 777 non
1560 717 1916 795 prospiceret
1953 716 2128 775 rebus
2167 714 2475 775 humanis:
2575 714 2668 777 ult

262 806 406 863 ergo
431 786 633 849 fideles
660 791 723 849 in
748 800 1045 870 paternam
1074 794 1189 854 Dei
1214 814 1411 855 curam
1438 804 1499 859 et
1522 796 1840 857 bonitatem
1859 795 2210 869 recumbere,
2230 803 2290 853 et
2309 793 2384 853 ab
2411 813 2480 853 eo
2507 802 2666 855 nan-

262 866 445 959 quille
472 878 795 964 expectare,
824 873 887 932 in
913 873 1190 957 legitimae
1229 875 1551 937 vocationis
1590 877 1885 953 exercitio,
1915 894 2273 955 quaecunque
2315 874 2428 934 sibi
2466 892 2666 935 neces-

262 965 418 1005 sana
442 967 571 1008 esse
592 959 866 1011 sentiunt.
1650 1018 1656 1021 Α
1863 1014 1870 1023 .
2685 995 2689 999 ’

284 1086 293 1096 .
857 1032 935 1093 V.
978 1035 1035 1093 3.
1064 1034 1267 1095 Nimia
1290 1036 1473 1098 caus&
1497 1036 1754 1097 secunda
1779 1035 2097 1097 adlaoeeiom
2115 1058 2141 1108 ,0
2180 1053 2316 1094 nam
2341 1041 2410 1093 ut
2435 1033 2536 1111 qui
2564 1053 2668 1095 eas

292 1102 339 1151 3·
358 1103 723 1211 Ξὶἲὲῖίζῦῗέῦ
782 1131 1017 1189 prorsus
1057 1115 1383 1193 negligunt,
1435 1116 1627 1177 Deum
1669 1124 1910 1192 tentant,
1965 1114 2339 1192 inquirentes,
2385 1133 2461 1171 an
2503 1114 2677 1173 Deus'

351 1220 579 1271 haesione.
706 1192 723 1203 '
784 1192 959 1251 etiam
980 1193 1103 1251 sine
1126 1194 1331 1253 mediis
1351 1195 1507 1271 ipsos
1528 1196 1605 1255 sit
1630 1204 2101 1270 conservaturus3
2133 1195 2266 1253 Non
2281 1192 2474 1252 miuus
2490 1190 2666 1251 etiam

787 1271 849 1330 in
874 1292 1007 1337 eum
1033 1282 1291 1350 peccant,
1320 1275 1423 1352 qui
1448 1275 1565 1337 illis
1600 1275 1842 1339 nimium
1881 1274 2161 1349 tribuunt,
2190 1273 2462 1332 fiduciam
2502 1292 2668 1331 suam

263 1344 326 1404 in
354 1346 471 1407 illis
499 1349 854 1427 collocando,
885 1360 944 1411 et
970 1352 1143 1411 certis
1169 1354 1517 1431 quibusdam
1550 1354 1777 1431 mediis,
1806 1354 1989 1419 veluti
2031 1354 2197 1413 clavo
2238 1352 2448 1412 trabali
2487 1352 2664 1427 affixi,

264 1426 491 1485 nullum
533 1450 653 1505 prae
700 1430 1021 1489 diffidentia
1063 1431 1455 1493 Providentiae
1508 1434 1722 1493 divinae
1764 1433 1957 1495 locum
2003 1433 2352 1511 relinquunt,
2399 1431 2668 1509 exemplo

261 1504 423 1581 Asse,
454 1512 491 1567 2
515 1509 727 1569 Chron.
756 1510 879 1571 xvi.
913 1514 1005 1586 12,
1046 1511 1149 1589 qui
1186 1512 1251 1571 in
1288 1513 1491 1572 morbo
1517 1534 1635 1575 non
1675 1514 1980 1591 requisivit
2017 1513 2060 1573 J
2063 1513 2326 1587 ehovam,
2357 1511 2464 1571 sed
2499 1511 2677 1571 haesit

266 1584 533 1647 Medicis.
618 1589 785 1654 Licet
810 1591 964 1649 enim
990 1600 1281 1651 creaturas
1302 1592 1551 1670 diligere
1578 1601 1637 1653 et
1662 1594 1944 1653 honorare
1971 1592 2300 1666 debeamus,
2331 1610 2464 1650 cum
2506 1590 2672 1649 Deus

263 1664 397 1732 illas
417 1667 601 1728 veluti
626 1668 689 1727 in
714 1669 966 1748 aliquam
994 1671 1183 1747 operis
1211 1672 1301 1731 sui
1328 1682 1551 1749 partem
1576 1691 1868 1733 assumere
1895 1691 2014 1733 non
2040 1671 2422 1749 dedignatur3
2451 1670 2512 1727 in
2541 1670 2674 1729 Deo

266 1752 461 1804 tamen
488 1748 614 1811 solo
642 1749 945 1826 confidere,
975 1750 1175 1827 illique
1201 1751 1373 1815 inniti
1410 1752 1564 1828 licet,
1592 1760 1872 1830 tanquam
1911 1750 2335 1829 sapientissimo
2377 1759 2436 1809 et
2473 1750 2672 1827 provi-

149 1844 154 1851 ·
268 1824 607 1885 dentissimo
640 1826 815 1903 Patri,
846 1829 947 1906 qui
975 1830 1096 1889 suis
1123 1849 1421 1907 nunquam
1446 1831 1611 1893 deest
1636 1840 1896 1909 tempore
1923 1838 2266 1909 opportuno.

272 1950 396 1998 Um
416 1954 752 2001 Providentia.
873 1908 987 1969 VI.
1038 1910 1182 1967 Usus
1209 1930 1348 1971 vero
1375 1910 1545 1971 istius
1570 1911 1850 1975 doctrinae
1889 1912 2066 1988 longe
2105 1909 2434 1969 uberrimus
2473 1916 2580 1984 est,
2609 1916 2674 1972 et

790 1988 1317 2064 praestantissimus,
1346 1998 1471 2051 tum
1496 1991 1559 2049 in
1586 1990 1898 2051 asserenda
1925 1990 2038 2051 Dei
2064 1988 2268 2066 gloria,
2299 1988 2394 2049 cui
2431 2008 2672 2049 summas

270 2065 584 2143 sapientise,
632 2068 922 2145 potentiae,
968 2075 1027 2125 et
1069 2067 1347 2129 bonitatis
1379 2070 1509 2129 laus
1550 2070 1649 2131 hic
1695 2070 1998 2145 tribuitur3
2045 2078 2169 2127 tum
2217 2068 2280 2127 in
2317 2067 2436 2127 fide
2473 2077 2674 2131 nostra

271 2146 497 2222 alenda,
542 2146 921 2223 augendaque
975 2147 1205 2223 fiducia,
1247 2168 1439 2225 quam,
1482 2148 1888 2227 ingruentibus
1943 2166 2328 2209 aerumnarum
2379 2146 2668 2224 procellis,

274 2226 663 2286 Providentiae
690 2227 1004 2305 persuasi0,
1028 2228 1303 2305 tanquam
1318 2228 1607 2299 tutissima
1623 2228 1876 2299 anchora
1889 2228 1952 2287 in
1977 2226 2242 2305 improbo
2266 2226 2444 2303 hujus
2469 2225 2676 2295 mundi

273 2306 397 2365 salo
423 2306 631 2366 firmat.
715 2306 833 2365 Hic
860 2326 1001 2383 ergo
1018 2305 1274 2383 primum
1300 2308 1549 2367 hominis
1576 2308 1660 2386 pii
1687 2306 1923 2381 officiu'm
1950 2316 2056 2384 est,
2086 2304 2279 2383 quoad
2319 2303 2670 2381 intellectum,

272 2394 339 2445 ut
364 2404 481 2445 non
510 2385 695 2445 solum
724 2384 801 2445 ad
830 2386 1037 2463 Deum,
1068 2407 1173 2447 ceu
1200 2388 1443 2465 primam
1470 2397 1529 2447 et
1555 2388 1884 2466 primariam
1910 2405 2102 2446 rerum
2143 2386 2398 2445 omnium
2439 2404 2674 2445 causam

273 2466 484 2525 oculos.
501 2466 745 2541 attollat,
775 2486 1111 2543 persuasum
1139 2468 1359 2526 habens
1386 2467 1532 2525 nihil
1559 2467 1686 2525 fieri
1710 2466 1976 2543 fortuito;
2007 2465 2112 2525 sed
2139 2464 2332 2523 omnia
2369 2485 2408 2523 a
2446 2465 2672 2542 sapien·

272 2544 499 2605 tissima
527 2546 639 2604 Dei
668 2544 1045 2604 Providentia
1071 2546 1282 2625 dirigi;
1325 2566 1528 2605 verum
1569 2555 1629 2606 et
1667 2546 1823 2626 apud
1863 2566 1926 2606 se
1965 2553 2194 2625 reputet
2219 2544 2573 2624 singularem
2614 2551 2676 2605 et

274 2626 582 2703 specialem
611 2625 723 2685 Dei
753 2626 1185 2686 Providentiam
1211 2646 1317 2705 pro
1345 2628 1529 2687 salute
1548 2647 1654 2687 sua
1681 2627 1987 2702 excubare,
2011 2627 2135 2685 sive
2163 2645 2294 2685 cum
2321 2624 2672 2702 hominibus,

274 2704 399 2765 sive
428 2726 559 2766 cum
586 2705 719 2764 aliis
744 2705 1023 2766 creaturis
1049 2706 1138 2764 illi
1164 2707 1461 2784 negotium
1488 2707 1565 2766 sit
1586 2729 1601 2783 ;
1644 2707 1804 2784 quod
1830 2706 2041 2766 docent
2065 2725 2182 2765 non
2215 2703 2390 2764 modo
2430 2704 2673 2782 promis·

274 2785 465 2845 siones
490 2786 801 2845 luculentae
833 2784 1160 2863 Scripturas,
1194 2787 1409 2845 Psalm.
1438 2787 1667 2862 xxxiv„
1695 2787 1947 2861 xxxvii„
1975 2786 2078 2863 lv.,
2106 2784 2253 2860 xci.;
2298 2785 2474 2844 Zach.
2502 2784 2563 2843 ii.
2593 2785 2630 2843 8
2654 2805 2671 2860 ς

276 2865 393 2924 Isa.
438 2865 603 2925 xxvi.
654 2868 710 2940 3,
742 2873 801 2925 et
846 2865 994 2924 xlix.
1030 2868 1138 2941 153
1183 2865 1396 2925 Matth.
1424 2865 1505 2924 vi.
1534 2874 1593 2925 et
1620 2887 1718 2942 x.;
1762 2866 1906 2925 Luc.
1935 2865 2074 2942 xii.;
2123 2868 2154 2923 l
2187 2864 2314 2924 Pet.
2341 2883 2402 2924 v.
2433 2867 2509 2940 ⁷3
2557 2863 2676 2924 Sed

273 2952 333 3003 et
360 2945 626 3023 exempla
656 2945 1015 3020 Sanctorum,
1044 2964 1290 3023 quorum
1315 2945 1443 3004 vias
1470 2965 1507 3004 a
1534 2947 1663 3005 Deo
1691 2944 2008 3005 custoditas
2033 2943 2250 3023 passim
2269 2943 2508 3016 recitat:
2539 2943 2677 3003 Huc

274 3022 495 3084 faciunt
520 3024 682 3083 varia
707 3023 809 3081 illa
832 3025 981 3100 loca,
1010 3044 1141 3102 quse
1168 3024 1379 3084 docent
1405 3033 1698 3086 creaturas
1718 3043 1918 3085 omnes
1947 3024 2056 3085 sub
2075 3023 2188 3083 Dei
2212 3031 2498 3102 potestate
2526 3042 2674 3100 esse,

274 3111 342 3163 ut
367 3103 515 3161 nihil
542 3103 665 3163 sine
693 3103 823 3180 ejus
848 3111 994 3163 nutu
1020 3105 1264 3181 aggredi
1288 3105 1531 3182 possint,
1560 3106 1658 3165 vel
1686 3104 1916 3182 exequi.

274 3206 413 3254 Unda
424 3207 595 3262 oritur,
604 3206 646 3254 1.
659 3209 761 3252 m.
878 3181 1027 3242 VII.
1070 3187 1127 3242 2.
1172 3185 1267 3241 Ex
1306 3184 1417 3242 hac
1459 3183 1850 3244 Providentia
1892 3182 2006 3243 Dei
2045 3181 2544 3261 contemplatione,
2589 3200 2676 3241 se-

332 3265 467 3311 dium
528 3264 757 3312 metite-
794 3261 945 3319 rium
972 3261 1033 3318 in
1053 3261 1213 3321 fideli
1238 3262 1375 3323 oriri
1402 3261 1575 3322 debet
1596 3263 1868 3338 studium,
1897 3265 1950 3321 1.
1967 3263 2292 3338 sanctitatis,
2311 3270 2378 3322 ut
2393 3263 2679 3322 cautiores

332 3323 416 3370 ὼ·
796 3340 1106 3400 reddamur
1151 3341 1213 3398 in
1238 3341 1363 3400 vita
1408 3341 1766 3418 quotidiana.
1793 3341 1950 3419 quod
1989 3342 2206 3419 ubique
2233 3360 2530 3400 versemur
2569 3341 2678 3400 sub

277 3419 445 3479 oculo
474 3419 603 3498 Dei,
628 3419 729 3497 qui
754 3420 923 3481 nobis
939 3420 1131 3479 adstat
1151 3439 1377 3498 semper
1394 3419 1712 3497 proximus,
1737 3429 1797 3480 et
1823 3421 1990 3498 eujus
2017 3420 2337 3496 praesentiae
2364 3439 2518 3494 nunq
2526 3439 2679 3495 uam,

276 3499 553 3577 quicquid
580 3520 837 3578 agamus,
880 3520 989 3560 nos
1026 3519 1335 3578 possumus
1368 3499 1714 3576 subducere,
1735 3500 1873 3576 quia
1912 3499 2062 3558 πέντ’
2087 3501 2240 3580 imago?
2263 3503 2352 3556 ue*
2379 3497 2527 3556 πέντ’
2553 3499 2676 3556 ὅπα-

361 3631 709 3682 fflfflfflffi*
795 3577 1698 3734 Z'oss'ress‘nfiss'tssfffflssfiiszessuff,
1720 3577 2681 3734 {ffiffissssffflzfflssff

276 3737 416 3796 tiam
443 3738 861 3815 exosculemur,
891 3747 951 3799 et
978 3747 1143 3817 grato
1170 3739 1364 3798 animo
1384 3757 1742 3812 veneremur,
1769 3737 1924 3796 Psal.
1955 3757 2088 3796 cxv.
2122 3740 2174 3813 1,
2202 3755 2321 3795 non
2351 3734 2551 3810 Nobis,
2576 3735 2680 3794 sed

278 3817 513 3876 Nomini
554 3819 684 3895 ejus
719 3820 961 3898 gloriam
1004 3819 1225 3894 dautes,
1256 3839 1363 3878 ceu
1408 3818 1682 3896 primario
1720 3817 2089 3892 benefactori,
2122 3817 2184 3875 in
2222 3815 2390 3892 cujus
2422 3814 2683 3874 benefica

276 3916 451 3958 manu
477 3899 782 3960 versantur
828 3919 1027 3958 omnes
1071 3918 1261 3957 causae
1306 3897 1594 3972 secundm,
1626 3899 1752 3958 sive
1781 3897 1898 3956 sint
1938 3897 2219 3972 homines,
2251 3895 2376 3955 sive
2403 3902 2680 3954 creaturae

797 3979 1144 4054 inanimatae,
1177 3977 1325 4036 Hos.
1354 3978 1414 4037 ii.
1444 3981 1540 4053 21,
1561 3980 1661 4037 22.
1743 3979 1800 4037 3.
1829 3977 2131 4036 Patientiae
2169 3985 2226 4035 et
2254 3974 2578 4034 humilitatis
2616 3975 2679 4032 in

798 4057 1076 4133 adversis,
1102 4056 1368 4134 exemplo
1387 4057 1618 4133 Christi,
1641 4057 1785 4116 Luc.
1803 4056 1949 4114 xxii.
1969 4060 2076 4132 42;
2107 4055 2150 4115 J
2153 4055 2370 4133 osephi,
2385 4053 2534 4113 Gen.
2555 4053 2678 4114 xlv.

278 4134 333 4208 8,
354 4142 415 4194 et
438 4134 480 4195 l.
504 4137 619 4208 203
650 4137 810 4215 Jobi,
835 4158 887 4198 c.
910 4138 950 4197 i.
973 4140 1047 4197 21
1070 4159 1085 4213 ;
1118 4136 1381 4212 Davidis,
1402 4141 1439 4196 2
1462 4137 1617 4196 Sam.
1640 4137 1763 4195 xvi.
1783 4138 1820 4196 9
1841 4159 1856 4212 ;
1889 4136 1986 4195 ΡΒ.
2015 4135 2226 4194 xxxix.
2247 4136 2302 4211 9,
2327 4141 2394 4193 ut
2419 4133 2479 4190 in
2497 4132 2681 4191 omni-

275 4212 387 4272 bus
414 4233 544 4292 quas
588 4215 821 4276 duriora
862 4217 1032 4276 nobis
1075 4217 1420 4294 contingunt
1458 4217 1521 4274 in
1564 4215 1678 4274 Dei
1705 4217 2003 4275 voluntate
2045 4224 2105 4275 et
2142 4212 2518 4276 Providentia
2559 4211 2682 4272 sine

276 4313 567 4354 murmure
595 4297 1043 4373 acquiescamus,
1075 4295 1232 4374 quod
1259 4296 1371 4373 ipsi
1400 4295 1665 4356 Gentiles
1691 4314 1810 4354 non
1834 4296 2208 4373 ignorarunt3
2254 4293 2412 4352 Hinc
2427 4292 2680 4367 Seneca,

277 4372 445 4450 epist.
479 4377 611 4450 107,
646 4378 682 4408 “
704 4377 804 4435 Ad
830 4376 982 4435 hanc
1008 4376 1256 4454 legem,’'
1286 4375 1491 4453 inquit,
1526 4377 1563 4408 ‘⁶
1584 4375 1811 4434 animus
1837 4383 2033 4434 noster
2067 4374 2371 4453 aptandus,
2401 4373 2552 4430 hane
2593 4391 2680 4429 se·

278 4460 505 4530 quatur,
534 4455 670 4514 huic
696 4464 911 4534 pareat,
942 4464 1001 4514 et
1028 4475 1386 4532 quaecunque
1412 4453 1560 4513 fiunt
1587 4453 1858 4513 debuisse
1897 4452 2022 4514 fieri
2047 4463 2229 4533 putet,
2259 4473 2366 4512 nec
2394 4449 2538 4510 velit
2579 4452 2680 4510 ob·

272 4532 509 4611 jurgare
536 4543 839 4611 naturam3
883 4535 1163 4616 optimum
1190 4543 1282 4594 est
1320 4535 1441 4611 pati
1468 4534 1624 4610 quod
1665 4533 1968 4594 emendare
2003 4554 2122 4592 non
2147 4533 2352 4612 possis,
2383 4540 2442 4590 et
2472 4529 2679 4606 Deum,

278 4632 393 4692 quo
426 4615 667 4680 authore
694 4624 903 4678 cuncta
929 4615 1277 4694 proveniunt
1302 4613 1427 4676 sine
1452 4613 1900 4674 murmuratione
1927 4613 2205 4674 comitari.
2291 4611 2485 4670 Malus
2517 4607 2686 4671 miles

2247 4697 2284 4758 2
2315 4711 2358 4752 11

400 4028 675 4078 Patientia.
