3300 5225
538 331 653 394 112
1470 351 1654 394 Locus
1682 351 2004 393 sscuxnus.
2389 393 2398 402 ,
2541 325 2793 409 [ουεετ.
2825 347 2953 390 xm.

532 509 704 550 nemo
732 490 1037 568 intelligat.
1110 491 1227 552 Sed
1254 491 1350 552 hic
1374 490 1627 552 mirabili
1657 491 1770 550 Dei
1795 491 1984 570 gratia
2009 489 2242 564 sactum,
2271 495 2338 547 ut
2363 486 2576 546 divisio
2602 487 2952 566 linguarum,

532 589 663 646 quse
690 570 829 628 olim
856 569 1277 631 maledictionis
1302 571 1489 631 fuerat
1515 572 1766 648 signum,
1799 571 1924 647 jam
1951 567 2369 628 benedictionis
2395 568 2648 628 coelestis
2675 569 2752 626 sit
2777 587 2949 646 argu-

530 657 807 726 mentum,
836 669 967 727 quae
988 651 1063 710 ad
1084 651 1531 710 destructionem
1552 649 1790 710 Babelis
1810 647 2047 708 inducta
2065 647 2266 723 fuerat,
2289 647 2414 724 jam
2433 645 2512 706 ad
2529 647 2950 707 extructionem

536 729 730 788 Sionis
756 729 1018 806 mysticae
1044 739 1368 808 usurpetur.

614 806 739 868 ΙΙΙ.
780 812 837 867 2.
882 809 1033 884 Quia
1080 809 1467 887 Evangelium
1506 807 1569 866 in
1594 804 1864 866 omnibus
1889 805 2106 884 linguis
2131 805 2504 883 praedicatum
2531 813 2638 880 est,
2685 806 2846 883 Ergo
2887 807 2948 864 in

532 905 734 945 omnes
758 887 991 966 linguas
1018 889 1167 948 verti
1204 897 1395 966 potest
1422 895 1482 946 et
1508 885 1718 946 debet:
1761 885 2006 962 Conseq.
2047 885 2206 944 valet
2231 905 2268 944 a
2294 884 2493 944 Verbo
2531 885 2844 962 praedicato
2870 886 2950 945 ad

534 965 840 1043 scriptum
870 968 1007 1044 quia
1026 968 1227 1027 eadem
1254 977 1343 1027 est
1370 967 1668 1044 utriusque
1695 965 1860 1038 ratio,
1889 973 1950 1023 et
1975 985 2104 1042 quae
2129 965 2386 1024 rationes
2411 965 2724 1023 movebant
2753 965 2942 1042 Apos—

533 1044 705 1121 tolos,
734 1054 801 1105 ut
827 1047 1133 1106 vernacule
1160 1047 1553 1124 proedicarent,
1584 1044 1802 1104 eaedem
1829 1043 2182 1102 Versionum
2219 1042 2620 1102 necessitatem
2647 1044 2940 1104 evincunt.

534 1122 703 1184 Licet
728 1133 920 1184 autem
950 1125 1221 1205 Apostoli
1260 1145 1377 1186 una
1401 1132 1627 1184 tantum
1671 1123 1874 1200 lingua
1900 1123 2248 1200 scripserint,
2277 1141 2394 1180 non
2423 1123 2684 1199 sequitur
2707 1123 2770 1180 in
2795 1124 2944 1182 alias

528 1221 647 1260 non
674 1223 802 1262 esse
834 1205 1189 1282 Scripturam
1216 1203 1571 1278 vertendam,
1600 1203 1739 1280 quia
1779 1202 1896 1260 alia
1935 1201 2082 1260 ratio
2121 1211 2213 1260 est
2241 1202 2532 1276 Pontium,
2561 1202 2678 1260 alia
2703 1199 2938 1261 Vers‘io-

528 1300 706 1341 num:
750 1283 969 1342 Fontes
994 1304 1114 1344 una
1137 1293 1363 1344 tantum
1390 1284 1593 1360 lingua
1606 1281 1838 1341 exarari
1863 1281 2202 1356 debuerunt,
2233 1289 2294 1340 et
2317 1289 2621 1358 propterea
2647 1281 2936 1358 Apostoli,

524 1369 593 1420 ut
622 1361 905 1422 Doctores
930 1363 1288 1423 universales
1310 1362 1603 1436 Ecclesia,
1653 1379 1772 1419 non
1811 1360 1926 1418 alia
1951 1379 2126 1438 quam
2167 1358 2481 1418 universali
2507 1369 2568 1419 et
2593 1361 2937 1420 communis-

525 1438 673 1499 sima
697 1441 916 1520 lingua,
946 1463 1077 1520 quae
1104 1443 1313 1502 Graeca
1354 1449 1478 1500 erat
1520 1449 1660 1500 tunc
1687 1439 1978 1516 temporis,
2023 1439 2270 1498 scribere
2297 1438 2636 1513 debuerunt,
2665 1447 2732 1498 ut
2759 1439 2836 1499 V.
2865 1439 2934 1498 T.

524 1519 685 1596 quod
710 1521 755 1580 J
756 1520 939 1580 udaeis
965 1521 1377 1595 destinabatur,
1406 1520 1608 1596 lingua
1628 1518 1882 1577 Hebraea
1907 1517 2051 1595 ipsis
2075 1518 2388 1578 vernacula
2413 1518 2800 1595 conscriptum
2825 1529 2934 1578 est.

526 1599 645 1658 Sed
672 1597 775 1692 ubi
818 1619 961 1660 usus
1004 1601 1227 1661 Graecae
1270 1601 1485 1676 linguae
1512 1596 1702 1673 desiit,
1747 1597 2130 1657 versionibus
2173 1616 2320 1676 opus
2361 1597 2472 1656 fuit
2505 1595 2584 1656 ad
2627 1597 2936 1676 Evangelii

523 1695 1061 1816 prafggngimffl
1106 1766 1379 1818 constans
1406 1755 1816 1830 Ecclesiarum,
1854 1754 2030 1832 juxta
2055 1775 2228 1832 quam
2257 1763 2476 1816 certum
2505 1764 2595 1815 est
2637 1755 2931 1816 Ecclesiae

522 1843 648 1894 tum
676 1835 999 1896 Orientales
1024 1845 1151 1897 tum
1179 1835 1579 1897 Occidentalcs
1607 1835 1921 1894 Versiones
1949 1853 2084 1893 suas
2123 1835 2412 1910 habuisse,
2441 1844 2503 1894 et
2529 1853 2690 1894 sacra
2730 1835 2932 1913 lingua

520 1915 1471 2072 &335150'353331322323532
1488 1915 2470 2072 ssffififfieffiifflffii‘mmgfft
2467 1915 2779 2054 effla
2787 1935 2930 2054 {233

521 2070 655 2132 duae
680 2073 895 2134 fuerint
930 2075 1330 2134 memorabiles
1365 2074 1601 2134 Israelis
1638 2073 2042 2150 dispersiones,
2071 2092 2191 2132 nna
2216 2073 2371 2152 apud
2393 2073 2714 2149 Chaldaeos,
2743 2075 2928 2134 altera

517 2152 946 2294 2ξὲῗὲἑῖἆῆ
966 2154 1645 2312 ῖέξὲῐέιτῗὲἰὲἑῑῖἒῖ
1671 2152 2926 2309 ῗέὲῗῖῗὲεὲἔθέξὲἰᾱῗῖᾅἛέῗῆἓξῑξίἶὲ

517 2311 739 2371 Graecae
766 2281 1059 2374 adornatae
1084 2314 1317 2374 fuerunt
1332 2315 1391 2372 in
1410 2315 1656 2392 gratiam
1682 2312 1882 2391 populi
1898 2311 2164 2371 rudioris.
2229 2311 2308 2370 Et
2326 2311 2520 2389 quoad
2547 2309 2922 2390 Thargumim

512 2391 710 2468 plures
738 2393 986 2453 fuerunt.
1073 2395 1268 2453 Primo
1294 2395 1543 2453 occurrit
1559 2392 1951 2468 Par-aphraatis
1971 2391 2309 2466 chaldaica,
2338 2393 2682 2450 Jonathamk
2701 2391 2922 2451 Uzielis

512 2469 620 2527 filii
636 2471 906 2550 discipuli
936 2473 1188 2550 Hillelis,
1224 2473 1509 2534 Simeonis
1536 2471 1828 2546 coaetanei,
1853 2471 1954 2547 qui
1975 2469 2128 2530 vixit
2146 2473 2226 2529 40
2253 2469 2420 2528 annis
2447 2479 2580 2530 ante
2609 2471 2920 2530 Christum.

514 2548 581 2608 Is
606 2569 739 2609 cum
766 2551 991 2613 videret
1018 2552 1277 2631 linguam
1303 2572 1446 2630 pure
1479 2552 1792 2610 Hebraeam
1833 2549 2113 2628 paulatim
2155 2549 2314 2608 abire
2357 2550 2419 2608 in
2461 2549 2916 2627 desuetudinem,

510 2636 571 2687 et
597 2629 815 2688 versari
844 2632 1033 2691 solum
1073 2631 1136 2690 in
1182 2651 1293 2692 usu
1340 2632 1679 2707 doctiorum,
1708 2629 2052 2689 Versionem
2082 2630 2454 2690 Chaldaicam
2482 2630 2801 2707 adornavit,
2845 2650 2919 2690 ne

509 2707 727 2785 vulgus
754 2717 916 2769 tanto
942 2709 1379 2770 defraudaretur
1404 2711 1676 2770 thesauro
1699 2732 1714 2785 ;
1761 2710 1856 2767 Ex
1883 2729 1953 2768 eo
1979 2710 2262 2769 habemus
2286 2709 2631 2769 Versionem
2661 2710 2915 2788 Prophe-

506 2794 699 2847 tarum
740 2789 994 2865 priorum
1038 2799 1098 2850 et
1140 2790 1538 2867 posteriorum.
1622 2790 1732 2849 Cui
1765 2790 2020 2865 Onkelos,
2067 2790 2168 2867 qui
2210 2798 2344 2867 post
2384 2790 2676 2849 Christum
2703 2788 2912 2864 floruit,

506 2874 567 2927 et
594 2866 903 2927 Gamalieli
928 2868 1040 2929 fuit
1066 2868 1352 2951 caym-m,
1383 2869 1607 2929 addidit
1633 2868 2066 2929 translationem
2095 2869 2492 2928 Pentateuchi.
2539 2868 2916 2945 Paraphrasis

506 2944 683 3006 etiam
712 2956 905 3006 exstat
934 2948 1498 3027 Hagiographorum,
1530 2948 1632 3008 sed
1661 2948 1734 3008 de
1763 2948 2002 3007 authore
2029 2948 2176 3006 nihil
2203 2947 2344 3007 certi
2374 2948 2633 3008 habetur.
2691 2948 2914 3006 Extant

503 3032 785 3103 practerea
826 3026 1141 3089 Versiones
1188 3028 1458 3107 Syriacae,
1506 3027 1792 3104 Arabicae,
1846 3026 2110 3101 Persicae,
2159 3026 2528 3104 AEthiopicae,
2575 3027 2678 3086 sed
2720 3026 2914 3086 minus

504 3104 735 3163 usitatae
762 3111 823 3163 et
848 3106 1112 3183 cognitae.
1156 3108 1362 3183 Quoad
1391 3109 1465 3167 N.
1483 3107 1640 3167 Test.
1672 3107 1844 3165 datur
1862 3107 2186 3165 Tramlatio
2205 3106 2466 3183 Syriaca,
2489 3126 2621 3183 quse
2647 3112 2912 3165 censetur

504 3202 651 3321 opgs
678 3202 806 3243 esse
833 3184 1312 3265 antiquissimum,
1356 3195 1417 3247 et
1442 3207 1479 3246 a
1502 3186 1848 3264 quibusdam
1899 3186 2176 3245 Ecclesiae
2224 3185 2606 3245 Antiochense
2651 3184 2912 3244 nascenti

502 3264 579 3322 tri
620 3262 795 3322 uitur.

582 3341 661 3401 V.
707 3340 836 3402 Has
864 3354 1183 3422 sequuntur
1209 3347 1523 3406 Versiones
1549 3347 1772 3406 Graecae
1797 3344 1876 3406 V.
1905 3346 1975 3405 Τ.
2005 3364 2136 3423 quas
2175 3345 2350 3405 etiam
2379 3352 2516 3404 sunt
2541 3344 2906 3422 multiplices.

502 3422 701 3481 Prima
727 3423 1178 3485 celebratissima
1204 3435 1293 3487 est
1330 3428 1524 3486 Venio
1550 3428 1750 3485 LXX.
1779 3445 1910 3502 quae
1938 3424 2048 3483 sub
2077 3424 2242 3501 Rege
2271 3424 2588 3483 Ptolomaeo
2617 3423 2906 3483 Philadel-

499 3501 617 3581 pho
646 3500 901 3582 AEgypti
930 3504 1110 3583 Rege,
1142 3508 1262 3566 300
1305 3505 1533 3567 circiter
1574 3514 1709 3565 ante
1737 3504 2030 3565 Christum
2057 3504 2224 3562 annis
2271 3503 2423 3562 facta
2449 3512 2555 3562 est.
2641 3502 2908 3561 Secunda

497 3582 723 3661 Aquiloe
761 3586 985 3645 Pontici
1020 3585 1129 3645 sub
1171 3585 1435 3645 Adriano
1478 3585 1847 3664 Imperatore,
1891 3603 2044 3643 anno
2072 3583 2136 3642 C.
2171 3585 2303 3657 137,
2342 3581 2444 3659 qui
2471 3581 2636 3641 initio
2663 3582 2906 3641 Graecus

498 3664 794 3741 religione,
824 3674 958 3743 post
986 3664 1362 3743 Christianus,
1394 3685 1527 3726 cum
1553 3664 1629 3725 ob
1671 3666 1935 3724 insanum
1965 3660 2318 3739 Astrologioe
2359 3659 2614 3722 studium
2644 3660 2906 3720 Ecclesia

496 3754 841 3822 moveretur,
873 3746 1007 3806 odio
1037 3744 1492 3806 Christianorum
1533 3744 1728 3805 deficit
1767 3744 1844 3803 ad
1883 3744 1927 3804 J
1929 3743 2144 3817 udaeos,
2175 3750 2234 3800 et
2260 3740 2337 3800 V.
2366 3741 2436 3799 Τ.
2467 3742 2642 3801 vertit
2667 3749 2735 3800 ut
2761 3740 2903 3801 Ora-

495 3822 628 3881 cula
647 3824 721 3884 de
749 3825 979 3884 Christo
1006 3833 1411 3903 cotrmnperet.
1480 3827 1538 3885 3.
1572 3824 1960 3883 fl'heodou'onis
1985 3822 2087 3900 qui
2113 3820 2222 3881 sub
2251 3819 2567 3880 Commodo
2593 3820 2746 3880 vixit
2770 3840 2903 3880 ann.

498 3900 565 3960 C.
598 3904 732 3977 184,
776 3912 835 3963 et
861 3923 1073 3981 genere
1103 3904 1397 3979 Ponticus,
1444 3904 1724 3982 religione
1769 3902 2130 3977 Marcionita,
2177 3908 2378 3979 postea
2424 3901 2469 3960 J
2469 3900 2672 3961 udaeus
2717 3900 2904 3960 factus

496 3997 709 4037 novam
737 3980 1079 4040 versionem
1107 3984 1348 4059 paravit,
1378 3982 1441 4040 in
1468 4002 1583 4060 qua
1622 3981 1882 4059 sequitur
1919 3990 1986 4041 ut
2011 3980 2322 4059 plurimum
2351 3979 2561 4040 LXX.
2644 3983 2700 4039 4.
2743 3982 2903 4056 Sym-

496 4057 686 4115 machi
707 4058 817 4117 sub
863 4059 1162 4120 Antonino
1210 4070 1270 4120 et
1314 4062 1556 4120 Aurelio
1600 4061 1760 4120 Vero
1789 4061 2140 4139 Imperatore
2186 4060 2340 4120 circa
2366 4080 2499 4120 ann.
2530 4062 2595 4120 C.
2630 4063 2760 4134 197,
2805 4060 2907 4137 qui

500 4134 893 4198 Samaritanus
940 4138 1142 4217 primo,
1190 4159 1331 4199 mox
1373 4141 1417 4200 J
1420 4140 1620 4199 udaeus
1662 4139 1849 4199 factus
1877 4142 1952 4199 V.
1981 4140 2050 4199 T.
2079 4140 2389 4217 transtulit,
2419 4149 2486 4199 ut
2517 4140 2908 4199 Samaritanos

498 4215 837 4275 confutaret.
920 4217 1144 4293 Quibus
1169 4219 1299 4277 aliae
1327 4218 1618 4278 adduntur
1636 4218 1768 4279 duae
1794 4218 1998 4278 incerti
2023 4220 2298 4296 authoris,
2327 4240 2446 4279 una
2471 4219 2904 4279 Hierichuntina

499 4294 562 4353 in
605 4294 761 4355 dolio
807 4296 1055 4357 Inventa
1080 4316 1260 4375 prope
1308 4298 1353 4357 J
1354 4298 1708 4357 erichuntem
1757 4297 1865 4357 sub
1913 4300 2209 4358 Caracalla
2255 4318 2347 4358 an.
2380 4300 2445 4358 C.
2475 4300 2613 4357 220.
2697 4298 2902 4355 Altera

499 4374 907 4451 Nicopolitana
932 4386 1157 4455 reperta
1200 4376 1375 4438 etiam
1418 4397 1594 4456 prope
1640 4378 1966 4455 Nicopolim
2015 4379 2122 4437 sub
2151 4377 2492 4437 Alexandro
2524 4376 2738 4437 Severo
2767 4394 2898 4433 ann.

503 4454 568 4514 C.
598 4458 737 4516 230.
822 4457 917 4515 Ex
944 4456 1157 4535 quibus
1184 4458 1451 4518 omnibus
1476 4458 1627 4517 inter
1655 4478 1718 4517 se
1739 4458 1958 4535 junctis
1991 4458 2260 4534 oriqenes
2287 4456 2575 4533 Templa,
2609 4454 2896 4530 Hexapla,

501 4533 745 4614 Octapla
770 4556 877 4597 sua
902 4538 1290 4599 concinnavit.
1364 4537 1635 4615 Tetrapla
1673 4537 2044 4597 continebant
2068 4543 2316 4614 quatuor
2343 4535 2656 4595 Versiones
2683 4552 2903 4610 graecas

498 4615 741 4677 totidem
796 4618 1079 4679 columnis
1122 4617 1441 4695 distinctas,
1500 4617 1707 4693 LXX,
1766 4618 2018 4695 Aquilae,
2069 4614 2420 4693 Symmachi,
2466 4612 2900 4673 Theodotionis.
