3300 5225
349 349 576 401 eumer.
609 328 812 413 xv111.]
1199 346 1279 389 1111
1307 320 1897 393 raaenasrstnosu.
2612 335 2762 395 ,377

349 491 446 569 agi
473 491 800 569 potuerint3
843 509 974 551 cum
1013 489 1434 551 successionem
1473 491 1682 569 prioris
1724 500 1785 553 et
1822 489 2155 569 posterioris
2202 490 2526 550 necessario
2566 499 2765 568 postu·

347 572 473 630 lent
491 574 520 630 P
603 570 828 649 Quippe
868 570 1100 629 decreto
1128 570 1386 648 generali
1427 571 1683 633 omnium
1712 570 1957 631 salutem
1984 570 2130 647 vult,
2176 577 2234 629 et
2262 570 2498 647 speciali
2538 580 2765 631 tantum

347 670 701 729 paucorum:
747 650 860 709 1110
888 658 1045 709 amat
1071 650 1347 727 impense,
1377 670 1524 728 quos
1549 652 1667 711 isto
1695 651 1818 711 odit
1846 659 1905 709 et
1932 658 2271 709 aversatur:
2316 648 2429 709 1110
2473 649 2765 709 Christum

350 729 506 807 dare,
537 738 596 789 et
621 750 831 789 vocare
859 729 936 788 ad
961 728 1136 789 fidem
1163 737 1223 789 et
1249 730 1646 808 poenitentiam
1676 730 1895 807 statuit,
1940 740 2246 808 antequam
2290 728 2595 807 reprobet3
2642 730 2766 789 Isto

349 829 491 869 vero
520 810 792 887 reprobat
831 828 948 885 eos,
993 828 1156 886 quos,
1181 809 1428 869 rebelles
1467 811 1743 887 praevidit
1783 810 2077 870 vocationi
2118 809 2359 884 futuros,
2404 816 2579 887 atque
2620 808 2768 868 adeo

351 898 770 968 consequenter
795 896 1022 947 tantum
1049 888 1125 947 ad
1150 888 1446 949 decretum
1475 890 1849 967 Vocationis3
1894 909 2077 966 eoque
2117 889 2321 966 magis,
2367 889 2525 969 quod
2552 908 2626 947 ex
2655 888 2769 949 ista

349 968 662 1047 hypothesi
703 968 975 1028 statuitur
1000 968 1222 1027 nullam
1262 969 1383 1027 fore
1422 968 1811 1029 sinceritatem
1839 970 1899 1027 in
1929 970 2271 1044 Vocatione,
2316 968 2429 1026 nisi
2471 969 2765 1027 decretum

351 1049 676 1109 vocationis
701 1049 990 1126 praecedat
1031 1047 1327 1108 decretum
1367 1047 1823 1126 reprobationis:
1866 1049 1996 1108 Imo
2036 1069 2105 1108 eo
2146 1048 2273 1126 ipso
2314 1067 2430 1125 quo
2472 1047 2767 1109 decretum

297 1150 303 1157 ·
353 1129 623 1206 generale
648 1125 1117 1207 praemittendum
1144 1128 1356 1187 dicitur
1382 1129 1709 1189 necessario
1740 1128 1993 1207 speciali,
2037 1148 2155 1187 non
2183 1128 2426 1187 obscure
2454 1128 2765 1205 colligitur,

350 1208 466 1267 ista
491 1228 609 1267 non
635 1216 861 1267 tantum
888 1227 1008 1266 11011
1046 1227 1218 1285 posse
1247 1208 1473 1285 concipi
1500 1209 1675 1267 simul
1702 1216 1761 1267 et
1789 1208 1966 1267 semel
1995 1227 2030 1266 a
2056 1208 2242 1284 nobis,
2288 1206 2392 1266 sed
2417 1226 2491 1266 ne
2532 1207 2768 1284 quidem

351 1288 414 1345 in
442 1288 572 1347 Deo
600 1306 728 1347 esse
754 1307 926 1365 posse
954 1286 1070 1346 nisi
1097 1287 1443 1347 successive.
1527 1289 1773 1349 Frustra
1812 1308 1965 1355 vero,
1991 1286 2216 1363 dicitur,
2259 1306 2367 1346 nes
2395 1288 2567 1345 etiam
2608 1287 2770 1365 prius

353 1376 412 1427 et
437 1368 726 1445 posterius
752 1367 815 1424 in
845 1367 972 1425 Deo
998 1385 1230 1443 ponere,
1275 1387 1453 1443 quum
1487 1367 1793 1427 decretum·
1825 1367 1898 1427 de
1938 1366 2053 1426 fine
2094 1366 2495 1445 praemittimus
2536 1365 2769 1425 decreto

352 1446 428 1505 de
455 1446 680 1523 mediis,
710 1446 1007 1505 decretum
1035 1445 1333 1505 electionis
1367 1446 1443 1504 ad
1471 1446 1733 1523 salutem,
1766 1447 1997 1505 decreto
2024 1444 2097 1505 de
2125 1444 2405 1505 mittendo
2434 1445 2680 1521 Christe,
2711 1455 2771 1505 et

355 1524 430 1584 de
457 1525 649 1584 danda
676 1525 827 1585 fide:
871 1524 1022 1599 Quia
1047 1526 1222 1602 longe
1262 1524 1567 1584 dissimilia
1608 1526 2019 1587 conferuntur:
2062 1526 2213 1584 Nam
2246 1524 2383 1583 licet
2420 1534 2656 1603 prepter
2681 1524 2768 1583 111-

355 1604 686 1665 firmitatem
713 1604 926 1665 mentis
953 1611 1183 1679 nostrae,
1214 1624 1332 1663 non
1357 1604 1648 1682 pessimus
1692 1606 1865 1665 simul
1892 1604 2191 1682 concipere
2220 1604 2514 1665 decretum
2556 1604 2629 1662 de
2656 1604 2771 1663 fine

358 1692 418 1743 et
443 1684 517 1769 de
561 1684 788 1761 mediis,
829 1685 933 1744 sed
961 1702 1237 1761 cogamur
1275 1684 1426 1743 1111111
1450 1685 1653 1779 partiri
1690 1686 1750 1743 in
1792 1684 1939 1744 duos
1981 1691 2292 1761 conceptus
2332 1684 2770 1763 inadaequatos:

355 1764 593 1837 Certum
619 1770 815 1825 tamen
843 1762 990 1823 nihil
1017 1762 1246 1823 obstare
1274 1784 1584 1841 quominus
1625 1765 1797 1825 unico
1826 1774 1885 1824 et
1913 1762 2339 1841 simplicissimo
2375 1772 2509 1822 actu
2550 1762 2611 1820 in
2642 1764 2769 1823 Dee

355 1843 741 1919 includantur,
785 1844 922 1921 quia
964 1851 1099 1903 sunt
1139 1844 1516 1903 subordinata
1555 1853 1614 1903 et
1656 1844 1805 1904 inter
1846 1862 1908 1903 00
1950 1842 2269 1903 arctissime
2311 1861 2607 1920 connexa;
2656 1842 2773 1902 Sed

359 1923 492 2001 quis
521 1922 736 1983 dixerit
763 1922 1006 1982 eandem
1025 1922 1307 1982 rationem
1335 1942 1460 1983 esse
1483 1923 1701 1984 decreti
1728 1924 1897 1983 istius
1918 1922 2221 2001 generalis,
2253 1931 2311 1982 et
2329 1922 2611 2001 specialis,
2643 1942 2772 2000 quae

351 2022 454 2067 res
480 2000 907 2061 diversissimas
933 2010 1156 2079 ponunt
1183 2012 1448 2079 respectu
1475 2002 1755 2081 ejusdem,
1786 2019 2039 2064 amorem
2067 2011 2127 2061 et
2153 2000 2367 2077 odium,
2412 2002 2770 2061 voluntatem

361 2080 627 2141 salvandi
656 2089 714 2140 et
742 2080 1070 2156 damnandi,
1113 2081 1406 2142 decretum
1436 2082 1703 2159 vocandi,
1748 2091 1807 2141 et
1834 2082 2130 2141 decretum
2168 2082 2461 2140 hominem
2502 2092 2772 2141 vocatum

358 2169 419 2220 et
445 2161 720 2220 rebellem
749 2160 1094 2238 reprobandi
1109 2164 1139 2219 5³

441 2239 587 2299 XV.
635 2239 922 2315 Secunde,
955 2240 1052 2299 Ex
1075 2241 1186 2298 hac
1205 2238 1522 2317 'hypothesi
1551 2240 1823 2300 statuitur
1840 2238 2002 2299 Deus
2028 2238 2214 2317 primo
2243 2238 2530 2317 cogitasse
2559 2238 2631 2297 de
2653 2259 2771 2299 me-

363 2318 477 2378 diis
503 2338 678 2397 quam
707 2319 781 2378 de
807 2319 939 2395 fine,
967 2327 1109 2397 puta
1150 2318 1224 2379 de
1253 2319 1499 2396 Christe,
1531 2320 1632 2397 qui
1672 2319 1783 2379 fuit
1809 2318 2173 2397 potissimum
2220 2318 2573 2395 exequendae
2603 2319 2772 2378 Elec-

359 2399 534 2459 tionis
559 2397 832 2474 medium,
860 2417 1036 2476 quam
1065 2398 1138 2458 de
1183 2398 1369 2459 salute
1400 2399 1770 2475 Electorum;
1819 2398 1976 2475 quod
2002 2406 2174 2457 rectae
2202 2398 2411 2456 rationi
2453 2416 2774 2475 repugnare

359 2497 530 2537 nemo
557 2498 676 2538 nen
703 2477 883 2537 videt.
967 2478 1118 2536 Nam
1147 2478 1207 2535 in
1235 2478 1392 2537 omni
1433 2478 1663 2538 decreto
1694 2478 1921 2555 sapiens
1962 2475 2122 2555 prius
2150 2486 2354 2536 natura
2385 2476 2559 2535 finem
2586 2478 2773 2538 inten-

360 2556 465 2634 dit,
497 2566 807 2635 antequam
835 2558 1053 2636 cogitet
1079 2557 1152 2618 de
1179 2557 1386 2617 mediis
1411 2579 1425 2618 :
1468 2557 1513 2618 J
1515 2577 1620 2617 am·
1637 2557 1950 2640 destinatio
1986 2556 2327 2617 Mediatoris
2366 2574 2484 2615 nen
2511 2564 2601 2616 est
2640 2556 2773 2616 finis

361 2637 566 2697 salutis
592 2638 908 2713 hominum,
941 2637 1045 2698 sed
1073 2645 1272 2696 contra
1299 2638 1458 2696 salus
1497 2637 1795 2697 hominum
1824 2647 1913 2697 est
1952 2636 2085 2696 finis
2119 2635 2521 2696 destinationis
2550 2637 2772 2696 Media·

359 2718 542 2793 toris;
605 2717 728 2776 Nec
759 2717 920 2778 Deus
964 2717 1297 2776 hominibus
1340 2717 1590 2776 intendit
1617 2718 1881 2792 salutem,
1911 2725 1977 2776 ut
2004 2717 2196 2776 mittat
2224 2715 2624 2791 Mediaterem,
2671 2717 2774 2776 sed

359 2796 609 2857 intendit
638 2797 1038 2872 Mediaterem,
1067 2805 1136 2856 ut
1162 2797 1286 2856 suis
1315 2797 1559 2856 salutem
1585 2805 1869 2874 procuret.
1937 2795 2110 2856 Unde
2139 2803 2469 2854 constanter
2494 2795 2773 2856 hactenus

347 2875 511 2935 inter
537 2895 644 2936 1100
672 2877 971 2953 creditum,
1004 2876 1298 2936 Christum
1325 2895 1453 2935 0000
1480 2877 1816 2954 primarium
1844 2875 2163 2935 Electionis
2189 2874 2460 2950 medium,
2490 2882 2550 2934 et
2577 2875 2772 2935 decre-

360 2963 486 3014 tum
534 2955 608 3015 de
651 2975 721 3015 eo
765 2955 1049 3015 mittendo
1095 2953 1587 3014 subordinandum
1632 2975 1760 3016 esse
1796 2955 2045 3014 Decrete
2088 2954 2427 3029 Electionis,
2457 2955 2554 3013 vel
2579 2956 2773 3031 potius

360 3034 831 3110 coordinandum,
861 3044 926 3094 ut
953 3035 1188 3094 unicum
1230 3035 1542 3108 decretum,
1573 3036 1712 3114 quia
1753 3055 1821 3094 eo
1848 3035 1975 3112 ipso
2004 3033 2253 3110 decreto,
2286 3053 2402 3110 quo
2440 3035 2642 3093 statuit
2668 3035 2771 3093 ho·

360 3114 548 3172 mines
576 3133 823 3188 servare,
855 3115 1057 3173 statuit
1083 3135 1318 3174 servare
1345 3135 1449 3192 per
1477 3113 1788 3190 Christum,
1818 3113 2077 3192 adeoque
2120 3113 2291 3173 simul
2320 3122 2378 3172 et
2404 3113 2578 3171 finem
2619 3115 2774 3174 hunc

362 3193 482 3251 illis
511 3192 714 3268 voluit,
744 3199 804 3252 et
829 3212 934 3269 per
957 3193 1070 3252 hoc
1095 3193 1368 3252 medium.
1451 3198 1509 3252 2.
1540 3195 1924 3254 Confirmatur
1950 3213 2026 3254 ex
2054 3214 2123 3255 eo
2151 3192 2309 3270 quod
2323 3192 2456 3252 finis
2482 3193 2775 3252 missionis

364 3271 580 3330 Christi
605 3270 716 3330 fuit
744 3271 968 3331 salvare
995 3272 1274 3350 populum
1302 3292 1469 3331 suum
1511 3293 1546 3331 a
1584 3274 1837 3351 peccatis
1876 3274 2012 3348 suis,
2045 3273 2255 3332 Matth.
2286 3272 2325 3330 i.
2354 3275 2451 3348 21,
2482 3281 2541 3332 et
2570 3271 2772 3332 Eccle-

365 3350 510 3408 siam
540 3349 652 3409 sibi
680 3349 952 3427 colligere
981 3370 1058 3410 ex
1083 3350 1316 3426 munde,
1347 3369 1520 3428 quam
1549 3351 1662 3410 01111
1687 3353 1877 3411 uniret
1900 3361 1966 3410 ut
1988 3353 2210 3428 Corpus
2238 3370 2407 3410 01111111
2426 3353 2772 3430 111γο11011111;

367 3428 540 3488 Unde
567 3430 628 3486 in
656 3429 887 3488 decreto
916 3429 988 3488 de
1016 3429 1297 3488 mittendo
1327 3430 1574 3504 Christe,
1604 3431 1853 3508 populus
1882 3429 2009 3507 ejus
2029 3431 2153 3507 jam
2176 3439 2241 3489 ut
2260 3431 2395 3489 talis
2422 3431 2773 3489 considerari

339 3508 584 3584 debuit,
614 3507 773 3585 quod
799 3527 915 3566 non
942 3516 1134 3586 potest
1177 3527 1304 3568 esse
1347 3507 1461 3566 nisi
1488 3507 1562 3566 ab
1603 3509 1885 3568 electione
1915 3509 2045 3567 Dei.
2148 3512 2204 3567 3.
2252 3509 2558 3584 Mediator,
2602 3517 2663 3568 et
2688 3509 2777 3568 illi

343 3607 611 3664 quorum
642 3587 906 3646 Christus
954 3586 1155 3647 debuit
1195 3607 1322 3646 esse
1351 3586 1658 3660 Mediator,
1705 3587 2059 3664 Redemptor
2086 3595 2145 3646 et
2178 3587 2516 3660 redimendi,
2549 3596 2683 3645 sunt
2722 3589 2775 3646 ix

363 3691 456 3724 rm
483 3693 526 3726 a·
553 3672 601 3732 ὃς
632 3670 700 3742 τ),
739 3666 998 3742 adeoque
1027 3666 1200 3725 simul
1227 3674 1449 3742 natura,
1479 3685 1588 3724 nec
1619 3665 1723 3725 ille
1802 3667 1950 3726 etuit
1990 3665 2340 3724 considerari
2366 3673 2433 3724 ut
2458 3663 2772 3741 Mediator,

365 3745 479 3803 nisi
509 3747 522 3759 '
549 3747 593 3803 li
622 3746 794 3805 simul
821 3744 1166 3805 considerati
1206 3745 1434 3819 fuerint,
1465 3765 1710 3823 quorum
1793 3745 1955 3803 ebuit
1994 3745 2477 3821 esseMediater3
2520 3746 2773 3804 maxime

364 3843 496 3883 cum
541 3825 791 3883 officium
837 3825 997 3884 istud
1043 3825 1314 3902 importet
1360 3825 1703 3900 necessario,
1734 3831 1800 3883 ut
1848 3824 1925 3883 sit
1951 3823 2077 3882 Vas
2125 3831 2183 3882 et
2212 3825 2400 3900 Caput
2442 3843 2640 3883 eorum
2667 3844 2772 3903 pro

364 3903 576 3980 quibus
603 3903 954 3978 mittebatur,
984 3912 1051 3963 ut
1079 3924 1140 3963 00
1169 3923 1365 3962 eorum
1392 3903 1521 3962 leco
1549 3903 1954 3963 substituendo
1980 3921 2182 3979 peenas
2209 3903 2351 3982 ipsis
2378 3903 2605 3962 debitas
2631 3905 2691 3962 in
2710 3925 2773 3964 se

363 3983 657 4060 reciperet,
689 3991 748 4042 et
775 3983 967 4042 omnia
994 3983 1148 4042 bona
1173 3983 1316 4060 ipsis
1332 3983 1654 4060 acquireret
1681 3991 1740 4042 et
1760 3981 2227 4042 communicaret.
2290 3983 2405 4057 Qui
2424 4002 2563 4041 vero
2583 3985 2772 4060 potuit

364 4063 590 4138 concipi
617 4061 909 4121 decretum
939 4062 1011 4121 de
1041 4061 1270 4121 Christo
1298 4060 1598 4137 mittend0,
1627 4061 1771 4140 quin
1798 4062 2220 4136 antecedenter,
2244 4063 2341 4120 vel
2370 4062 2573 4121 saltem
2597 4064 2770 4122 simul

363 4141 719 4219 concipiatur
745 4141 950 4200 electio
977 4141 1224 4217 illorum,
1255 4161 1360 4219 pro
1387 4140 1598 4219 quibus
1627 4161 1690 4200 se
1718 4141 1921 4201 debuit
1947 4141 2167 4216 offerre,
2198 4150 2258 4200 et
2285 4159 2529 4219 quorum
2558 4141 2683 4201 Vas
2710 4151 2770 4202 et

368 4221 558 4297 Caput
584 4219 811 4279 futurus
839 4227 964 4280 erat
979 4223 1012 4280 Ρ
1091 4221 1236 4280 Cum
1265 4221 1416 4279 enim
1458 4221 1571 4279 ista
1599 4221 1716 4280 sint
1743 4223 1992 4297 σχιταιεὶ,
2010 4220 2181 4279 01111111
2208 4240 2335 4280 0000
2364 4221 2595 4297 debent,
2627 4231 2685 4281 et
2702 4241 2773 4280 eo

362 4298 490 4377 ipso
518 4299 765 4374 decreto,
797 4318 912 4375 quo
941 4301 1212 4358 statuitur
1240 4300 1532 4358 Christum
1559 4300 1713 4359 mitti
1740 4301 1799 4358 in
1828 4300 2106 4359 mundum
2133 4297 2210 4358 ad
2237 4301 2480 4360 salutem
2507 4311 2771 4377 peccato-

361 4397 492 4438 rum
519 4377 907 4453 obtinendam,
939 4377 1139 4438 debuit
1166 4377 1340 4437 etiam
1367 4397 1640 4438 numerus
1671 4379 2078 4438 salvandorum
2106 4379 2337 4438 decerni
2366 4399 2401 4437 a
2430 4379 2573 4454 Dee,
2604 4381 2772 4441 011111

361 4477 466 4535 pre
495 4457 706 4534 quibus
731 4457 1126 4516 vadimonium
1155 4457 1314 4518 obire
1357 4457 1606 4517 debebat
1633 4457 1942 4534 designari,
1972 4466 2038 4516 ut
2064 4458 2298 4517 daretur
2323 4459 2441 4517 illis
2468 4460 2626 4535 solis,
2670 4462 2771 4537 qui

362 4536 451 4594 illi
479 4556 515 4594 a
544 4536 716 4595 Patre
745 4537 862 4596 dati
894 4546 1059 4595 erant
1082 4556 1187 4615 per
1213 4537 1571 4610 electionem,
1602 4536 1647 4596 J
1649 4537 1819 4595 ohan.
1848 4537 1992 4595 xvii.
2022 4541 2079 4612 2,
2111 4540 2166 4612 6,
2198 4539 2255 4596 9.

449 4615 630 4674 XVI.
694 4615 885 4692 Dices,
935 4615 1227 4675 Christum
1273 4615 1644 4693 spectandum
1692 4614 1925 4692 quidem
1952 4631 2080 4675 esse
2116 4625 2183 4675 ut
2208 4615 2480 4690 medium,
2512 4616 2615 4674 sed
2654 4637 2771 4678 non
