3300 5225
333 325 570 376 QvAEsr.
600 305 692 387 v.]
1203 327 1283 368 nn
1308 327 1716 371 normanna
1745 328 1868 371 nm.
2630 316 2748 375 453

331 470 673 545 oldectorum
698 466 877 544 specie
892 466 1314 546 distinctorum,
1345 478 1411 529 ut
1436 470 1631 548 quoad
1655 474 1884 531 modum
1909 490 2211 531 concursus
2231 470 2408 531 etiam
2434 473 2744 551 particula-

332 550 479 607 riter
500 556 657 626 agat,
690 556 749 605 et
774 555 947 625 prout
972 549 1101 609 vult
1129 559 1432 611 concurrat
1454 570 1591 609 cum
1618 552 1809 611 causis
1837 550 2124 611 secundis.

418 628 565 688 XV.
610 628 891 703 Quamvis
925 628 1087 689 Deus
1130 639 1435 690 conservet
1460 632 1822 690 voluntatem
1848 632 2108 707 liberam,
2139 639 2312 710 prout
2339 652 2476 691 eam
2504 633 2742 712 creavit,

330 728 451 767 non
466 708 725 785 sequitur
740 707 899 765 illam
922 709 1241 785 gubernare
1252 710 1462 770 debere
1484 712 1742 789 generali
1761 721 1986 771 tantum
1999 732 2310 789 concursu3
2342 711 2490 787 Quia
2505 712 2746 773 libertas

332 788 653 847 voluntatis
662 808 787 846 11011
808 796 905 847 est
921 790 1186 849 absoluta
1202 798 1261 849 et
1286 790 1699 868 independens,
1721 792 1825 851 sed
1843 792 2090 852 limitata
2107 802 2171 851 et
2184 791 2521 870 dependens
2532 812 2574 851 a
2592 794 2740 870 Deo,

327 868 411 926 ad
440 868 608 945 cujus
634 868 1024 927 conditionem
1062 869 1288 945 sufficit,
1328 871 1486 947 quod
1528 871 1702 929 homo
1749 872 1981 949 proprio
2006 881 2186 949 motu,
2239 881 2296 931 et
2335 874 2386 931 ἔκ
2426 872 2745 953 προαιρέσεως

326 956 505 1023 agat3
547 948 707 1025 quod
732 967 849 1006 non
876 948 1100 1008 tollitur
1124 969 1228 1027 per
1267 950 1551 1009 influxum
1580 952 1887 1026 specialem
1917 960 1975 1011 et
2002 952 2461 1029 determinatum,
2492 954 2596 1030 qui
2621 973 2742 1013 non

322 1028 543 1086 evertit
566 1036 832 1087 naturam
858 1048 1065 1105 rerum,
1098 1028 1202 1088 sed
1230 1030 1638 1089 convenienter
1664 1031 1789 1107 agit
1813 1031 2042 1089 illarum
2069 1032 2536 1109 proprietatibus.

412 1107 595 1167 XVI.
640 1107 909 1167 Potentia
937 1128 1066 1187 quae
1094 1109 1359 1169 absolute
1386 1117 1445 1168 et
1470 1109 1800 1169 omnimode
1839 1118 1928 1170 est
1955 1110 2289 1169 indifferens
2315 1119 2376 1171 et
2403 1110 2739 1171 indetermi-

322 1194 483 1263 nata,
514 1208 701 1265 neque
730 1188 963 1247 aliunde
1012 1188 1317 1266 dependet,
1368 1208 1485 1248 non
1510 1198 1704 1266 potest
1740 1190 2108 1249 determinari
2135 1212 2172 1251 a
2199 1190 2576 1249 Providentia
2603 1191 2738 1252 Dei.

328 1266 450 1326 Sed
477 1268 747 1327 voluntas
773 1268 1028 1327 humana
1053 1288 1170 1327 non
1197 1268 1281 1327 ita
1300 1268 1519 1327 dicitu-r
1543 1268 1895 1345 indifferens,
1927 1270 2031 1329 sed
2061 1270 2378 1329 secumdum
2406 1269 2564 1347 quid,
2593 1290 2736 1347 qua-

322 1356 511 1422 tenus,
560 1348 610 1406 si
654 1348 717 1405 in
762 1367 825 1406 se
880 1356 1185 1426 spectetur,
1230 1347 1619 1408 indifferenter
1668 1370 1730 1409 se
1772 1350 1951 1408 habet
1996 1349 2072 1408 ad
2113 1349 2277 1409 varia
2303 1350 2548 1427 objecta,
2599 1350 2740 1410 licet

320 1426 554 1485 aliunde
582 1427 906 1504 dependeat
921 1448 957 1485 a
975 1429 1102 1487 Deo
1130 1436 1189 1487 et
1215 1429 1342 1505 ejus
1370 1428 1761 1505 Providentia,
1793 1450 1828 1487 a
1853 1450 1970 1507 qua
1989 1438 2086 1487 est
2111 1438 2169 1488 et
2197 1438 2477 1489 movetur.
2522 1429 2736 1503 Quam-

322 1506 416 1565 vis
452 1524 592 1565 vero
642 1507 889 1584 seipsam
934 1507 1292 1583 determinet,
1338 1527 1456 1566 non
1492 1509 1697 1567 obstat
1738 1516 1932 1567 tamen
1978 1510 2288 1586 quominus
2324 1508 2739 1569 determinetur

320 1586 499 1645 etiam
524 1606 562 1643 a
592 1586 736 1661 Deo,
767 1587 904 1664 quia
922 1586 1321 1647 determinatio
1341 1588 1455 1645 Dei
1480 1608 1598 1647 non
1626 1588 1888 1647 excludit
1904 1588 2438 1647 determinationem
2465 1587 2736 1647 hominis.

407 1665 625 1724 XVII.
668 1666 808 1725 Alia
835 1676 925 1726 est
950 1667 1369 1743 determinatio,
1400 1687 1531 1744 quae
1570 1668 1639 1726 fit
1679 1688 1783 1746 per
1821 1668 2058 1727 modum
2087 1688 2271 1726 causoe
2298 1667 2592 1743 efficimztis,
2622 1667 2739 1725 alia

322 1765 429 1822 per
454 1745 691 1805 modum
716 1767 907 1805 oausae
916 1750 1211 1823 formali-3,
1242 1756 1301 1806 et
1324 1748 1633 1822 subiectivae
1647 1772 1676 1822 ;
1717 1747 1977 1807 Effectus
2005 1746 2458 1807 determinantur
2485 1767 2520 1804 a
2547 1746 2740 1806 causis

322 1824 597 1883 secundis
636 1845 741 1901 per
764 1824 1001 1883 modum
1031 1845 1219 1883 causae
1247 1826 1505 1884 formalis
1552 1839 1613 1885 et
1638 1827 1970 1904 materialis,
2001 1826 2106 1886 sed
2127 1847 2168 1886 a
2193 1846 2370 1886 causa
2407 1826 2595 1905 prima
2633 1846 2739 1905 per

322 1903 560 1962 modum
587 1924 777 1961 causae
804 1904 1121 1963 efficientis.
2661 1944 2668 1949 ·

405 1983 657 2042 XVIII.
690 1984 879 2042 Causa
906 1982 1283 2061 particularis,
1306 2002 1439 2060 quae
1460 1984 1748 2044 concurrit
1774 1984 2001 2042 influxu
2026 1984 2377 2061 particulari,
2401 1984 2738 2044 denomina-

318 2071 419 2123 tur
457 2063 532 2121 ab
559 2062 769 2122 effectu
806 2084 927 2138 su0,
959 2061 1191 2139 quando
1232 2082 1349 2121 non
1390 2070 1614 2122 tantum
1652 2071 1742 2122 est
1781 2063 2051 2139 efficienS,
2092 2063 2197 2122 sed
2237 2064 2412 2122 etiam
2451 2065 2735 2141 proxima,

320 2143 599 2218 formalis,
631 2151 690 2202 et
718 2143 1055 2221 subjectiva,
1087 2150 1145 2201 et
1172 2162 1303 2219 quae
1336 2142 1601 2219 producit
1628 2143 1691 2199 in
1717 2143 1908 2220 seipsa
1935 2142 2237 2218 effectum3
2284 2142 2401 2201 Sed
2431 2143 2592 2203 Deus
2619 2164 2739 2202 non

324 2231 517 2301 potest
544 2222 661 2282 dici
688 2222 798 2281 hoc
826 2242 999 2281 sensu
1028 2242 1202 2281 causa
1226 2222 1604 2301 particularis,
1636 2222 1774 2281 licet
1800 2221 2028 2281 influxu
2052 2221 2386 2299 particulari
2407 2230 2735 2299 concurrat,

321 2303 465 2381 quia
489 2322 609 2361 11011
634 2310 725 2362 est
752 2322 927 2363 causa
951 2302 1232 2381 proxima,
1262 2321 1369 2362 nec
1397 2301 1672 2379 formalis,
1704 2301 1809 2362 sed
1833 2310 2059 2363 tantum
2077 2302 2350 2379 efficiens,
2381 2322 2510 2381 quae
2539 2304 2601 2361 in
2619 2302 2736 2361 alio

318 2403 363 2442 o
436 2392 613 2442 ratur.

362 2403 597 2522 PeXIX.
642 2461 911 2523 Influxus
938 2462 1226 2540 generalis
1251 2481 1551 2541 perperam
1578 2461 1938 2522 necessarius
1966 2463 2252 2538 statuitur,
2275 2462 2373 2521 vel
2399 2462 2476 2521 ad
2500 2460 2736 2521 liberta-

318 2552 441 2602 tem
479 2544 729 2603 hominis
759 2543 1114 2619 salvandam,
1144 2543 1243 2601 vel
1283 2542 1359 2601 ad
1400 2541 1798 2601 causalitatem
1814 2543 2058 2622 ‚peccati
2083 2563 2121 2602 a
2149 2544 2276 2602 Deo
2302 2540 2732 2619 removendam,

318 2625 463 2703 quia
487 2633 754 2686 neutrum
780 2625 1043 2705 sequitur
1060 2645 1138 2684 ex
1163 2622 1391 2684 influxu
1414 2622 1766 2703 particulari,
1795 2633 1862 2684 ut
1885 2623 1950 2683 in
1975 2622 2352 2703 sequentibus
2377 2623 2734 2703 probabitur.

1269 2863 1668 2940 QuAEsrlo
1708 2863 1790 2923 v.

1238 3043 1321 3082 DE
1344 3041 1654 3086 coNCURsU
1681 3042 1805 3084 nm.

340 3183 438 3242 An
464 3185 625 3243 Deus
650 3193 955 3243 concurrat
977 3203 1103 3242 cum
1129 3184 1313 3242 camis
1338 3185 1607 3260 secundis,
1636 3202 1751 3244 non
1777 3183 1944 3241 modo
1970 3203 2242 3243 concursu
2258 3183 2624 3261 particulari,
2655 3189 2711 3242 et

946 3261 1292 3338 simultanw,
1319 3265 1425 3321 sed
1442 3263 1615 3322 ctiam
1630 3262 1853 3339 prumia
1867 3263 1899 3318 3
1939 3261 2108 3322 Affir.

406 3421 458 3482 Ι.
502 3421 647 3481 Gum
677 3420 933 3496 Quaestio
960 3420 1033 3480 de
1066 3420 1357 3480 Comum
1381 3421 1503 3480 Dei
1525 3419 1602 3480 sit
1628 3440 1704 3479 ex
1732 3417 2102 3495 difficillimis,
2146 3438 2276 3496 quae
2316 3419 2380 3478 in
2411 3419 2735 3497 Theologia

314 3509 641 3577 occurrant,
684 3503 747 3559 in
774 3520 889 3578 qua
915 3500 1276 3578 explicanda,
1317 3499 1369 3559 si
1406 3500 1633 3577 uspiam
1673 3498 1830 3573 alibi,
1873 3497 2198 3557 laboratum
2239 3497 2364 3572 fuit,
2395 3507 2455 3558 et
2481 3507 2734 3558 erratum

320 3581 825 3659 periculosissime,
854 3581 1203 3660 peculiarem
1232 3589 1291 3639 et
1317 3587 1643 3640 accuratam
1672 3577 2132 3655 disquisitionem
2159 3578 2432 3655 postulat.

930 3661 1015 3719 ΙΙ.
1046 3661 1146 3719 Ad
1179 3661 1407 3720 Statum
1430 3658 1779 3735 Quaestionis
1801 3657 2081 3734 Observa,
2109 3660 2162 3716 1.
2189 3659 2534 3718 Concursum
2554 3655 2734 3716 alium

354 3725 631 3830 Οωῧξξξζ
647 3727 689 3773 P
687 3727 777 3786 ¹²7·
848 3759 977 3799 esse
1002 3741 1317 3817 Physicum,
1348 3760 1463 3817 quo
1498 3739 1629 3816 quis
1669 3756 1774 3816 per
1798 3736 2038 3796 modum
2073 3757 2268 3797 causae
2307 3736 2565 3814 physicae
2595 3755 2731 3794 con-

843 3819 1027 3879 currit
1056 3828 1122 3879 et
1158 3820 1297 3898 agit,
1342 3819 1405 3878 id
1437 3827 1547 3894 est,
1578 3837 1718 3877 vere
1745 3825 1805 3876 et
1833 3816 2140 3876 efficaciter
2165 3837 2234 3876 ac
2271 3815 2503 3875 realiter
2542 3815 2734 3875 influit

410 3923 479 3969 Et
500 3921 711 3968 morans.
844 3898 907 3958 in
928 3899 1201 3958 effectum
1226 3899 1481 3978 positivo
1503 3897 1760 3991 quodam
1779 3895 2007 3956 influxu
2021 3918 2050 3989 ς.
2079 3895 2279 3955 Alium
2301 3898 2589 3970 moralem,
2615 3915 2732 3988 quo

316 4057 637 4134 suadendo,
676 4057 775 4117 vel
808 3976 2112 4137 offigcssoissmoeazggemugorglrzspgffiffitgnssg.
2143 3973 2585 4116 {pgffiexssffiovel
2597 3974 2732 4115 ἐξ

319 4140 519 4218 agitur
542 4137 638 4197 hic
665 4137 739 4197 de
768 4138 1064 4198 concursu
1090 4139 1312 4216 morali,
1344 4138 1449 4197 sed
1473 4137 1736 4216 physico.

929 4219 1050 4278 111.
1094 4224 1150 4279 2.
1197 4219 1544 4279 Concursum
1582 4217 1762 4276 alium
1802 4235 1930 4275 esse
1971 4216 2291 4292 medianam,
2335 4215 2513 4274 alium
2541 4215 2729 4274 imme-

320 4285 367 4331 2.
382 4284 705 4390 uffjgfflffif
716 4282 806 4328 ¹¹²¹·
839 4299 1081 4358 aliatum.
1164 4300 1354 4358 Causa
1388 4298 1545 4357 enim
1586 4304 1780 4375 potest
1820 4295 1936 4354 dici
1977 4316 2166 4374 agere,
2204 4295 2305 4354 vel
2341 4295 2598 4371 mediate,
2633 4294 2734 4354 vel

846 4379 1178 4454 immediate,
1223 4387 1349 4437 tum
1390 4375 1589 4454 quoad
1633 4376 1995 4453 suppositum,
2044 4385 2170 4436 tum
2215 4375 2409 4455 quoad
2453 4376 2730 4434 virtutem.

324 4460 440 4519 Illa
466 4478 641 4519 causa
668 4457 791 4540 agit
830 4458 1160 4518 immediate
1189 4459 1599 4517 immediatione
1632 4456 1920 4534 suppositi,
1964 4457 2114 4516 inter
2151 4475 2325 4534 quam
2365 4463 2428 4514 et
2462 4453 2732 4513 effectum

320 4540 550 4600 nullum
576 4539 738 4600 aliud
764 4539 1129 4618 suppositum
1155 4537 1448 4618 singulare
1474 4557 1579 4617 per
1605 4556 1669 4596 se
1698 4536 2020 4596 subsistens
2044 4537 2424 4627 interjectum·
2439 4541 2546 4609 est,
2574 4531 2735 4627 quod

320 4620 487 4698 prius
525 4620 589 4680 in
616 4640 679 4682 se
706 4618 947 4700 recipiat
966 4620 1259 4681 actionem
1287 4618 1531 4697 agentis,
1560 4625 1629 4678 ut
1655 4635 1806 4695 aqua
1837 4637 1968 4696 quae
2009 4635 2242 4676 manum
2269 4615 2456 4675 abluit
2481 4621 2542 4674 et
2566 4611 2728 4672 resn-
