3300 5225
558 312 672 369 502
1510 324 1694 366 Locus
1723 322 2025 364 ssrrnrus.
2544 302 2800 383 [eumer.
2831 324 2972 364 vm.

556 471 620 528 in
646 476 830 527 morte
856 474 1147 546 praestant,
1190 465 1410 523 animas
1458 485 1656 525 eorum
1699 464 1762 522 in
1807 463 1995 523 sinum
2043 462 2257 521 Christi
2300 460 2628 539 deferendo,
2657 472 2726 523 ut
2767 465 2972 523 anima

561 548 767 607 Lazari
795 547 869 606 ab
896 548 1037 624 ipsis
1066 547 1125 603 in
1156 546 1343 605 sinum
1374 544 1628 603 Abrahae
1659 544 1959 622 deportata
1985 550 2091 617 est,
2126 541 2268 600 Luc.
2298 541 2458 617 xvi.;
2505 544 2584 601 Et
2611 544 2772 620 quod
2813 544 2970 622 ipsis

560 629 621 685 in
650 628 1079 686 consumatione
1108 625 1288 684 seculi
1316 632 1449 683 sunt
1478 623 1809 699 exhibituri,
1854 621 2264 700 congregando
2303 621 2524 699 fideles,
2567 631 2638 681 ut
2678 624 2968 683 sistantur

564 707 791 766 Christo
820 705 1197 783 glorificandi.
1969 780 1982 797 .
2873 784 2888 797 ι

564 810 1048 939 ²¹2..A¹:12.‡{:¹.⁸:²2:⁸:
1088 780 2143 941 ,ssffhdffssfiussfssz‘ffiffzssgtffi
2159 782 2394 920 *ξ”θὸἰί
2403 784 2660 939 αῗιῖἔιί
2686 783 2962 939 ἕζεέἰε

620 940 792 985 ⁰¹¹¹⁴1¹³⁰
812 928 873 973 ⁸¹³
894 931 1022 973 ortu.
1087 943 1161 1001 ab
1188 944 1316 1022 ipsa
1342 943 1662 1017 nativitate,
1693 943 1794 1019 qui
1821 950 2132 1019 perpetuus
2167 940 2244 999 sit
2269 960 2467 1001 eorum
2505 961 2698 1000 comes
2729 952 2790 1002 et
2827 961 2958 1000 cus--

560 1031 652 1081 tos
679 1042 861 1099 usque
888 1021 964 1080 ad
990 1032 1261 1099 mortem3
1292 1042 1423 1099 quae
1447 1030 1680 1099 recepta
1705 1030 1795 1080 est
1821 1021 1978 1098 apud
2005 1020 2342 1079 Pontificios
2371 1022 2670 1096 sententia,
2701 1022 2798 1081 cui
2821 1022 2955 1079 reli·

563 1102 791 1179 giosum
820 1101 1181 1178 Angelorum
1212 1103 1447 1178 cultum,
1479 1110 1537 1161 et
1562 1102 1902 1161 nominatim
1933 1100 2154 1177 Angeli
2181 1100 2408 1159 comitis
2435 1101 2827 1177 quotidianam
2853 1122 2956 1159 ve-

558 1181 914 1240 nerationem
943 1189 1465 1259 superstruxerunt.
1537 1182 1661 1239 Nos
1687 1200 1844 1256 ver0,
1874 1181 2011 1239 licet
2037 1200 2419 1257 agnoscamus
2448 1180 2711 1257 Angelos
2737 1181 2800 1239 in
2827 1200 2956 1239 cus-

562 1259 779 1319 todiam
806 1268 867 1319 et
891 1261 1222 1339 praesidium
1250 1261 1377 1320 dari
1412 1260 1698 1336 fidelibus,
1745 1269 1812 1319 ut
1847 1268 2018 1319 antea
2059 1259 2398 1336 probatum;
2445 1260 2567 1318 Nec
2611 1258 2958 1319 diffiteamur

564 1347 751 1399 certos
780 1339 1044 1417 Angelos
1070 1360 1240 1418 posse
1286 1340 1529 1400 subinde
1558 1340 1834 1399 destinari
1877 1348 1938 1399 et
1979 1339 2132 1398 mitti
2175 1339 2252 1397 ad
2287 1338 2507 1413 fideles,
2538 1340 2634 1397 vel
2675 1339 2750 1398 ad
2788 1358 2952 1398 reve-

560 1418 736 1478 landa
762 1419 1025 1497 quaedam
1046 1421 1158 1479 Dei
1178 1420 1470 1498 mysteria,
1499 1422 1595 1479 vel
1622 1420 1699 1478 ad
1728 1440 1827 1478 eos
1855 1419 2126 1479 solandos
2153 1426 2213 1477 et
2239 1418 2640 1495 protegendos,
2670 1427 2737 1477 ut
2763 1420 2954 1478 visum

562 1498 624 1556 in
655 1498 1003 1558 Patriarchis
1032 1501 1258 1577 saepius,
1290 1501 1350 1557 in
1379 1500 1640 1573 Daniele,
1671 1499 1714 1558 J
1718 1500 1950 1577 osepho,
1983 1498 2188 1573 Maria,
2219 1506 2278 1555 et
2325 1497 2487 1557 aliis:
2533 1498 2829 1575 Negamus
2865 1508 2954 1557 ta·

562 1597 697 1636 men
720 1585 877 1637 recte
904 1578 1037 1637 inde
1066 1580 1263 1656 colligi
1289 1598 1460 1655 posse
1489 1577 1784 1655 Angelum
1813 1578 2110 1637 custodem
2139 1586 2197 1636 et
2236 1577 2540 1636 tutelarem
2581 1578 2787 1656 cuique
2828 1599 2956 1637 esse

562 1657 989 1733 assignandum,
1020 1659 1118 1716 vel
1146 1658 1487 1716 sententiam
1524 1657 1712 1731 istam,
1758 1658 2022 1733 quamvis
2064 1656 2242 1714 variis
2283 1656 2552 1715 Patribus
2593 1677 2710 1716 non
2755 1657 2954 1735 displi-

560 1734 757 1809 cuerit,
788 1743 1061 1811 tanquam
1082 1734 1340 1873 ἐ’γζῖιφω
1368 1736 1545 1813 recipi
1572 1756 1760 1813 posse.

571 1877 764 1937 Negans
784 1880 1027 1925 „nunus
1292 1816 1571 1878 Rationes
1630 1824 1780 1890 sunt,
1831 1820 1882 1874 l·
1927 1813 2077 1889 QUia
2121 1815 2430 1894 Scriptura,
2481 1836 2612 1893 quae
2668 1818 2842 1876 toties
2883 1818 2959 1877 de

678 1937 929 1995 probatur.
1082 1894 1398 1954 ministerio
1428 1894 1790 1973 Angelorum
1829 1914 1969 1972 erga
2007 1894 2209 1953 fideles
2248 1896 2518 1972 loquitur,
2563 1898 2828 1975 nuspiam
2869 1906 2958 1956 ta-

1081 1995 1215 2034 men
1240 1976 1503 2035 meminit
1530 1974 1750 2053 Angeli
1776 1974 2049 2049 custodis,
2073 1974 2232 2052 quod
2257 1983 2449 2033 tamen
2469 1996 2587 2033 non
2614 1977 2958 2053 reticuisset,

562 2054 612 2113 si
640 2064 857 2115 certum
887 2065 976 2115 est
1002 2056 1208 2132 cuique
1235 2054 1494 2114 fidelium
1522 2055 1597 2113 ab
1624 2056 1751 2133 ipso
1769 2064 1898 2114 ortu
1927 2062 2148 2113 eertum
2174 2054 2423 2131 aliquem
2447 2055 2742 2132 Angelum
2771 2057 2957 2134 assig-

560 2134 703 2209 nari,
732 2135 834 2213 qui
860 2144 1135 2214 perpetuo
1164 2154 1263 2194 eos
1290 2135 1610 2211 comitetur,
1646 2144 1706 2193 et
1733 2154 1930 2194 eorum
1959 2154 2155 2193 curam
2184 2144 2364 2211 gerat.
2449 2135 2576 2193 Imo
2604 2136 2742 2195 dum
2776 2136 2960 2213 Spiri-

560 2221 655 2272 tus
682 2214 789 2273 hos
818 2234 853 2272 a
882 2215 1008 2274 Deo
1034 2214 1214 2274 libere
1254 2215 1370 2274 huc
1408 2215 1549 2273 illuc
1589 2214 1740 2273 mitti
1780 2222 2026 2273 testatur
2060 2213 2136 2271 ad
2175 2214 2552 2273 ministerium
2597 2235 2811 2291 eorum,
2857 2218 2960 2293 qui

561 2293 805 2353 salutem
831 2294 1124 2354 haeredare
1151 2294 1380 2371 debent,
1414 2294 1597 2353 Hebr.
1624 2294 1666 2351 i.
1700 2297 1792 2369 14,
1824 2294 1964 2353 satis
2007 2292 2198 2353 innuit
2244 2293 2417 2352 certis
2462 2294 2792 2355 hominibus
2837 2315 2962 2355 non

560 2392 685 2432 esse
714 2373 982 2451 alligatos
1009 2381 1067 2434 et
1095 2373 1396 2434 obnoxios.
2205 2424 2222 2433 -

640 2452 761 2511 XI.
804 2458 860 2512 2.
892 2452 1041 2527 Quia
1066 2472 1217 2513 unus
1245 2452 1513 2531 Angelus
1542 2471 1695 2532 saepe
1722 2453 1798 2511 ad
1823 2452 2136 2513 multorum
2177 2452 2435 2511 fidelium
2463 2455 2784 2515 custodiam
2823 2454 2957 2515 mit-

558 2530 716 2605 titur,
748 2540 807 2590 et
830 2532 1026 2610 plures
1053 2534 1154 2592 uni
1191 2532 1568 2592 destinantur.
1657 2534 1824 2593 Unus
1869 2532 2136 2610 Angelus
2185 2532 2484 2593 obsidione
2528 2536 2573 2596 J
2575 2536 2956 2614 erosolymam

560 2610 753 2688 solvit,
787 2610 865 2670 Is.
894 2613 1159 2690 xxxvii.;
1199 2630 1351 2673 unus
1378 2613 1647 2691 Angelus
1685 2621 2120 2672 castrametatur
2146 2613 2298 2672 cirea
2325 2614 2594 2676 timentes
2623 2617 2954 2692 Dominum,

562 2689 777 2750 Psalm.
806 2693 1014 2752 xxxiv.
1047 2697 1101 2753 7.
1188 2691 1393 2752 Plures
1420 2693 1593 2752 etiam
1622 2713 1774 2771 saepe
1823 2693 1925 2752 uni
1951 2693 2329 2768 destinantur,
2359 2695 2589 2774 Anqelt‘s
2614 2697 2728 2755 suis
2743 2697 2952 2772 proeci-

548 2771 675 2847 piet
698 2773 767 2831 de
795 2781 861 2846 te,
891 2781 955 2830 ut
981 2782 1031 2831 te
1057 2775 1371 2832 custodiant
1386 2773 1445 2830 in
1472 2773 1718 2831 omnibus
1745 2773 1848 2832 viis
1875 2775 1998 2848 tuis,
2031 2773 2185 2832 Psal.
2215 2773 2330 2832 xci.
2355 2776 2425 2832 11
2449 2799 2463 2852 3
2509 2777 2662 2835 circa
2679 2775 2956 2834 Elisaeum

558 2869 725 2909 mons
752 2852 957 2929 plenus
984 2861 1106 2912 erat
1134 2852 1297 2931 equis
1345 2861 1405 2911 et
1440 2852 1703 2911 curribus
1727 2852 1937 2928 igneis,
1969 2857 2005 2910 2
2038 2853 2186 2931 Reg.
2215 2853 2296 2912 vi.
2330 2855 2401 2911 17
2429 2877 2442 2931 3
2488 2856 2531 2915 J
2533 2855 2714 2914 acobo
2739 2855 2960 2913 obmizm

558 2931 785 3068 &enitent
826 2933 1035 3008 Δ’171919ῑί
1072 2934 1203 3008 Dei,
1256 2931 1507 3008 dixitque
1555 2931 1662 3005 ille,
1715 2951 1884 3007 quum
1924 2933 2138 2992 videret
2183 2953 2291 3009 eos,
2343 2933 2506 2994 Acies
2533 2937 2651 2992 Dei
2693 2936 2809 2992 haec
2855 2943 2953 3009 est,

620 3027 710 3067 en.
739 3011 929 3070 xxxii.
963 3016 992 3070 1
1046 3016 1102 3071 2.

640 3088 796 3150 XII.
841 3093 896 3150 3.
928 3057 1076 3164 Qtiia
1121 3091 1247 3148 haec
1285 3089 1569 3149 sententia
1612 3089 1900 3166 originem
1942 3091 2119 3151 habet
2163 3093 2495 3172 Paganam:
2537 3094 2755 3151 Notum
2799 3093 2954 3152 enim

560 3167 857 3244 Ethnicos,
906 3169 1216 3245 unicuique
1262 3169 1483 3227 homini
1528 3170 1875 3248 peculiarem
1913 3171 2173 3242 Genium
2223 3192 2324 3232 seu
2373 3173 2706 3231 Daemonem
2753 3171 2964 3242 datum,

558 3265 685 3305 esse
740 3248 1047 3321 censuisse,
1106 3268 1221 3324 quo
1278 3255 1541 3325 spectant
1592 3249 1706 3308 ista
1755 3249 1960 3308 Ariani
2015 3251 2078 3308 in
2135 3252 2354 3329 Epicte.
2412 3252 2515 3311 lib.
2570 3253 2609 3310 i.
2667 3271 2790 3328 cap.
2859 3256 2954 3326 14,

560 3331 697 3400 Θαὶς,
728 3327 929 3404 inquit,
964 3328 1216 3407 ἔπίτςοπον
1254 3327 1445 3403 indm?
1472 3329 1734 3408 renim-nn
1759 3335 1839 3387 τὶν
1862 3331 2074 3388 ἑκάστου
2101 3329 2324 3406 δαίμονα,
2369 3337 2458 3391 aaa)
2487 3328 2731 3412 παρέδιηιι
2753 3333 2956 3404 φυλέτ-

556 3431 649 3463 rm
675 3409 820 3465 affl·
846 3411 999 3484 αὗτᾷ,
1031 3413 1119 3466 καὶ
1147 3417 1312 3467 τοῦτον
1338 3410 1611 3485 ἀκοίμητον,
1641 3413 1732 3467 καὶ
1761 3411 2188 3492 ὦπαςαλῦγιστυ,
2223 3415 2258 3444 “
2283 3413 2444 3470 Deus
2471 3413 2802 3490 praefeotum
2827 3413 2958 3470 uni·

558 3487 762 3562 cuique
790 3487 1063 3564 imposuit
1089 3488 1437 3566 peculiarem
1472 3489 1829 3564 Daemonem,
1859 3499 1918 3548 et
1945 3490 1998 3548 ei
2041 3490 2279 3549 tradidit
2319 3511 2452 3551 eum
2495 3490 2954 3568 custodiendum,

555 3584 799 3642 eumque
844 3567 1208 3645 pervigilem,
1255 3575 1314 3627 et
1356 3568 1458 3645 qui
1504 3567 1629 3626 falli
1676 3588 1794 3628 non
1839 3571 2092 3646 posset.’'
2178 3569 2345 3644 Quod
2387 3571 2727 3631 confirmant
2755 3590 2960 3630 versus

558 3645 863 3705 Menandri
892 3647 1047 3725 apud
1078 3647 1329 3706 Ammia.
1361 3648 1645 3708 Marcelli.
1675 3648 1737 3707 li.
1767 3649 1932 3706 xxix.
1965 3650 2019 3722 5,
2057 3651 2148 3707 13.
2700 3656 2710 3666 “

1260 3809 1485 3866 ‘'Am-aim
1515 3806 1701 3881 Bassum!
1727 3804 1861 3887 ἆνδςὶ
1888 3811 1961 3883 τᾷἶ
1985 3808 2209 3884 qusquis?

1272 3887 1489 3952 aaran&
1520 3890 1616 3944 ἔστι
1643 3894 1979 3963 μυπωγωγὸς
2007 3895 2095 3947 τοῦ
2118 3894 2246 3964 βίον,

556 4041 771 4116 Cuique
818 4043 1027 4101 homini
1061 4047 1249 4103 statim
1276 4054 1442 4121 atque
1468 4054 1633 4103 natus
1661 4055 1741 4104 est
1785 4049 2003 4106 doemon
2030 4057 2112 4107 est
2158 4049 2321 4108 totius
2366 4049 2492 4106 vitoe
2535 4051 2750 4108 ductor.
2835 4050 2958 4110 Nec

550 4120 723 4179 alieni
772 4119 1002 4181 fuerunt
1027 4122 1073 4182 J
1073 4123 1226 4182 udaei
1270 4123 1343 4181 ab
1389 4124 1499 4181 hac
1544 4125 1844 4201 sententia,
1877 4146 1910 4185 a
1950 4128 2162 4204 quibus
2204 4126 2279 4186 ad
2309 4127 2664 4186 Christianos
2711 4131 2956 4204 transiit,

552 4217 681 4276 quae
722 4198 963 4276 proinde
1004 4203 1209 4260 merito
1253 4211 1518 4278 suspecta
1564 4205 1734 4262 nobis
1778 4225 1904 4265 esse
1949 4207 2138 4282 debet,
2170 4227 2239 4265 eo
2267 4208 2362 4266 vel
2405 4206 2610 4284 magiS,
2641 4208 2800 4285 quod
2841 4229 2956 4269 non

546 4297 749 4358 parum
780 4280 1169 4356 superstitioni
1198 4281 1515 4341 Pontificius
1544 4303 1716 4362 super
1739 4288 1892 4366 &gno-a
1902 4287 1976 4364 είᾳ
2003 4285 2362 4363 Angelorum
2389 4287 2810 4348 obstetricetur.

628 4357 820 4417 XIII.
867 4359 1023 4418 Loca
1050 4359 1164 4418 duo
1206 4361 1531 4440 Scripturae,
1562 4385 1692 4442 quae
1721 4367 1901 4443 vulgo
1946 4365 2020 4424 ad
2065 4368 2191 4444 ejus
2235 4365 2724 4426 confirmationem
2768 4367 2957 4428 afferri

546 4441 750 4516 solent,
794 4459 911 4498 non
951 4448 1195 4517 possunt
1220 4460 1347 4500 eam
1376 4445 1634 4520 probare.
1680 4445 1828 4504 Nam
1857 4446 2013 4523 quod
2041 4445 2210 4505 Matt.
2242 4447 2403 4504 xviii.
2441 4450 2532 4505 10.
2575 4449 2783 4525 Anyeli
2809 4470 2956 4525 par·

542 4524 813 4596 valorum,
840 4520 931 4595 ᾆο.
950 4519 1235 4596 dicuntur,
1259 4521 1406 4582 bene
1434 4525 1688 4584 ostendit
1715 4525 1978 4604 Angelos
2003 4526 2261 4603 parvulis
2287 4545 2404 4584 non
2431 4527 2624 4586 miuus
2651 4549 2718 4586 ac
2746 4528 2960 4586 adultis

545 4601 668 4659 dari
695 4601 768 4660 ad
797 4599 1117 4661 custodiam
1144 4625 1156 4662 :
1206 4601 1321 4662 Sed
1350 4623 1462 4662 non
1492 4613 1682 4682 potest
1711 4605 1910 4682 colligi
1937 4617 2153 4665 certum
2193 4615 2248 4665 et
2291 4606 2637 4683 peculiarem
2668 4607 2955 4684 quendam
