3300 5225
535 319 655 377 360
1469 338 1653 380 Locus
1680 336 1969 388 0111101110.
2512 316 2762 399 [0111001.
2790 332 2950 377 xvn.

541 477 1077 556 extraordinarium,
1107 500 1144 538 a
1175 476 1392 558 Spiritu
1425 478 1638 540 Sancto
1680 488 2039 557 conceptum,
2068 486 2192 538 tum
2233 486 2500 557 respectu
2524 476 2801 551 fidelium,
2845 476 2955 553 qui

543 557 652 616 sub
683 558 884 636 Capite
932 579 1038 619 suo
1066 559 1356 619 debebant
1397 561 1458 619 in
1502 569 1658 619 statu
1702 560 1904 637 gratiae
1948 579 2077 619 esse
2109 558 2318 619 Semen
2360 559 2518 618 illius
2545 557 2819 633 mulieris,
2851 557 2953 615 cui

545 636 707 696 Deus
733 639 1169 715 promissionem
1198 641 1399 718 gratiae
1425 640 1739 718 proposuit,
1770 648 1830 700 et
1857 659 2031 717 quam
2058 648 2307 700 erectam
2334 639 2523 697 voluit
2548 658 2583 695 0
2608 638 2792 714 lapsu,
2832 656 2957 694 non

542 724 663 775 tam
690 719 932 795 physice
1029 740 1060 777 r
1106 720 1552 797 generationem,
1583 740 1759 797 quam
1802 720 1989 779 ethice
2032 739 2137 797 per
2174 719 2552 777 imitationem
2593 737 2670 776 ex
2702 716 2956 794 Spiritus

543 798 778 873 Virtute,
807 818 925 876 qua
991 808 1098 859 unt
1125 819 1242 857 non
1267 800 1374 859 filii
1401 802 1608 876 carnis,
1640 800 1745 859 sed
1770 800 2166 879 promissionis
2190 822 2205 859 2
2252 800 2361 874 Ita,
2383 798 2521 857 licet
2552 798 2759 857 Semen
2781 796 2955 855 muli-

545 877 661 936 eris
687 878 950 938 absolute
975 880 1229 957 positum
1255 898 1374 938 non
1401 881 1669 959 designet
1693 881 1955 939 homines
1982 899 2099 959 qua
2136 878 2371 955 fideles;
2416 886 2478 936 at
2502 896 2681 955 quum
2720 876 2959 954 ponitur

543 967 874 1034 comparate
901 968 961 1019 et
987 960 1455 1021 contradistincte
1483 960 1559 1019 ad
1589 959 1801 1019 Semen
1828 959 2126 1037 serpentia,
2149 968 2305 1018 recte
2334 958 2407 1017 de
2434 958 2552 1016 illis
2572 956 2958 1035 praedicatur:

545 1038 814 1114 quamvis
841 1040 994 1097 enim
1023 1059 1219 1099 semen
1245 1041 1356 1098 hoc
1383 1041 1821 1116 individualiter,
1852 1048 1911 1099 et
1937 1040 2357 1115 inerepas-rhus
2384 1038 2459 1096 ad
2488 1036 2777 1108 Christum
2806 1035 2957 1094 refe-

545 1126 722 1193 ratur,
753 1119 855 1195 qui
880 1119 1112 1197 propria
1137 1120 1352 1179 virtute
1393 1139 1667 1198 magnum
1709 1120 1821 1179 hoc
1868 1139 2013 1199 opus
2055 1128 2178 1178 erat
2218 1126 2582 1193 executuruS‚
2615 1114 2960 1176 secundario

545 1204 757 1271 tamen,
789 1206 848 1257 et
894 1206 1186 1275 sumptum
1233 1202 1522 1276 collective,
1552 1200 1701 1259 bene
1750 1199 2083 1259 extenditur
2128 1198 2205 1256 ad
2249 1197 2404 1258 solos
2448 1196 2667 1271 fideles,
2698 1197 2797 1273 qui
2828 1204 2966 1254 sunt

553 1276 777 1353 clareti,
809 1284 868 1336 et
893 1279 1154 1337 membra
1181 1279 1448 1358 Corporis
1477 1280 1606 1358 ejus
1631 1275 1881 1357 mystici,
1912 1280 1975 1337 in
2016 1279 2227 1357 quibus
2256 1278 2519 1337 Christus
2552 1276 2725 1335 etiam
2752 1274 2962 1334 debuit

547 1356 738 1432 Caput
763 1358 1045 1435 serpentis
1073 1368 1382 1435 conterere,
1429 1379 1548 1418 non
1573 1368 1801 1420 tantum
1840 1360 2038 1418 merito
2067 1378 2173 1418 suo
2214 1378 2319 1435 per
2356 1357 2807 1432 satisfactionem,
2850 1354 2963 1415 sed

547 1435 726 1575 t‹fl-tisim
753 1437 1000 1509 efficacia
1026 1458 1131 1516 per
1154 1440 1660 1519 sanctificativam,
1692 1440 1815 1499 sine
1843 1458 1958 1517 qua
1984 1440 2141 1517 prior
2184 1438 2450 1498 contritio
2478 1456 2632 1495 vana
2657 1436 2861 1495 fuisset
2897 1444 2963 1493 et

641 1524 886 1575 stranea.

632 1595 920 1656 XXVII.
964 1596 1165 1674 Hujus
1191 1606 1384 1657 autem
1411 1598 1879 1677 particularitatis
1904 1617 2023 1657 non
2072 1599 2318 1659 obscura
2364 1598 2501 1656 dare
2550 1596 2739 1655 voluit
2783 1614 2961 1671 argu-

550 1682 747 1734 menta
775 1676 937 1735 Deus
956 1676 1018 1734 in
1045 1678 1441 1754 promissionis
1471 1678 1907 1756 complemento,
1937 1679 2096 1757 quod
2120 1680 2182 1737 in
2211 1677 2456 1737 Foedere
2504 1676 2706 1755 gratiae
2754 1682 2963 1753 postea

551 1755 835 1831 exhibuit,
865 1763 990 1815 tum
1017 1757 1078 1815 in
1100 1755 1317 1817 Adami
1343 1758 1562 1817 familia
1587 1778 1693 1836 per
1718 1759 2145 1819 distinctionem
2174 1758 2383 1818 factam
2424 1759 2574 1817 inter
2612 1756 2857 1815 carnum
2898 1762 2966 1813 et

553 1834 822 1913 Abelem,
842 1836 906 1895 in
930 1835 1150 1895 familia
1177 1837 1401 1897 Noachi
1429 1839 1578 1898 inter
1609 1838 1844 1898 Semum
1864 1847 1925 1898 et
1952 1840 2251 1913 Chamum,
2276 1839 2337 1895 in
2384 1837 2603 1896 familia
2638 1834 2966 1894 Abrahami

552 1913 707 1973 inter
734 1914 1040 1974 Ismaelem
1069 1925 1128 1978 et
1157 1917 1439 1995 Isaacum,
1470 1918 1532 1976 in
1559 1917 1781 1977 familia
1808 1918 1998 1978 Isaaci
2023 1920 2176 1978 inter
2214 1919 2476 1977 Esavum
2522 1924 2581 1975 et
2629 1915 2673 1975 J
2675 1915 2917 1974 acobum
2946 1935 2964 1972 z

555 1994 844 2069 Quorsum
871 1996 1026 2054 enim
1069 1996 1232 2057 Deus
1271 2006 1392 2059 tam
1434 1998 1681 2058 sollicite
1722 1999 2127 2058 discretionem
2166 1997 2355 2057 facere
2395 1996 2584 2056 voluit
2624 1996 2687 2053 in
2730 1994 2970 2053 familiis

555 2074 1035 2153 Patriarcharum,
1066 2077 1212 2136 01100
1239 2078 1535 2155 011111οη(10,
1567 2086 1627 2137 et
1654 2079 1799 2137 alios
1825 2078 2221 2156 relinquendO,
2250 2076 2366 2136 nisi
2383 2085 2449 2136 ut
2474 2084 2798 2151 testaretur,
2830 2092 2965 2152 gra·

550 2154 694 2213 tiam
719 2154 891 2213 istam
921 2156 1232 2216 salutarem
1256 2158 1644 2217 universalem
1676 2177 1796 2217 non
1842 2178 1988 2234 esse,
2042 2158 2145 2217 sed
2188 2156 2591 2237 particularem
2634 2155 2770 2231 illis,
2813 2172 2969 2231 quos

541 2234 832 2313 peculiari
857 2235 1167 2315 privilegio
1183 2232 1229 2295 ’a
1256 2238 1479 2298 caeteris
1507 2238 1752 2315 seligere
1778 2238 1967 2298 voluit
1982 2241 2011 2296 P

635 2314 959 2376 XXVIII.
1005 2317 1289 2395 Denique,
1317 2327 1387 2378 ut
1409 2318 1526 2378 alia
1551 2320 1736 2378 multa
1770 2338 1926 2378 nune
1965 2318 2279 2393 mittamus,
2325 2316 2471 2376 Cum
2512 2335 2589 2375 ex
2628 2314 2738 2373 1100
2776 2313 2970 2391 hypo-

554 2394 707 2455 thesi
733 2395 1077 2473 velleitates,
1109 2406 1168 2457 et
1193 2398 1560 2458 vehementia
1587 2398 1890 2475 desideria,
1922 2398 2026 2458 sed
2051 2417 2205 2456 vana
2232 2406 2293 2457 et
2330 2397 2509 2471 irrita,
2536 2396 2663 2454 Deo
2705 2393 2970 2453 tribuan-

555 2482 669 2551 tur,
700 2476 913 2552 quibus
943 2478 1214 2537 statuitur
1239 2478 1302 2536 id
1328 2478 1630 2537 intendere
1658 2486 1718 2539 et
1746 2479 1895 2538 serio
1923 2478 2077 2537 velle
2117 2477 2275 2556 quod
2302 2477 2507 2536 volens
2547 2475 2712 2534 novit
2750 2482 2969 2547 tamen,

555 2574 666 2615 nec
693 2554 950 2614 futurum
991 2576 1262 2635 unquam,
1306 2577 1413 2618 nec
1453 2558 1578 2618 fieri
1618 2577 1827 2636 posse;
1870 2558 2127 2638 proclive
2169 2566 2260 2618 est
2306 2556 2493 2617 cuivis
2534 2554 2821 2632 colligere,
2868 2552 2975 2610 An

559 2636 771 2694 summi
799 2635 1067 2696 Numinis
1097 2639 1466 2716 Majestatem
1503 2641 1618 2698 ista
1645 2639 1925 2717 deceant3
1970 2659 2162 2698 annon
2198 2643 2524 2716 repugnent
2567 2637 2697 2714 ejus
2729 2633 2973 2712 Sapien-

558 2715 657 2775 tiae
684 2723 744 2774 et
773 2714 1056 2775 Potentiae
1075 2719 1104 2776 P
1185 2717 1403 2777 Annon
1447 2718 1556 2778 sub
1603 2727 1892 2797 praetextu
1938 2719 2287 2780 extollendae
2333 2717 2552 2778 Gratiae
2596 2724 2655 2775 et
2695 2714 2977 2774 bonitatis

558 2794 792 2871 divinae,
821 2815 938 2855 non
965 2815 1169 2874 parum
1197 2799 1536 2858 obscuretur
1562 2808 1621 2859 et
1647 2799 2037 2877 imminuatur,
2083 2799 2221 2858 dum
2250 2817 2403 2857 vana
2442 2805 2502 2856 et
2541 2795 2810 2854 inefficax
2850 2803 2973 2852 sta-

559 2875 758 2952 tuitur,
791 2883 850 2934 et
878 2896 1007 2952 quae
1033 2897 1150 2936 non
1179 2878 1356 2936 alium
1385 2887 1658 2938 eventum
1686 2880 1937 2956 sortitur,
1967 2899 2142 2958 quam
2178 2897 2393 2956 augere
2435 2876 2686 2937 hominis
2729 2883 2973 2950 reatum,

559 2963 620 3014 et
647 2975 780 3014 eum
806 2954 1048 3015 reddere
1076 2959 1447 3030 ἀναπολόγητον
1466 2960 1495 3016 ⁶?
1537 2958 1661 3017 Nec
1686 2959 1799 3018 1100
1842 2958 2157 3018 absurdum
2201 2959 2331 3018 tolli
2376 2965 2584 3037 potest,
2638 2956 2689 3015 si
2733 2954 2971 3029 dixeris,

563 3035 922 3113 Scripturam
950 3035 1235 3096 desideria
1262 3047 1322 3098 et
1341 3037 1665 3098 velleitates
1692 3038 2019 3098 istiusmodi
2038 3039 2225 3098 videri
2249 3039 2376 3098 Deo
2406 3037 2696 3114 affingere,
2718 3042 2785 3093 ut
2813 3033 2972 3093 Psal.

559 3115 753 3173 lxxxi.
807 3117 898 3188 13,
953 3114 1032 3175 Is.
1091 3117 1278 3177 xlviii.
1324 3121 1415 3192 18,
1467 3119 1605 3194 quia
1647 3117 1833 3195 liquet
1872 3118 2196 3179 locutiones
2239 3138 2365 3179 esse
2410 3114 2971 3193 anthropopathicas,

561 3215 692 3272 quse
717 3196 1000 3275 Θυοπῃπῢς
1041 3195 1256 3257 debent
1282 3197 1549 3274 intelligi,
1582 3207 1640 3258 et
1678 3218 1808 3277 quae
1834 3199 2147 3259 referendas
2176 3207 2312 3258 sunt
2338 3198 2413 3257 ad
2439 3197 2800 3256 voluntatem
2826 3213 2972 3272 prse-

561 3274 887 3352 cipientem,
917 3283 984 3335 ut
1009 3275 1286 3352 doceatur
1311 3276 1454 3356 quid
1484 3279 1610 3337 Deo
1639 3288 1868 3356 gratum
1897 3280 1988 3356 sit,
2021 3288 2080 3339 et
2107 3279 2399 3357 quodnam
2434 3277 2511 3336 sit
2550 3275 2807 3336 hominis
2853 3272 2973 3333 offi-

560 3355 733 3429 cium,
764 3374 881 3413 non
909 3356 985 3415 ad
1010 3358 1374 3418 voluntatem
1401 3357 1821 3434 decernentem,
1850 3368 1919 3419 ut
1944 3367 2176 3419 notetur
2202 3357 2345 3438 quid
2387 3356 2717 3431 intenderit,
2748 3363 2809 3414 et
2834 3352 2980 3431 quid

557 3435 713 3496 circa
737 3434 1028 3497 hominem
1054 3437 1181 3496 fieri
1207 3437 1473 3513 voluerit,
1501 3447 1570 3498 ut
1597 3458 1771 3516 supra
1798 3448 2093 3501 ostensum
2122 3438 2189 3500 L.
2216 3438 2335 3497 ΙΙΙ.
2368 3437 2437 3513 Q.
2470 3440 2562 3514 16,
2592 3458 2651 3515 p.
2682 3437 2820 3494 207.

944 3581 957 3594 ‚
1169 3517 1431 3578 XXIX.
1482 3519 1727 3579 Dt'lcctio
1771 3519 1844 3578 de
1891 3539 2007 3598 qua
2053 3519 2261 3598 agitur,
2308 3519 2483 3579 Joan.
2528 3516 2610 3576 iii.
2660 3518 2753 3592 16,
2801 3533 2981 3592 quum

594 3580 1010 3688 Ὲοῃῡξξῃῇῑψῡ·
1089 3598 1251 3659 Deus
1279 3599 1507 3674 dicitur,
1537 3600 1620 3658 ita
1646 3601 1908 3660 dilexisse
1948 3601 2247 3675 Mundum,
2278 3607 2342 3658 ut
2365 3599 2579 3656 Filium
2612 3615 2778 3656 suum
2804 3596 2975 3653 dede-

565 3705 568 3710 ·
1083 3679 1178 3755 rit,
1210 3677 1338 3756 &c.,
1367 3698 1486 3739 non
1512 3687 1707 3758 p'otest
1734 3699 1861 3740 esse
1888 3679 2234 3740 universalis
2262 3697 2402 3756 erga
2430 3696 2632 3756 01111100
2672 3684 2731 3735 et
2780 3675 2979 3751 singu-

561 3759 669 3835 los,
699 3759 805 3819 sed
833 3759 1100 3838 specialis
1127 3779 1267 3838 erga
1292 3779 1524 3839 paucos,
1574 3763 1626 3820 1.
1676 3759 1814 3837 quia
1860 3761 2055 3837 agitur
2098 3758 2170 3818 de
2215 3777 2440 3818 summo
2484 3765 2544 3817 et
2585 3757 2813 3816 intenso
2864 3753 2978 3812 Dei

562 3858 775 3913 amore,
816 3858 930 3914 quo
971 3839 1162 3916 major
1206 3859 1316 3898 nec
1363 3840 1548 3914 datur,
1595 3859 1707 3899 nec
1749 3840 1976 3917 concipi
2020 3847 2214 3917 potest
2260 3857 2401 3916 erga
2444 3857 2561 3911 eos,
2611 3856 2717 3912 pro
2767 3833 2981 3912 quibus

563 3937 734 3976 suum
764 3917 1146 3994 Unigenitum
1176 3918 1370 3994 dedit3
1418 3919 1575 3996 quod
1600 3926 1778 3996 patet,
1808 3927 1931 3978 tum
1960 3939 2035 3978 ex
2058 3918 2342 3997 particula
2370 3919 2651 3996 ἔπετειτικξῐ,
2686 3915 2853 3988 οὕτως,
2881 3914 2980 3990 sic,

563 4015 694 4074 quse
720 4014 994 4073 magnum
1021 3997 1118 4056 hic
1143 3997 1373 4074 pondus
1401 3998 1592 4072 habet,
1623 4006 1749 4056 tum
1777 4017 1853 4056 ex
1880 3999 2085 4076 reipsa,
2126 3999 2266 4076 01110
2303 4007 2370 4058 ut
2408 3998 2689 4074 majorem
2734 3993 2981 4054 charita·

564 4085 683 4136 tem
711 4095 882 4135 nemo
908 4075 1122 4134 habere
1149 4084 1356 4153 potest,
1389 4095 1562 4153 quam
1589 4084 1656 4135 ut
1681 4085 1860 4153 ponat
1886 4078 2136 4137 animam
2178 4098 2341 4137 suam
2384 4097 2489 4154 pro
2538 4075 2757 4150 amicis,
2803 4074 2848 4134 J
2850 4093 2979 4132 oan.

563 4175 666 4215 xv.
700 4158 774 4215 13
802 4177 816 4230 ;
861 4155 944 4213 ita
969 4155 1132 4215 nulla
1157 4157 1345 4233 major
1391 4155 1640 4214 inveniri
1683 4164 1877 4233 potest
1902 4158 2153 4234 dilectio,
2186 4178 2271 4231 ea,
2302 4177 2420 4234 qua
2465 4157 2643 4231 Deus,
2696 4173 2828 4213 cum
2874 4154 2979 4211 ho·

564 4234 750 4310 mines
779 4233 968 4295 adhuc
997 4241 1192 4294 essent
1217 4234 1451 4311 inimici,
1485 4235 1701 4294 Filium
1730 4254 1897 4296 suum
1938 4239 2112 4297 morti
2138 4237 2377 4296 tradidit
2402 4256 2508 4314 pro
2550 4235 2712 4314 ipsis.
2796 4233 2876 4292 Et
2913 4239 2987 4291 ut

565 4315 938 4374 Abrahamus
964 4334 1083 4372 non
1108 4314 1299 4391 potuit
1325 4314 1653 4374 evidentius
1682 4315 1810 4375 Deo
1840 4336 2002 4376 suam
2029 4318 2275 4395 probare
2302 4317 2594 4394 pietatem,
2627 4333 2801 4392 quam
2840 4309 2984 4371 offe·

561 4394 744 4454 rendo
775 4393 989 4454 Filium
1017 4393 1079 4453 in
1109 4393 1468 4470 sacrificium,
1501 4394 1585 4454 sic
1615 4396 1779 4456 Deus
1810 4397 2143 4458 hominibus
2170 4396 2453 4456 illustrius
2480 4415 2597 4454 non
2643 4393 2835 4473 potuit
2882 4391 2987 4449 de-

563 4481 884 4534 monstrare
913 4492 1164 4534 amorem
1193 4493 1378 4550 suum,
1409 4494 1582 4552 quam
1613 4476 1829 4536 Filium
1858 4496 2024 4537 suum
2054 4477 2171 4536 illis
2200 4476 2558 4554 indulgendo
2591 4475 2653 4532 in
2681 4472 2985 4532 victimam

563 4556 857 4630 ἱλιπικὺη
902 4558 958 4613 2.
989 4553 1127 4633 quia
1152 4573 1313 4613 amor
1343 4555 1454 4614 Dei
1482 4575 1598 4632 quo
1627 4555 1845 4616 Filium
1886 4557 2064 4634 dedit,
2112 4557 2305 4616 omnia
2351 4557 2577 4634 reliqua
2616 4553 2693 4612 ad
2734 4552 2988 4611 salutem

563 4635 890 4696 necessaria
915 4644 1049 4714 post
1075 4653 1138 4695 se
1165 4635 1375 4712 trahit;
1419 4655 1553 4694 nam
1582 4638 1682 4713 qui
1696 4638 1942 4713 proprio
1970 4638 2124 4696 Filio
2151 4657 2263 4697 non
2282 4637 2555 4714 pqmrct‘t,
2600 4636 2705 4694 sed
2739 4633 2995 4692 wadidit
