3300 5225
571 296 648 353 34
1555 308 1739 351 Locus
1766 308 2001 352 ramus.
2048 332 2057 341 ·
2594 288 2843 369 [QUAEs‘r.
2875 310 2981 351 ιω.

575 454 682 511 dor
705 452 805 511 ille
833 452 935 529 qui
961 469 1060 510 eos
1089 448 1476 525 emundabat,
1507 458 1574 510 ut
1599 450 1791 509 visum
1831 450 1895 509 in
1924 449 2157 528 Angelo
2198 448 2499 509 nuntiante
2528 449 2743 509 Christi
2774 451 2984 509 nativi-

570 542 768 607 tatem,
791 540 850 591 et
869 539 1064 590 vestes
1091 528 1352 589 candidas
1379 530 1488 589 sub
1515 530 1729 609 quibus
1744 530 2100 610 apparebant
2118 528 2337 607 Angeli
2354 538 2534 589 testes
2552 530 2987 589 resurrectionis

577 612 826 687 Christi3
867 609 1024 669 unde
1051 628 1168 669 non
1195 608 1425 669 difficile
1453 618 1578 669 erat
1603 610 1869 671 sensibus
1896 618 1955 669 et
1982 610 2190 669 rationi
2216 616 2436 669 rectum
2462 608 2535 667 de
2563 609 2681 669 illis
2701 608 2987 688 judicium

575 690 798 767 facere3
843 689 1014 766 Quod
1039 690 1090 747 si
1117 689 1382 749 nonnulli
1407 688 1634 768 decepti
1662 700 1813 766 sunt,
1856 698 1925 749 ut
1950 689 2225 750 credibile
2250 696 2341 749 est
2366 689 2477 748 hoc
2500 708 2620 748 non
2648 707 2777 748 raro
2804 688 2985 748 conti-

577 772 752 849 gisse,
783 789 942 830 error
980 768 1090 828 fuit
1127 788 1247 828 non
1287 789 1322 827 a
1361 778 1523 847 parte
1563 770 1795 848 objecti,
1826 769 1983 848 quod
2023 770 2163 829 satis
2204 788 2267 829 se
2307 768 2602 847 prodebat,
2634 769 2740 828 sed
2765 789 2801 827 a
2826 778 2987 847 parte

576 850 827 928 subjecti
854 858 914 909 et
937 848 1204 927 principii
1225 848 1434 928 judicii
1461 868 1751 909 sensuum.

661 930 782 989 IX.
825 929 1012 989 Aliud
1051 938 1141 987 est
1180 948 1217 988 a
1253 929 1380 987 Deo
1419 930 1642 1006 percuti
1682 935 2012 1003 scommate,
2043 946 2117 987 ne
2142 926 2410 988 videatur
2434 927 2673 1005 aliquod
2698 927 2990 1006 objectum

579 1019 734 1070 recte
761 1017 821 1070 et
847 1010 1034 1085 clare3
1079 1008 1263 1067 Aliud
1303 1026 1506 1067 sensus
1547 1008 1695 1067 bene
1735 1007 2081 1067 constitutos
2120 1007 2321 1066 fallere
2360 1008 2422 1065 in
2462 1009 2792 1067 testimonio
2833 1008 2991 1085 quod

564 1090 882 1169 perhibent
910 1088 982 1147 de
1009 1087 1240 1166 objecto
1265 1088 1496 1166 proprio
1523 1095 1584 1147 et
1607 1087 1758 1146 bene
1776 1087 2084 1164 disposit03
2117 1086 2288 1145 Prius
2316 1086 2526 1147 dicitur
2552 1087 2625 1145 de
2650 1088 2987 1163 Sodomaeis,

581 1171 732 1229 Gen.
761 1170 885 1228 xix.
921 1171 1011 1243 11,
1043 1176 1102 1227 et
1131 1168 1318 1245 Syriis
1344 1165 1642 1227 militibus.
1686 1171 1743 1226 2.
1776 1167 1923 1243 Reg.
1952 1166 2033 1226 vi.
2068 1169 2160 1243 18,
2190 1166 2293 1244 qui
2319 1186 2437 1225 non
2462 1176 2729 1245 poterant
2748 1168 2988 1246 januam

581 1249 757 1325 Lothi
783 1248 1060 1323 invenire,
1091 1255 1153 1307 et
1181 1247 1401 1307 Urbem
1433 1246 1705 1306 Samariae
1734 1264 2081 1324 agnoscere3
2130 1244 2233 1305 sed
2258 1265 2376 1305 non
2402 1246 2705 1325 posterius,

661 1328 748 1387 X.
795 1328 860 1387 Si
887 1328 1152 1387 Christus
1191 1328 1378 1387 evasit
1417 1345 1522 1404 per
1559 1324 1811 1386 mediam
1847 1326 2091 1402 turbam,
2123 1346 2253 1403 quse
2280 1327 2631 1405 praecipitem
2660 1346 2792 1385 eum
2820 1346 2991 1403 agere

579 1407 768 1467 voluit
807 1427 840 1466 e
877 1414 1090 1483 monte,
1123 1406 1266 1467 Luc.
1293 1406 1374 1466 iv.
1406 1409 1500 1482 30,
1545 1425 1664 1464 non
1706 1414 2009 1485 propterea
2036 1405 2385 1465 credendum
2414 1425 2544 1465 eum
2574 1406 2795 1483 Corpus
2824 1426 2993 1465 suum

581 1486 903 1547 reddidisse
943 1486 1236 1545 invisibile
1271 1494 1332 1546 et
1357 1486 1809 1564 imperceptibilc
1839 1486 2138 1563 sensibus3
2183 1484 2287 1544 sed
2312 1505 2440 1545 sese
2466 1484 2529 1544 in
2554 1486 2725 1545 turba
2751 1486 2991 1563 abscon-

581 1568 754 1644 disse,
785 1576 852 1627 ut
893 1586 954 1626 se
996 1566 1341 1627 subduceret
1379 1584 1578 1625 eorum
1618 1565 1816 1643 furori,
1848 1566 1972 1625 sive
2006 1584 2109 1624 eos
2136 1575 2449 1625 scotomate
2476 1566 2837 1643 percusserit,
2870 1566 2993 1624 sive

583 1664 782 1785 {orgum
823 1645 1073 1705 furorem
1114 1644 1306 1706 subito
1345 1645 1655 1723 pacaverit,
1700 1645 1796 1705 vel
1844 1645 2195 1723 represserit,
2239 1654 2305 1705 ut
2344 1645 2550 1705 volunt
2576 1646 2901 1705 Ambrosius
2936 1654 2996 1703 et

643 1746 672 1785 e
755 1772 767 1783 .

1497 1988 1886 2066 QUAESTm
1930 1988 2084 2049 ΧΠ.

1326 2174 1420 2231 Du
1465 2174 1598 2235 Usu
1641 2176 2250 2245 Cosssomnrmnuu.

585 2361 680 2419 An
691 2361 982 2436 Doqmata
991 2356 1142 2438 fidei
1163 2365 1220 2417 et
1241 2376 1464 2419 morum
1493 2369 1711 2421 tantum
1738 2380 2005 2439 expresso
2033 2362 2154 2421 Dei
2178 2358 2355 2419 Verbo
2382 2362 2825 2421 monstranda
2850 2361 2963 2420 sint
2971 2387 2995 2434 ;

618 2441 872 2499 *Annon
913 2440 1080 2499 etiam
1111 2456 1226 2515 per
1271 2439 1709 2517 Omeqaentias
1752 2460 1825 2500 ex
1851 2442 2155 2518 Scriptura
2184 2441 2461 2501 instinctas
2486 2441 2724 2517 legitime
2755 2442 3003 2519 probari

659 2520 880 2595 possint
894 2515 1123 2578 ‚2—Aff.
1156 2517 1376 2605 Poster.

982 2737 994 2750 ,
1195 2676 1245 2736 Ι.
1290 2675 1545 2752 Quaestio
1585 2687 1723 2738 nata
1763 2687 1853 2740 est
1892 2697 1969 2740 ex
2002 2699 2158 2739 nova
2191 2680 2551 2758 Agyl-tarum
2591 2687 2651 2739 et
2683 2679 2997 2740 circulato·

619 2737 1042 2840 statuantizsuaestno-
1112 2775 1240 2816 rum
1279 2757 1436 2835 apud
1477 2757 1815 2828 Boutificios
1854 2756 2187 2838 disputandi
2227 2758 2515 2835 methodo,
2546 2760 2647 2838 qui
2683 2768 2750 2820 ut
2774 2759 3001 2819 facilius

1113 2855 1174 2895 se
1219 2835 1560 2914 expedirent
1604 2839 1679 2899 ab
1732 2840 2089 2918 argumentis
2132 2841 2360 2914 nostris,
2406 2840 2619 2916 quibus
2662 2839 2876 2899 invicte
2924 2859 2999 2898 ex

592 2915 889 2993 Scriptura
917 2915 1258 2974 sententiam
1285 2925 1540 2976 nostram
1568 2917 1938 2994 adstruimus,
1968 2929 2029 2978 et
2054 2939 2275 2978 errores
2306 2919 2564 2996 ipsorum
2604 2917 2999 2995 confodimus;

587 3014 706 3054 non
750 2995 922 3052 aliam
965 2995 1411 3055 commodiorem
1457 2995 1729 3057 elabendi
1770 2998 2050 3058 rationem
2095 3019 2157 3058 se
2200 2999 2497 3059 habituros
2544 2999 2807 3059 arbitrati
2848 3009 2999 3074 sunt,

588 3091 764 3215 {nepam
809 3074 858 3133 si
901 3093 1010 3132 nos
1057 3094 1126 3133 eo
1170 3075 1485 3154 adigerent,
1531 3086 1598 3138 ut
1639 3063 1915 3156 dogmata
1955 3087 2155 3138 nostra
2197 3079 2391 3138 omnia
2424 3079 2665 3139 totidem
2707 3079 2901 3139 verbis
2942 3080 3002 3138 in

702 3153 890 3231 'ptura
932 3153 1212 3213 contineri
1259 3155 1798 3236 demonstraremus,
1842 3160 2059 3238 rejecto
2100 3159 2257 3218 omni
2296 3158 2832 3237 consequentiarum
2872 3179 3002 3221 usu.

593 3233 822 3294 Primus
849 3233 1000 3293 inter
1028 3233 1362 3295 Pontificios
1389 3237 1621 3298 videtur
1645 3239 1797 3298 hanc
1824 3249 2008 3299 artem
2034 3239 2399 3317 excogitasse
2426 3241 2737 3299 Perrom'us
2772 3238 3001 3299 Cardin.

589 3315 654 3372 in
675 3313 934 3392 Replica.
965 3333 1072 3374 sua
1097 3313 1376 3376 adversus
1399 3317 1622 3395 Regem
1641 3319 1727 3378 M.
1753 3319 2086 3395 Britanniae,
2112 3337 2283 3397 quem
2312 3319 2493 3379 secuti
2522 3327 2657 3379 sunt
2684 3320 2783 3378 alii
2808 3318 3004 3398 plures

483 3439 494 3452 .
591 3393 856 3473 ejusdem
883 3393 1134 3470 furfuris,
1171 3395 1494 3473 Olunta-im,
1530 3397 1813 3475 Cottonus,
1843 3398 2151 3476 Amoldus,
2182 3408 2244 3458 et
2280 3400 2567 3478 praecipue
2607 3401 2873 3476 Veronus,
2902 3398 3004 3477 qui

589 3474 938 3554 peculiarem
965 3474 1139 3533 etiam
1170 3475 1512 3536 Methodum
1539 3477 1753 3537 exinde
1774 3478 2107 3558 disputandi
2126 3479 2516 3539 Vetonianam
2538 3479 2751 3538 dictam
2770 3479 3002 3538 concin-

588 3555 770 3630 navit,
813 3553 1026 3632 quibus
1067 3573 1130 3614 se
1171 3554 1564 3634 adjunxerunt
1602 3559 1849 3618 Fmtres
1884 3559 2307 3637 Wallemburyii
2342 3559 2404 3618 in
2433 3559 2761 3635 Germania,
2792 3557 3005 3636 aliique

588 3634 864 3712 lucifugae
893 3633 1265 3697 Missionarii.
1353 3636 1472 3718 Sed
1499 3646 1727 3698 veteres
1753 3638 2009 3699 haeretici
2036 3639 2153 3699 illis
2174 3641 2300 3719 jam
2325 3640 2737 3717 praeluxerunt,
2769 3639 3005 3698 Arriani

589 3716 744 3774 enim
783 3715 897 3774 hoc
938 3723 1278 3794 argumento
1318 3735 1437 3776 non
1477 3719 1660 3778 semel
1697 3719 1793 3779 usi
1834 3727 1970 3779 sunt
1996 3729 2063 3781 ut
2088 3725 2144 3779 τὶ
2174 3719 2419 3797 ὅμουσιοι
2442 3728 2877 3797 expugnarent3
2922 3719 3007 3778 sic

591 3793 1000 3854 Macedoniani
1023 3796 1316 3874 negabant
1346 3797 1594 3876 Spiritus
1623 3799 2023 3876 Divinitatem,
2046 3819 2117 3860 eo
2144 3799 2303 3878 quod
2328 3801 2388 3858 in
2420 3800 2716 3877 Scriptura
2742 3799 3007 3876 nuspiam

592 3891 865 3952 expresse
893 3872 1118 3934 dicatur
1148 3875 1425 3952 Spiritum
1457 3878 1735 3939 Sanctum
1762 3899 1890 3940 esse
1920 3881 2129 3956 Deum,
2160 3879 2297 3940 vide
2330 3880 2505 3957 arey.
2535 3881 2811 3939 Nazianz.
2842 3881 3005 3940 Orat.

594 3955 650 4029 5,
681 3955 752 4012 de
782 3954 970 4011 Theol.
1041 3953 1258 4012 Iisdem
1286 3955 1460 4016 armis
1486 3957 1938 4036 Apollinaristas
1964 3969 2024 4020 et
2052 3961 2496 4039 Monophysitas
2522 3978 2661 4019 usos
2686 3959 2864 4020 fuisse
2892 3969 3005 4019 tes-

592 4041 751 4092 tatur
776 4032 1072 4090 Maximus
1095 4033 1414 4094 Monachus
1439 4036 1500 4093 in
1527 4038 1883 4100 orationibus
1909 4040 2137 4118 viginti,
2168 4059 2299 4118 quse
2325 4041 2523 4120 vulgo,
2556 4041 2659 4100 sed
2690 4057 3006 4120 perperam,

593 4111 920 4172 Athanasio
947 4111 1295 4174 tribuuntur.

677 4191 764 4251 11.
809 4190 1111 4252 Articulus
1150 4192 1388 4271 quintus
1429 4194 1820 4258 confessionis
1862 4196 2195 4276 Gallicanae,
2226 4199 2382 4260 unde
2408 4197 2596 4259 videri
2622 4197 2829 4258 volunt
2866 4199 3007 4259 hau-

595 4271 742 4332 sisse
763 4272 1123 4332 ·sententiam
1163 4291 1338 4351 quam
1379 4275 1549 4334 nobis
1591 4276 1893 4356 affingunt,
1931 4279 2136 4339 asserit
2176 4279 2410 4357 quidem
2456 4280 2767 4358 Scripturas
2792 4279 3009 4357 perfec-

593 4351 831 4428 tionem,
843 4369 1036 4444 ‘quum
1075 4351 1174 4430 ait,
1205 4371 1334 4412 eam
1373 4373 1490 4415 esse
1529 4358 1707 4417 omnis
1746 4359 1997 4419 veritatis
2034 4363 2308 4439 wyslam,
2351 4368 2409 4420 et
2432 4361 2724 4438 complecti
2746 4359 3015 4438 quicq-edd

593 4434 682 4492 ad
696 4435 960 4509 ylomm·
974 4433 1093 4492 Dei
1115 4441 1170 4492 et
1192 4435 1430 4494 salutem
1455 4445 1710 4497 nostram
1736 4439 2064 4517 requiritur,
2092 4449 2159 4500 ut
2194 4459 2309 4501 non
2348 4441 2519 4501 liceat
2541 4441 2867 4517 hominibus,
2896 4441 3009 4497 imo

593 4532 666 4573 ne
691 4512 922 4607 4n9elis
961 4513 1112 4591 ἰρείε,
1145 4513 1443 4592 quicquam
1481 4516 1569 4574 illi
1602 4519 1817 4579 addere
1854 4523 1945 4579 vel
1981 4521 2279 4580 detrahere
2292 4543 2319 4594 ;
2358 4520 2464 4580 sed
2490 4539 2609 4579 non
2636 4519 2839 4581 statuit
2864 4517 3013 4579 nihil

597 4591 1034 4670 admittendum,
1063 4593 1176 4654 nisi
1203 4593 1360 4672 quod
1387 4595 1628 4657 totidem
1648 4599 1843 4660 verbis
1870 4600 1932 4662 in
1963 4600 2259 4679 Scriptura
2283 4599 2529 4679 legatur,
2558 4601 2675 4660 imo
2702 4600 2811 4660 sub
2838 4601 3014 4660 finem
