3300 5225
547 395 742 460 xxxiv
1427 399 1693 450 onArlo
1725 397 2096 448 FUNEBRIS.

550 575 676 639 rati
705 591 916 639 sumus
939 576 1005 635 et
1031 586 1396 634 veneramur
1415 567 1482 630 in
1503 561 1875 630 Reverendo
1902 568 2121 626 nostro
2148 558 2509 624 Tronchz‘no
2536 556 2721 638 hujus
2756 554 2965 618 Athe-

551 673 672 738 naei
719 667 1212 752 splendidissimo
1260 666 1480 748 sydere
1507 685 1524 727 ι
1572 663 1991 728 medericum
2020 659 2477 742 Spanhcmium
2502 652 2969 738 famigeratissi-

555 792 723 835 mum
753 769 930 834 illum
960 768 1315 840 Doctorem‚
1347 781 1528 845 quem
1569 759 1843 828 revereri
1890 779 2013 824 non
2050 758 2293 823 desinet
2346 761 2595 822 sacrata
2624 755 2969 818 Doctorum

557 871 764 945 turba,
803 876 816 889 ‘

1645 979 1805 1036 Dum
1834 977 2048 1034 lumina
2078 976 2247 1047 Titan

1044 1064 1294 1122 Etr-seret
1316 1079 1388 1118 ac
1411 1059 1705 1118 stellarum
1730 1059 1883 1135 iynes
1908 1060 2197 1116 voloentw·
2228 1057 2485 1131 Olympo.

569 1255 930 1314 Μυστοπόλων
959 1251 1116 1328 μέγα.
1153 1251 1348 1319 κῦδοςς
1405 1241 1675 1325 Europae
1704 1245 1908 1317 θαῦμα,
1938 1267 2035 1302 και
2070 1246 2229 1309 κλέος
2266 1247 2417 1320 φίλον
2450 1241 2797 1321 οὖςανίδεσσις
2848 1230 2971 1294 Cu-

558 1349 666 1429 jus
711 1347 1106 1410 immaturum
1152 1343 1390 1407 obitum
1437 1341 1836 1406 Reformatus
1888 1339 2090 1402 adhuc
2146 1338 2403 1400 defloret
2452 1335 2639 1410 orbis,
2668 1331 2791 1394 nisi
2816 1329 2977 1392 duos

566 1452 710 1527 post
743 1464 810 1509 se
847 1442 1204 1524 reliquisset
1236 1447 1418 1504 natos
1445 1439 1841 1504 Ezechielem
1868 1443 1937 1502 et
1962 1437 2384 1510 Fridcricum,
2416 1433 2695 1510 Quantos
2736 1428 2929 1492 Viros
2956 1427 2973 1488 !

569 1544 737 1607 Proh
772 1540 976 1605 Deum
1015 1538 1462 1604 immortalem!
1517 1538 1663 1600 Duo
1715 1537 1909 1600 totius
1964 1534 2347 1616 Reipublicae
2394 1530 2689 1596 literariae
2716 1527 2971 1600 lumina,

571 1641 761 1707 seculi
792 1637 1110 1714 miracula,
1137 1636 1334 1702 nostri
1367 1635 1668 1716 temporis
1700 1633 2041 1710 Phoenices,
2074 1653 2227 1713 quos
2260 1631 2433 1698 nulla
2457 1647 2758 1696 annorum
2778 1624 2977 1692 series

571 1739 808 1821 poterit

1016 1927 1341 1988 Detur-bare
1361 1926 1572 2004 modu,
1602 1926 1945 2004 memorique
1968 1941 2291 2000 eapunqerc
2316 1923 2460 1980 seclo
2478 1943 2496 1978 .-

576 2125 1038 2190 Aleoeandram
1067 2125 1152 2188 M
1147 2145 1353 2199 oram,
1389 2123 1859 2188 disertissimum
1888 2121 2061 2185 illum
2090 2121 2309 2195 virum,
2339 2118 2515 2198 cujus
2554 2135 2623 2180 os
2649 2111 2983 2178 facundum

579 2222 822 2306 Pylium
851 2242 1060 2288 senem
1091 2223 1334 2287 vincere
1383 2222 1711 2303 potuisset,
1740 2228 1807 2286 et
1856 2221 2125 2284 immites
2172 2219 2445 2282 ferarum
2482 2214 2716 2278 animos
2746 2211 2983 2285 lenire3

582 2323 687 2404 qui
709 2323 803 2384 ita
819 2328 1094 2386 nostrum
1123 2321 1564 2385 Turrettae‘num
1584 2321 2083 2393 exosculabatur,
2108 2323 2182 2380 ut
2210 2337 2349 2382 cum
2374 2315 2489 2378 sub
2512 2313 2567 2393 ej
2574 2335 2645 2378 us
2668 2309 2983 2394 praesidio,

582 2422 774 2486 Anno
823 2420 1009 2500 hujus
1060 2419 1249 2483 seculi
1305 2419 1422 2494 44,
1458 2418 1691 2484 Theses
1741 2419 1819 2482 de
1846 2417 2237 2481 Necessaria
2276 2415 2399 2478 Dea·
2430 2413 2669 2475 Gratia
2714 2429 2985 2491 propug-

581 2519 817 2582 nandas
848 2517 1236 2596 suscepisset,
1267 2515 1367 2602 (nt
1399 2517 1512 2580 sub
1543 2537 1636 2592 eo,
1652 2517 1843 2580 Anno
1860 2515 1977 2590 40,
1998 2515 2075 2578 de
2094 2514 2449 2577 Foelicitate
2476 2509 2729 2574 Mor-ali
2761 2515 2827 2572 et
2848 2509 2983 2572 Po-

588 2619 769 2681 litica
802 2612 1190 2697 defenderat)
1223 2615 1290 2677 in
1323 2615 1458 2694 ejus
1489 2615 1755 2695 gratiam
1787 2634 1999 2679 versus
2030 2614 2293 2677 condere
2324 2612 2491 2673 llaud
2534 2616 2827 2690 gravatus
2852 2607 2989 2671 fue-

586 2716 692 2779 rit.
797 2712 928 2777 Sub
975 2712 1170 2776 tantis
1202 2712 1376 2776 Viris
1431 2720 1727 2793 quantum
1777 2712 2127 2793 profecerit,
2173 2711 2417 2792 judicet
2468 2710 2657 2785 orbiS,
2688 2726 2813 2771 non
2840 2724 2987 2786 pro-

585 2811 826 2877 nuntio,
929 2810 1067 2875 Hoc
1117 2832 1306 2875 unum
1353 2831 1721 2876 memorasse
1770 2811 2037 2893 juvabit,
2075 2810 2238 2891 quod
2290 2809 2531 2875 scilicet
2578 2828 2654 2873 ea
2690 2804 2993 2869 facilitate

589 2911 884 2977 discenda
912 2910 1197 2985 disceret,
1231 2916 1305 2974 ut
1333 2909 1715 2991 probabilem
1746 2910 2022 2974 effecerit
2072 2908 2449 2989 quorundam
2481 2906 2991 2985 Philosophorum

591 3010 915 3075 amabilem
948 3007 1270 3084 insaniam,
1300 3007 1453 3071 nihil
1483 3008 1650 3071 aliud
1684 3030 1819 3073 esse
1850 3009 2085 3073 discere
2114 3028 2295 3088 quam
2328 3007 2677 3079 recordari;
2728 3004 2819 3069 sic
2848 3024 2998 3067 raro

593 3108 731 3173 coeli
758 3108 983 3181 favore,
1020 3106 1194 3186 quasi
1249 3126 1361 3187 por
1412 3107 1624 3169 ludum
1654 3114 1721 3170 et
1770 3108 1848 3170 ali
1856 3108 1938 3169 ud
1968 3108 2205 3189 agendo
2233 3106 2371 3187 plus
2418 3106 2780 3186 proficiebat
2810 3124 2995 3185 quam

593 3206 698 3270 alii
731 3205 1014 3286 improbo
1065 3224 1136 3267 ac
1168 3204 1471 3285 pertinaci
1525 3206 1754 3282 labore,
1789 3212 1855 3269 ‘et
1910 3206 2005 3269 ita
2049 3218 2331 3286 magnam
2374 3202 2739 3267 eruditionis
2768 3222 2998 3282 penum

595 3303 716 3369 sibi
750 3303 1148 3383 comparavit.

699 3400 853 3465 CUM
901 3421 1014 3481 per
1064 3402 1298 3481 aliquot
1335 3422 1527 3467 annos
1577 3402 1801 3466 studiis
1853 3402 2081 3466 acriter
2130 3400 2511 3465 incubuisset
2556 3400 2623 3463 in
2655 3398 3004 3463 Academia

596 3500 821 3583 patria,
855 3498 1007 3563 alias
1037 3506 1172 3563 toto
1206 3502 1354 3564 orbe
1388 3502 1659 3565 celebres
1694 3500 2000 3563 lustrandi
2029 3498 2253 3579 cupido
2283 3499 2556 3575 incessit,
2591 3506 2657 3562 et
2688 3496 3005 3561 luculento

597 3597 954 3663 testimonio
988 3598 1403 3663 discedentem
1437 3599 1813 3663 comitantur
1838 3596 2197 3661 Venerandi
2218 3598 2414 3661 nostri
2444 3596 2735 3679 Synedrii
2759 3595 3002 3659 Patres.

600 3697 832 3761 Statim
855 3717 920 3761 sc
938 3696 1306 3779 Lugdunum
1326 3697 1705 3761 Batavorum
1726 3695 2157 3775 contulit,quae
2180 3697 2329 3759 urbs
2352 3702 2502 3760 tunc
2524 3702 2679 3771 erat,
2702 3702 2768 3759 ct
2784 3693 3004 3759 etiam-

602 3817 749 3861 num
784 3802 882 3859 est
911 3794 1231 3859 Musarum
1262 3797 1501 3878 domuS,
1530 3795 1778 3859 officina
1826 3794 2115 3869 Palladis,
2168 3792 2415 3873 Sophiae
2466 3795 2775 3874 palaestra,
2808 3793 3007 3857 dulcis

604 3894 834 3957 artium
862 3912 1104 3972 parens,
1129 3894 1276 3957 laeta
1295 3893 1596 3957 virtutum
1629 3914 1822 3976 seges,
1850 3898 1915 3955 et
1939 3895 2115 3957 ferax
2146 3892 2343 3973 frugis
2375 3893 2553 3957 bonae
2588 3891 3006 3957 seminarium.

604 3992 687 4057 In
719 3992 836 4053 hac
869 3988 1267 4053 scientiarum
1302 3990 1765 4073 Dect-oramque
1815 3992 1961 4055 sede
2008 4011 2133 4055 non
2180 3990 2487 4071 privatam
2525 3997 2771 4055 tantum
2806 3990 3007 4055 Theo-

608 4089 889 4171 logorum
921 4086 1508 4151 commendationem
1557 4090 1802 4165 meruit,
1836 4109 2046 4153 verum
2094 4097 2161 4153 et
2210 4096 2408 4153 totam
2446 4089 2853 4155 Academiam
2880 4108 3007 4152 suae

609 4184 974 4253 eruditionis
992 4191 1219 4249 testem
1236 4184 1455 4249 habuit
1477 4208 1494 4260 ;
1546 4187 1662 4250 sub
1688 4187 2084 4251 celeberrimo
2100 4188 2264 4251 enim
2282 4188 2675 4267 Spanhemio,
2696 4188 2773 4251 de
2802 4188 3011 4251 Ver-ho

610 4286 737 4351 Dei
763 4276 1006 4365 scripto
1055 4283 1331 4364 publicas
1379 4282 1612 4349 Theses
1658 4286 1723 4348 in
1777 4285 2011 4349 solenni
2056 4286 2354 4367 panegyri
2384 4285 2681 4350 defendit.
2782 4284 3015 4349 Omnes

612 4383 804 4446 Viros
833 4381 900 4445 in
934 4381 1150 4464 Belgio
1177 4402 1323 4447 rara
1351 4382 1699 4448 eruditione
1732 4382 2170 4464 suspiciendOS,
2200 4384 2555 4465 eloquentia
2585 4390 2651 4449 et
2668 4383 2815 4449 vitae
2838 4404 3013 4448 sanc—

613 4479 874 4546 timonia
918 4478 1139 4558 claros,
1189 4481 1564 4558 sectabatur,
1597 4480 2037 4547 venerandum
2066 4483 2539 4567 Polyandrum,
2573 4490 2657 4547 τὸν
2703 4488 2845 4545 πάνυ
2873 4484 3017 4545 Aw-

613 4584 844 4647 dream
887 4578 1201 4657 Rivetum,
1253 4579 1793 4660 incomparabilem
1844 4575 2261 4659 Salnmsium,
2317 4586 2621 4657 θαυμάσιον
2662 4582 2741 4647 H
2736 4582 3023 4657 cimium,

620 4677 1036 4768 Clarissimum
1092 4678 1568 4766 Triykmdium,
1656 4678 2131 4749 celeberrimum
2200 4680 2506 4757 Vectium,
2570 4678 3023 4747 Doctissimum
