3300 5225
308 385 530 436 ouffisr.
561 362 678 446 1v.]
1279 382 1360 422 nr.
1387 381 1745 424 maome-u.
2640 371 2709 426 11

311 529 496 586 Deum
521 543 672 600 esse,
717 522 910 582 Deum
935 539 1064 582 esse
1091 521 1412 599 colendum,
1453 520 1562 582 &a
1649 521 1767 584 Sed
1792 521 2085 600 quaeritur,
2130 523 2229 582 An
2256 523 2539 603 principia
2564 525 2713 585 adas·

309 615 484 684 quate
522 613 588 666 et
623 603 858 682 propria
882 619 1038 662 vero
1079 600 1402 680 Religionis
1439 601 1667 680 possint
1704 601 1905 664 haberi
1946 601 2103 682 apud
2144 623 2377 681 omnes;
2420 603 2583 682 quod
2614 625 2715 664 ne-

313 705 530 764 gmm
913 759 1024 820 IV.
1069 760 1204 820 Non
1241 761 1532 839 quaritur,
1579 761 1681 820 An
1724 761 2055 822 hominibus
2094 763 2257 824 utilis
2296 762 2373 822 sit
2399 763 2721 842 Theologia

339 831 500 876 ‘⁵²⁸³’
522 828 598 900 9¹¹
599 828 740 874 ”⁸¹³⁰
831 839 1144 916 naturalis;
1199 839 1596 934 Agnoscimus
1649 841 1803 900 enim
1848 842 2041 902 varios
2088 843 2219 920 ejus
2262 842 2409 904 fines
2452 851 2515 902 et
2554 863 2715 920 usus,

501 901 592 932 ¹¹¹⁸
837 923 888 980 1.
933 927 998 978 ut
1037 920 1114 979 sit
1153 921 1544 980 testimonium
1583 920 1861 982 bonitatis
1904 921 2016 982 Dei
2042 941 2183 999 erga
2216 922 2479 982 homines
2515 943 2715 1001 pecca-

317 1009 465 1062 tores
505 998 780 1077 indignos
823 1000 998 1060 etiam
1040 999 1200 1058 hisee
1242 1000 1502 1077 reliquiis
1545 1000 1713 1076 lucis,
1764 1001 1901 1060 Act.
1942 1002 2067 1062 xiv.
2120 1004 2355 1078 16,17;
2398 1003 2535 1062 Joa.
2574 1002 2617 1062 i.
2659 1005 2718 1063 5.

315 1085 371 1142 2.
415 1079 499 1140 Ut
523 1080 602 1138 sit
627 1079 926 1140 vinculum
965 1087 1222 1138 externae
1261 1079 1580 1158 discipline
1615 1081 1767 1140 inter
1804 1081 2085 1156 homines,
2126 1101 2201 1142 ne
2226 1081 2479 1142 mundus
2524 1081 2587 1140 1ιι
2632 1082 2716 1142 la-

313 1160 616 1220 trocinium
643 1160 830 1240 abeat,
861 1159 1032 1218 Rom.
1059 1158 1120 1218 ii.
1155 1162 1246 1233 14,
1281 1161 1376 1218 15.
1459 1162 1518 1220 3.
1557 1159 1642 1219 Ut
1670 1161 1747 1219 sit
1772 1160 2023 1221 conditio
2050 1161 2419 1239 subjectiva
2400 1181 2463 1220 ιιι
2488 1161 2721 1222 homine

315 1241 390 1300 ad
412 1240 610 1299 lumen
637 1241 840 1316 glutine
865 1237 1304 1314 admittendum,
1347 1237 1486 1316 quia
1515 1239 1677 1298 Dens
1702 1259 1821 1298 non
1847 1241 2159 1317 alloquitur
2183 1241 2355 1300 bruta
2380 1249 2441 1300 et
2464 1249 2717 1316 truncos,

315 1319 420 1380 sed
445 1329 735 1379 creatum
763 1319 1088 1378 rationales.
1172 1322 1230 1377 4.
1271 1258 1388 1378 l’th
1383 1319 1460 1378 sit
1485 1317 1919 1378 incitamentum
1948 1319 2025 1378 ad
2050 1319 2419 1396 quaerendam
2445 1320 2719 1380 illustrio-

313 1419 436 1460 rem
463 1399 579 1458 Dei
603 1399 1032 1473 revelationem,
1072 1397 1208 1457 Act.
1237 1398 1362 1457 xiv.
1392 1402 1490 1456 27.
1573 1401 1630 1458 5.
1678 1399 1765 1458 Ut
1788 1397 2103 1458 reddantur
2128 1399 2433 1458 homines
2416 1419 2717 1458 mexcusa—

315 1481 474 1555 biles,
509 1479 682 1538 Rom.
709 1477 750 1538 1.
778 1482 874 1554 20,
905 1487 1030 1538 tum
1055 1477 1116 1536 in
1145 1477 1254 1536 hac
1281 1478 1404 1537 vita
1443 1476 1502 1536 in
1530 1477 1755 1555 judicio
1783 1479 2149 1538 conscientiae
2176 1479 2517 1556 accusantis,
2552 1479 2719 1538 Rom.

315 1560 374 1619 ii.
395 1563 486 1636 15,
507 1569 634 1620 tum
655 1559 716 1618 in
743 1559 936 1620 futura
955 1557 1018 1615 in
1037 1557 1260 1635 judicio
1281 1556 1394 1616 Dei
1411 1557 1512 1635 qui
1532 1557 1821 1636 judicabit
1847 1558 1921 1617 de
1940 1558 2177 1617 latebris
2202 1559 2517 1635 hominum,
2550 1559 2720 1618 Rom.

317 1640 374 1699 ii.
405 1643 498 1700 16.
587 1639 706 1699 Sed
746 1637 1036 1715 quaeritur,
1082 1637 1184 1695 An
1221 1637 1466 1697 sufficiat
1503 1657 1608 1716 per
1633 1657 1697 1697 se
1730 1637 1809 1698 ad
1846 1638 2109 1713 salutem,
2152 1647 2213 1698 et
2240 1637 2341 1696 An
2368 1639 2501 1697 finis
2528 1659 2563 1698 a
2592 1639 2721 1698 Deo

316 1721 570 1780 intentus
595 1719 659 1778 in
685 1719 794 1779 ina
813 1717 1166 1778 revelatione
1209 1717 1382 1777 fuerit
1425 1717 1582 1778 salus
1623 1717 1923 1778 hominum
1966 1718 2179 1796 quibus
2218 1717 2371 1778 sacta
2397 1727 2519 1795 est;
2564 1718 2721 1796 quod

317 1819 384 1859 ne
517 1819 612 1859 us.

321 1819 612 1965 1⁸:122OE
601 1925 688 1962 A„
714 1931 796 1962 na-
917 1877 995 1936 V.
1037 1875 1320 1936 Rationes
1359 1885 1496 1937 sunt
1521 1877 1697 1936 variae
1744 1881 1796 1937 1.
1826 1877 1975 1953 Quia
2002 1877 2235 1956 Religio
2262 1877 2531 1938 salutaris
2562 1878 2725 1938 nulla

323 1979 474 2023 tur-10
473 1991 522 2021 m
551 1991 696 2022 non·
673 1977 796 2020 bufli
838 1977 964 2016 esse
992 1964 1184 2034 potest
1211 1957 1336 2016 sine
1364 1957 1610 2032 Christo,
1645 1965 1707 2017 et
1730 1957 1889 2016 fide
1872 1977 1935 2016 m
1972 1957 2179 2035 ipsum,
2222 1957 2397 2018 Joan.
2426 1957 2507 2016 iii.
2542 1961 2634 2018 16.
2664 1965 2725 2017 et

321 2036 564 2150 53⁸3*
585 2035 795 2080 ⁸⁸1¹¹¹²⁰¹¹²
835 2036 1102 2193 ξξρἰὲιιι
1127 2036 1408 2176 {btrisiths
1417 2039 1738 2176 Ιέθνέῗαωξ
1772 2037 1901 2176 (rigi
1922 2036 2012 2174 iiiii
2028 2037 2385 2194 Fllxlrangffizi,
2370 2037 2553 2174 ·Χίιιοῗε
2578 2037 2726 2176 111ἒὲ

321 2197 482 2258 datur
507 2198 640 2258 sine
668 2195 884 2273 Verbo,
915 2215 1046 2255 cum
1088 2195 1163 2254 sit
1191 2215 1266 2254 ex
1293 2195 1512 2272 auditu,
1551 2195 1723 2254 Rom.
1751 2217 1811 2256 x.
1845 2199 1940 2255 17.
2022 2197 2147 2255 Nec
2174 2196 2363 2272 excipi
2390 2195 2563 2254 debet
2590 2196 2724 2256 hinc

321 2287 538 2338 tantum
565 2277 738 2354 sequi
759 2241 1122 2354 Religionem
1140 2276 1524 2336 Christianam
1541 2295 1671 2334 esse
1690 2276 1919 2334 unicam
1936 2274 2093 2332 viam
2112 2274 2459 2334 ordinariam
2487 2275 2723 2352 salutis;

322 2359 419 2418 sed
459 2357 596 2416 inde
645 2375 762 2415 non
805 2355 1004 2450 colligi
1045 2357 1233 2416 Deum
1273 2375 1394 2414 non
1419 2375 1590 2432 posse
1617 2353 2069 2414 extraordinarie
2096 2355 2343 2414 salutem
2370 2353 2669 2412 conferre
2654 2355 2727 2414 iis

323 2438 416 2516 qui
442 2445 644 2498 sancte
673 2435 928 2496 vixerint
947 2436 1122 2513 juxta
1145 2435 1336 2513 legem
1364 2445 1601 2508 naturae,
1631 2434 1743 2494 etsi
1772 2433 2035 2494 Christus
2062 2434 2179 2492 illis
2204 2433 2585 2494 annunciatus
2610 2453 2727 2492 non

321 2518 518 2578 fuerit:
581 2517 738 2576 Nam
767 2535 898 2576 cum
930 2515 1222 2593 Scriptura
1265 2523 1510 2576 testetur
1545 2514 1837 2574 Christum
1882 2514 2110 2574 unicam
2152 2533 2279 2573 esse
2306 2514 2461 2572 viam
2503 2513 2725 2590 salutis,

323 2599 438 2659 sine
465 2618 584 2677 quo
613 2618 786 2657 nemo
814 2595 1010 2656 veniat
1051 2595 1128 2655 ad
1158 2595 1404 2671 Patrem,
1436 2595 1534 2655 via
1571 2593 2028 2655 extraordinaria
2066 2595 2285 2673 absque
2314 2595 2543 2655 Christo
2582 2559 2731 2672 fingi

321 2680 438 2739 sine
483 2678 730 2739 crimine
774 2677 994 2753 nequit.
1077 2680 1134 2737 2.
1165 2676 1314 2752 Quia
1359 2642 1559 2737 S’tatus
1607 2676 1927 2736 Gentilium
1975 2683 2035 2735 et
2076 2694 2275 2736 eorum
2317 2676 2573 2735 omnium
2628 2675 2729 2753 qui

323 2760 530 2820 Christi
549 2758 757 2821 Verbo
784 2757 1192 2833 destituuntur,
1221 2766 1461 2816 vocatur
1493 2758 1731 2832 Tempus
1756 2756 2106 2833 morantia,
2140 2756 2273 2815 Act.
2303 2756 2447 2815 xvii.
2476 2759 2573 2831 30,
2612 2776 2730 2849 quo

325 2840 480 2900 Deus
505 2838 682 2917 quasi
709 2836 1070 2897 connivendo
1097 2856 1198 2897 eos
1225 2836 1628 2913 dissimulavit,
1676 2836 1947 2914 gentibus
1990 2836 2327 2913 permittens
2366 2836 2427 2894 in
2456 2836 2569 2895 viis
2608 2836 2731 2895 suis

322 2920 602 2995 incedere,
653 2917 790 2977 Act.
821 2917 943 2975 xiv.
976 2918 1068 2992 16,
1117 2925 1176 2975 et
1217 2937 1334 2993 quo
1378 2916 1709 2977 serviebant
1750 2916 1951 2994 ignoto
1994 2916 2138 2991 Dec,
2184 2916 2320 2975 Act.
2356 2914 2499 2974 xvii.
2530 2918 2625 2991 23,
2672 2924 2733 2975 et

321 2999 497 3059 Athei
525 3006 698 3060 crant
725 2998 784 3055 in
810 2995 1044 3071 munde,
1076 2996 1227 3074 Eph.
1255 2996 1315 3055 ii.
1349 3000 1442 3069 12,
1472 2995 1628 3074 quod
1656 2994 1771 3055 dici
1798 3015 1915 3055 non
1942 3005 2153 3074 posset,
2186 2995 2234 3055 si
2262 2995 2539 3053 revelatio
2566 3003 2730 3055 natu-

323 3080 454 3139 ralis
471 3079 780 3139 habuisset
799 3097 868 3136 ea
887 3095 1018 3153 quae
1036 3086 1304 3154 poterant
1319 3076 1578 3137 sufficere
1593 3076 1671 3135 ad
1688 3075 1949 3136 salutem.
2024 3080 2083 3136 3.
2102 3076 2251 3150 Quia
2277 3076 2328 3134 si
2356 3076 2513 3135 salus
2538 3082 2735 3153 posset

323 3160 516 3219 haberi
541 3180 626 3219 ex
657 3157 962 3235 Religione
989 3156 1296 3231 communi,
1343 3176 1460 3216 non
1503 3176 1650 3233 opus
1690 3156 1897 3217 fnisset
1924 3154 2249 3233 Evangelio
2275 3163 2335 3215 et
2362 3154 2543 3215 Verbi
2586 3176 2730 3233 prae-

325 3240 520 3315 conio;
563 3258 704 3299 cum
732 3246 925 3296 tamen
951 3244 1194 3297 testetur
1223 3236 1442 3297 Paulus
1473 3239 1500 3295 1
1530 3238 1661 3295 Cor.
1682 3236 1722 3296 i.
1746 3240 1841 3313 21,
1872 3244 2175 3313 postquam
2203 3234 2263 3293 in
2294 3235 2406 3295 Dei
2434 3235 2731 3313 sapientia,

327 3319 580 3380 Mundus
613 3320 806 3379 Deum
839 3336 958 3377 non
998 3316 1274 3394 cognovit
1313 3337 1420 3396 per
1462 3316 1819 3395 sapientiam,
1865 3316 2153 3393 placuisse
2196 3315 2325 3375 Deo
2352 3335 2583 3375 servare
2610 3334 2731 3375 ere-

326 3398 539 3476 dentes,
587 3418 700 3478 per
693 3396 1044 3537 1τιξίιιιΙιιιιιιιιι
1084 3396 1526 3474 praedicationis,
1572 3396 1636 3455 id
1660 3406 1751 3457 est
1776 3416 1880 3475 per
1908 3396 2166 3456 Verbum
2206 3396 2531 3473 Evangelii,
2578 3396 2737 3473 quod

327 3478 400 3538 im
435 3481 510 3540 iis
535 3489 636 3541 est
663 3498 692 3538 s
779 3478 924 3537 titia.

399 3501 436 3559 p
930 3556 1044 3617 VI.
1087 3554 1272 3615 Aliud
1311 3566 1404 3617 est
1441 3555 1566 3615 dari
1593 3556 1847 3633 aliquam
1886 3556 2149 3615 notitiam
2201 3554 2313 3614 Dei
2352 3552 2639 3613 Creatoris
2678 3562 2739 3613 et

350 3624 790 3729 Fontezugolutio-
853 3636 1306 3711 Conservatoris,
1351 3637 1454 3697 sed
1495 3636 1901 3729 imperfectam,
1946 3644 2273 3713 corruptam
2313 3642 2371 3691 et
2398 3632 2735 3707 obscuram

336 3796 738 3888 Redemptoris
765 3803 825 3855 et
849 3715 1701 3873 ssgifflzbudrtzspilfiilfflrgbiitxite
1732 3678 2741 3870 ΙΠηᾶθΙξαῗὲἒ-Ἢὲἓξιῗιξοέἓέιῖιὲιθὲ

337 3874 392 3934 in
413 3880 622 3954 φυηῤ*
648 3902 742 3935 του
710 3882 892 3935 “zen
909 3876 1100 3937 ,Ηοο
1119 3876 1242 3935 sola
1262 3876 1549 3937 revelata
1531 3896 1594 3935 m
1613 3880 1685 3952 τῇ
1706 3902 1765 3935 m
1768 3878 1891 3953 στιῒ,
1909 3874 2066 3953 quod
2082 3894 2159 3935 ex
2175 3873 2375 3933 Verbo
2394 3881 2617 3933 tantum
2638 3874 2741 3933 ha-

338 3956 510 4017 betur.
597 3958 728 4016 Nec
769 3957 820 4015 si
849 3958 1012 4017 Deus
1035 3976 1154 4015 non
1181 3977 1246 4015 se
1284 3958 1520 4034 reliquit
1556 3955 1845 4038 eipdgwgov
1824 3956 1943 4015 vin
1970 3963 2177 4015 natura
2200 3952 2612 4049 benefaciendo
2638 3954 2741 4014 ho-

339 4038 582 4099 minibus
623 4036 820 4114 quoad
847 4036 920 4095 τὰ
943 4048 998 4105 β
981 4036 1148 4097 mmai
1189 4036 1326 4097 Act.
1355 4038 1477 4097 xiv.
1512 4041 1604 4113 17,
1656 4058 1787 4114 quse
1822 4056 1974 4114 saepe
2016 4037 2263 4115 largitur
2304 4034 2377 4094 iis
2419 4055 2567 4112 quos
2610 4034 2745 4095 odio

339 4116 518 4193 habet,
564 4058 664 4177 etq
677 4136 826 4194 quos
869 4118 1048 4178 exitio
1092 4116 1346 4194 devovit,
1393 4116 1655 4211 sequitur
1693 4118 2073 4177 Vocationem
2116 4126 2413 4176 externam
2458 4116 2746 4194 objective

339 4197 508 4258 fuisse
543 4196 930 4259 sufficientem
971 4197 1048 4256 ad
1087 4197 1348 4273 salutem,
1395 4198 1532 4275 quia
1575 4196 1787 4259 dicitur
1828 4217 1981 4257 vers.
2015 4200 2108 4257 16.
2190 4196 2395 4257 Sivisse
2432 4206 2621 4273 ,qentes
2660 4196 2747 4255 ire

339 4277 432 4336 vina
455 4280 587 4354 suis,
636 4286 700 4337 et
726 4297 853 4355 cap.
883 4276 1025 4336 xvii.
1055 4281 1150 4353 30,
1196 4286 1438 4337 vocatur
1478 4287 1691 4355 tempus
1730 4278 1876 4337 illud
1910 4278 2259 4355 ignorantiae,
2303 4276 2460 4370 quod
2487 4296 2605 4336 non
2631 4276 2747 4335 alio

343 4324 587 4437 respicit,
613 4377 792 4435 quam
819 4356 896 4415 ad
924 4356 1208 4419 defectum
1231 4358 1570 4417 Vocationis
1597 4367 1871 4433 externae,
1902 4358 2040 4435 quia
2064 4357 2211 4416 illud
2238 4357 2477 4434 opponit
2502 4354 2747 4434 tempori

345 4436 487 4498 Novi
514 4437 882 4497 Testamenti
908 4457 1024 4514 quo
1049 4457 1152 4516 per
1172 4437 1434 4498 Verbum
1461 4447 1633 4498 vocat
1660 4438 1922 4498 homines
1949 4438 2026 4497 ad
2051 4436 2464 4515 poenitentiam.

415 4519 562 4577 VII.
611 4518 800 4576 Aliud
827 4524 918 4576 est
945 4536 1198 4593 quaerere
1237 4518 1494 4578 favorem
1521 4528 1582 4577 et
1608 4518 1855 4596 gratiam
1894 4518 2006 4577 Dei
2044 4536 2147 4595 per
2174 4517 2435 4576 Verbum
2464 4532 2631 4573 suum
2658 4532 2745 4571 re-

346 4598 528 4675 velati,
547 4598 616 4657 vi
642 4596 1089 4676 promissionum
1116 4616 1346 4658 suarum
1376 4598 1436 4657 in
1465 4598 1729 4674 Christ03
1776 4597 1959 4657 Aliud
1985 4614 2240 4675 quaerere
2270 4597 2458 4685 Deum
2475 4594 2749 4686 ignotum
2862 4638 2867 4641 .

349 4678 400 4737 in
445 4679 724 4757 operibus
765 4684 988 4737 naturae
1032 4686 1090 4737 et
1131 4678 1524 4756 providentiae,
1583 4678 1634 4738 si
1677 4678 1869 4739 forsan
1912 4676 2200 4755 palpando
2246 4672 2495 4735 inveniri
2546 4672 2746 4749 possit.
