3300 5225
360 383 589 434 eumer.
619 363 820 446 xxm]
1209 386 1289 426 ns
1318 387 1436 430 nno
1465 387 1604 448 uuo,
1635 388 1713 430 m*
1740 389 1941 432 mmo·
2646 370 2763 430 267

363 524 594 599 divinae,
627 527 663 584 2
695 525 820 583 Pet.
847 523 888 583 i.
916 527 974 600 4,
993 523 1114 586 elia
1137 545 1278 587 vero
1306 528 1610 588 essentialis
1636 537 1697 590 et
1722 528 2019 605 naturalis,
2063 527 2255 606 qualis
2294 536 2385 588 est
2428 527 2667 586 Patrum
2707 527 2771 586 in

361 605 516 680 filiis,
546 605 648 682 qui
675 604 937 682 ejusdem
963 613 1100 666 sunt
1127 626 1258 666 cum
1295 608 1413 667 illis
1451 617 1708 685 naturae3
1751 609 1941 687 qualis
1982 618 2073 669 est
2110 609 2173 666 in
2203 607 2451 682 Christe,
2496 607 2595 684 qui
2636 606 2771 666 ideo

361 705 480 744 non
509 693 734 744 tantum
761 685 984 759 similis,
1015 686 1118 744 sed
1147 687 1320 746 etiam
1347 689 1586 764 aequalis
1617 689 1777 748 Patri
1805 689 2033 748 dicitur.
2116 688 2285 748 Licet
2331 696 2523 746 autem
2576 686 2770 746 Chris-

361 775 458 825 tus
487 765 564 824 sit
588 765 782 841 imago
812 765 926 823 Dei
951 765 1313 842 hypostatice
1339 768 1704 844 considerati,
1750 769 1830 828 id.
1862 768 2070 843 Patria,
2116 776 2177 827 et
2218 767 2483 844 ejusdem
2531 785 2663 825 cum
2698 786 2769 824 eo

363 845 646 919 essentiae,
675 864 794 903 non
823 844 1081 922 sequitur
1109 864 1238 904 esse
1267 846 1358 905 sui
1382 847 1564 923 ipsius
1605 848 1936 924 imaginem,
1987 848 2125 925 quia
2164 855 2359 925 potest
2402 865 2531 906 esse
2573 847 2769 922 imago

364 925 618 1000 alterius,
651 924 844 1002 quoad
868 923 1104 984 modum
1141 923 1512 1003 subsistendi,
1557 928 1662 1005 qui
1704 927 1966 1005 ejusdem
2010 947 2143 986 cum
2184 926 2289 985 ino
2336 933 2427 985 est
2468 924 2771 986 essentiae:

367 1006 500 1063 Non
527 1011 718 1082 potest
745 1023 870 1062 esse
898 1003 1101 1063 eadem
1127 1023 1374 1082 persona
1400 1026 1532 1065 cum
1557 1007 1663 1066 illo
1691 1009 1859 1084 cujus
1886 1015 1976 1066 est
2001 1007 2214 1084 image,
2260 1005 2365 1064 sed
2402 1005 2551 1062 nihil
2588 1005 2769 1081 impe-

365 1085 454 1143 dit
481 1084 620 1160 quin
647 1083 832 1159 possit
859 1103 985 1144 esse
1011 1083 1168 1142 idem
1195 1085 1464 1144 essentia..
1549 1085 1831 1160 Quamvis
1878 1087 2054 1146 etiam
2082 1087 2370 1144 diceretur
2412 1085 2607 1161 imago
2636 1084 2767 1160 Dei,

367 1185 484 1241 qua
507 1166 830 1244 θιάυθξυπος,
861 1171 920 1222 et
945 1163 1170 1222 ratione
1197 1163 1387 1224 Officii
1414 1165 1765 1242 Mediatorii,
1797 1165 1934 1244 quia
1958 1165 2211 1243 perfecte
2237 1164 2413 1224 refert
2440 1164 2609 1222 nobis
2660 1164 2771 1222 Pa-

367 1253 531 1320 trem,
561 1253 630 1303 ut
654 1245 758 1321 qui
781 1242 946 1302 videt
973 1244 1182 1320 ipsum,
1211 1243 1412 1303 videat
1437 1253 1498 1304 et
1527 1245 1776 1320 Patrem,
1808 1246 1851 1304 J
1854 1265 1909 1304 o.
1938 1246 2061 1304 xiv.
2093 1247 2147 1320 9,
2180 1263 2298 1303 non
2326 1242 2657 1302 excluditur
2684 1251 2771 1302 ta-

367 1322 2391 1479 sstznsssfflffiiffigssffl“fftzfii‘zffffissffffsssuztzsszsst
2404 1321 2774 1477 Ἲὲἑὲἒιιὲᾞέ

1977 1447 1992 1477 9

365 1483 494 1582 ipso
521 1481 706 1541 eluxit
743 1482 956 1540 divinae
977 1482 1230 1576 ’virtutis
1271 1481 1464 1560 imago
1507 1483 1841 1558 clarissima,
1883 1482 2039 1542 unde
2080 1482 2293 1541 dicitur
2334 1487 2453 1546 Θεὶς
2498 1489 2773 1561 pangaeus

367 1587 408 1622 a
447 1564 1403 1718 §giffiezssorlrlmgzoffltgshmmzp
1327 1566 1577 1702 cuv-iiic?
1593 1563 1779 1700 gillini}
1788 1565 1933 1701 ¹¹53}
1944 1565 2191 1700 {dvenae
2229 1638 2454 1699 ratione
2494 1639 2771 1700 unctionis

366 1725 456 1780 vel
479 1721 742 1796 muneris,
771 1721 940 1798 quasi
965 1740 1178 1780 nomen
1206 1721 1422 1781 Christi
1449 1731 1508 1782 et
1536 1722 1677 1780 Fili1
1706 1721 1821 1781 Dei
1862 1720 2269 1795 coinciderenss
2314 1719 2453 1796 quia
2494 1738 2771 1796 expresse

367 1820 404 1860 a
449 1801 700 1860 Domino
744 1800 1198 1876 distinguuntur.
1267 1801 1392 1862 Nec
1431 1802 1563 1861 ideo
1593 1801 1859 1863 Christus
1887 1801 2077 1861 Filius
2106 1800 2222 1858 Dei
2247 1798 2503 1859 viventis
2536 1797 2765 1876 dicitur,

367 1881 527 1958 quod
569 1888 724 1939 esset
765 1879 1032 1955 Messias,
1077 1879 1182 1939 sed
1222 1889 1424 1940 contra
1461 1880 1598 1941 inde
1638 1882 1975 1960 agnoscitur
2013 1901 2119 1959 pro
2149 1879 2385 1956 Messia,
2418 1877 2577 1956 quod
2618 1885 2775 1937 esset

371 1961 486 2019 Dei
515 1959 720 2033 Filius,
753 1959 855 2035 qui
881 1959 1042 2017 solus
1067 1959 1205 2019 huie
1231 1961 1455 2019 muneri
1481 1962 1673 2038 potuit
1716 1981 1843 2021 esse
1870 1981 2013 2038 par:
2077 1960 2237 2018 Hinc
2263 1959 2347 2034 fit,
2376 1966 2462 2032 ut,
2493 1958 2632 2034 quia
2658 1957 2775 2016 ista

371 2040 490 2098 duo
517 2039 812 2098 indivulso
837 2057 998 2097 nexu
1025 2039 1176 2098 inter
1217 2059 1280 2098 se
1307 2049 1446 2099 sunt
1485 2041 1813 2118 conjuncta,
1844 2059 2015 2099 nemo
2042 2039 2231 2116 possit
2272 2037 2534 2096 confiteri
2558 2037 2605 2095 J
2608 2055 2774 2095 esum

371 2119 668 2194 Messiam‚
702 2118 842 2194 quin
869 2117 1095 2195 eoipso
1123 2128 1404 2194 agnoscat
1445 2139 1577 2178 eum
1605 2127 1671 2178 ut
1700 2120 1920 2178 Filium
1949 2119 2064 2177 Dei
2090 2117 2363 2191 viventis,
2396 2124 2455 2174 et
2481 2115 2610 2174 vice
2639 2134 2773 2174 ver-

372 2219 458 2259 sa.
541 2199 807 2257 Christus
844 2197 1016 2272 enim,
1047 2203 1108 2256 et
1136 2197 1326 2257 Filius
1355 2197 1485 2273 Dei,
1517 2199 1761 2257 eandem
1794 2197 2103 2274 designant
2142 2215 2467 2274 personam,
2510 2193 2615 2253 sed
2651 2213 2771 2252 non

371 2277 616 2336 eandem
642 2297 765 2336 rem
791 2276 854 2334 in
886 2276 1088 2336 eadem
1113 2296 1396 2354 persona:
1439 2277 1624 2335 Filius
1652 2277 1806 2337 enim
1837 2297 2163 2353 personam,
2200 2274 2456 2335 Chr-istm
2482 2293 2623 2332 vero
2652 2274 2771 2344 offi-

370 2359 518 2416 cium
545 2357 828 2433 exprimit.
913 2357 1048 2450 Nec·
1076 2355 1216 2416 addi
1251 2356 1440 2432 debet,
1471 2356 1675 2450 fideles
1713 2375 1871 2449 saepe
1911 2356 2108 2448 vocari
2148 2354 2301 2412 filios
2340 2353 2455 2412 Dei
2496 2352 2770 2428 viventis,

370 2457 518 2575 3¹13?
529 2445 870 2590 33³⁶&
874 2435 1861 2592 {ssffissiciiessnissmsssss‘fflgf
1845 2437 2110 2573 {3213ss
2122 2431 2772 2588 ’fiffioffiffiuffr‘ffssi

368 2617 540 2656 nemo
579 2604 773 2675 potest
809 2598 1056 2672 ponor-vie
1097 2603 1158 2655 et
1195 2596 1462 2673 proprius
1491 2595 1604 2655 Dei
1634 2595 1822 2655 Filius
1849 2594 2065 2669 vocari,
2095 2614 2199 2671 per
2237 2591 2607 2667 adoptionem
2644 2590 2773 2650 scil.

371 2678 699 2754 gratuitam,
745 2696 878 2753 quse
921 2683 1012 2735 est
1049 2676 1112 2733 in
1139 2675 1388 2751 Christo,
1431 2676 1505 2735 ab
1545 2694 1617 2733 ea
1643 2693 1761 2752 qua
1788 2674 2054 2733 Christus
2093 2672 2210 2731 μετ’
2240 2674 2401 2748 ἔξοχήν
2430 2671 2643 2729 dicitur
2671 2670 2771 2728 Fi-

369 2758 486 2815 lius
518 2757 630 2815 Dei
666 2755 938 2830 viventi8‚
980 2774 1085 2832 per
1127 2754 1460 2813 antithesim
1501 2754 1578 2813 ad
1601 2754 1789 2813 filium
1815 2753 2067 2812 hominis
2104 2752 2419 2826 morientis,
2450 2758 2519 2809 ut
2544 2749 2774 2826 aliquid

368 2836 544 2913 longe
571 2835 974 2913 praestantius3
1013 2844 1082 2893 ut
1107 2834 1312 2893 innuat
1339 2835 1550 2893 Petrus
1578 2853 1640 2893 se
1670 2854 1803 2893 cum
1830 2833 2055 2893 caeteris
2084 2832 2385 2909 discipulis
2411 2850 2529 2888 non
2557 2830 2772 2889 hebere

369 2915 537 2975 illum
565 2924 789 2974 tantum
829 2933 935 2991 pro
978 2914 1130 2973 Filio
1158 2912 1426 2989 hominis,
1457 2912 1691 2991 qualem
1730 2913 1833 2971 alii
1868 2932 2003 2971 eum
2030 2912 2460 2985 existimabant,
2491 2910 2593 2987 qui
2636 2928 2769 2968 eum

265 3054 268 3057 ,
369 2995 469 3053 vel
497 2995 704 3069 Eliam,
732 2993 831 3052 vel
871 3012 1049 3052 unum
1077 3013 1154 3053 ex
1183 2993 1505 3070 Prophetis,
1535 2992 1633 3051 vel
1659 2993 1706 3053 J
1707 2993 1993 3051 ohannem
2031 2991 2357 3069 Baptistam
2400 3008 2529 3048 esse
2572 3008 2770 3047 cense-

373 3073 550 3148 bant3
596 3073 700 3131 sed
729 3072 946 3131 Filium
973 3073 1148 3131 etiam
1178 3073 1377 3131 aeterni
1415 3072 1575 3131 illius
1617 3071 1733 3131 Dei
1772 3071 1873 3148 qui
1915 3090 2141 3147 semper
2179 3070 2331 3129 vivit
2370 3077 2431 3127 et
2471 3088 2769 3146 nunquam

369 3152 599 3211 deficit:
637 3162 704 3212 ut
721 3171 859 3227 ergo
875 3151 1140 3227 ejusdem
1156 3158 1280 3209 erat
1300 3170 1431 3210 cum
1451 3159 1633 3210 matre
1654 3158 1892 3226 naturae,
1912 3170 2029 3227 qua
2048 3150 2237 3209 Filius
2256 3148 2535 3222 hominis3
2564 3148 2650 3207 sic
2670 3166 2771 3205 ne-

369 3250 534 3291 cesse
561 3240 652 3290 est
677 3238 744 3289 ut
769 3230 1033 3307 ejusdem
1061 3230 1236 3289 etiam
1263 3230 1341 3288 sit
1367 3249 1498 3288 cum
1528 3231 1702 3289 Patre
1727 3238 1965 3301 naturae,
1996 3248 2111 3304 qua
2141 3229 2249 3287 Dei
2279 3227 2533 3285 viventis
2563 3227 2771 3285 Filius.

456 3310 646 3368 XIX.
691 3308 970 3384 Quamvis
997 3308 1261 3368 Christus
1301 3308 1589 3367 diceretur
1628 3314 1962 3385 ἇπὲυγοισμσ
2002 3314 2085 3373 τῖς
2114 3306 2247 3380 δόξης
2286 3315 2345 3365 et
2384 3310 2648 3387 nagan-ring
2686 3312 2771 3371 τῖίς

375 3392 694 3454 ὕει-σπάνεως
737 3388 924 3447 Patris
965 3386 1190 3447 ratione
1225 3387 1480 3447 muneris
1525 3388 1875 3463 Mediatorii,
1922 3395 1982 3447 et
2026 3395 2094 3447 ut
2134 3396 2224 3447 est
2262 3386 2583 3462 &drogus-05,
2632 3384 2771 3462 quia

373 3470 789 3548 perfectissime
819 3469 992 3526 Pater
1032 3466 1125 3527 sui
1163 3466 1476 3545 imaginem
1503 3466 1566 3524 in
1604 3467 1733 3544 ipso
1762 3466 2066 3544 expressit,
2113 3474 2174 3526 et
2213 3466 2407 3542 sigillo
2448 3484 2553 3523 suo
2581 3466 2768 3523 veluti

374 3550 724 3627 obsignavit,
749 3549 793 3608 J
795 3548 890 3606 oh.
909 3548 990 3607 vi.
1015 3550 1110 3622 27,
1129 3565 1248 3606 non
1264 3547 1520 3605 obstaret
1539 3554 1736 3605 tamen
1753 3547 1867 3604 hoc
1883 3545 2193 3622 quominus
2210 3554 2269 3603 et
2284 3545 2395 3602 hoc
2416 3544 2529 3619 ipsi
2548 3542 2767 3602 tribue-

373 3639 550 3705 retur,
565 3649 681 3708 qua
697 3629 856 3700 Adys<
879 3634 983 3702 est,
1005 3635 1064 3686 et
1083 3626 1304 3685 ratione
1323 3624 1650 3684 Filiationis
1680 3633 1926 3699 aeternae,
1948 3623 2263 3681 secundum
2280 3641 2455 3698 quam
2476 3629 2566 3680 est
2587 3625 2773 3681 lamen

373 3712 446 3767 de
475 3710 698 3785 lumine,
729 3718 784 3767 et
807 3710 970 3765 Deus
997 3710 1066 3766 de
1093 3709 1240 3783 Dee,
1285 3713 1353 3765 ut
1373 3704 1700 3763 Concilium
1728 3704 2033 3763 Nicaenum
2058 3701 2331 3779 loquitur,
2372 3709 2433 3759 et
2476 3700 2767 3759 characte-

374 3806 497 3847 rem
527 3787 1027 3866 expressissimum
1069 3786 1221 3863 gerit
1259 3784 1321 3842 in
1351 3784 1542 3861 seipso
1571 3784 1843 3843 Personae
1874 3781 2081 3855 Patris,
2112 3800 2228 3857 quo
2254 3781 2338 3839 ita
2364 3779 2556 3839 differt
2583 3780 2657 3838 ab
2698 3799 2772 3839 eo

377 3868 694 3927 secundum
725 3866 1173 3939 subsistentiam,
1202 3872 1271 3924 ut
1297 3862 1607 3923 conveniat
1631 3880 1765 3922 cum
1794 3882 1863 3922 eo
1892 3860 2209 3919 secundum
2246 3860 2553 3919 essentiam
2578 3881 2593 3935 ;
2638 3859 2771 3918 Imo

375 3946 479 4004 illa
505 3948 674 4024 σχΕο-ις
701 3966 819 4005 uon
845 3952 1044 4022 posset
1069 3945 1263 4002 locum
1289 3944 1504 4002 habere
1531 3943 1646 4001 nisi
1682 3943 1797 4001 ista
1822 3940 2137 4019 supposita,
2168 3940 2305 4016 quia
2344 3958 2463 3998 non
2488 3939 2773 4015 potuisset

349 4038 480 4103 ‘per
509 4028 972 4085 Incarnationem
1001 4024 1245 4100 gloriam
1274 4024 1406 4097 Dei,
1437 4030 1496 4081 et
1535 4022 1925 4083 characterem
1952 4020 2082 4097 ejus
2112 4020 2381 4079 Personae
2408 4019 2577 4077 nobis
2605 4019 2769 4077 exhi-

375 4106 530 4183 bere,
561 4106 676 4166 nisi
701 4106 838 4165 talis
865 4104 1070 4163 fuisset
1097 4110 1267 4163 antea
1291 4122 1398 4179 per
1423 4110 1697 4160 aeternam
1726 4100 2175 4179 generationem.

967 4182 1124 4241 XX.
1138 4182 1400 4241 Christus
1411 4181 1798 4240 diversimode
1798 4180 2208 4257 primoqenitus
2220 4179 2449 4254 dicitur,
2474 4182 2527 4237 1.
2549 4178 2772 4237 ratione

365 4296 371 4302 -
407 4250 820 4358 Fontegusglutio-
903 4262 1226 4338 temporalis
1265 4259 1588 4336 naziananz«,
1632 4260 1867 4338 quando
1908 4269 2151 4320 vocatur
2179 4259 2591 4337 primoqenitus
2631 4260 2770 4317 Μα-

899 4343 1022 4416 riae,
1067 4341 1204 4417 quia
1242 4360 1412 4399 nemo
1453 4349 1586 4399 ante
1627 4340 1819 4417 ipsum
1845 4348 2019 4399 natus
2060 4348 2166 4414 est,
2212 4348 2273 4398 et
2310 4358 2482 4398 nemo
2508 4346 2643 4416 post
2684 4337 2770 4414 ip·

377 4440 525 4479 sum.
569 4424 627 4481 2.
655 4420 880 4480 ratione
925 4420 1364 4494 resurrectionis,
1409 4420 1534 4478 Col.
1573 4420 1614 4478 i.
1666 4422 1759 4492 18,
1794 4420 2201 4495 primogenitam
2242 4439 2315 4477 ex
2354 4418 2605 4492 mortuns,
2646 4424 2773 4475 tum

375 4501 518 4578 quia
542 4502 762 4578 primus
790 4500 1122 4575 resurrexit,
1153 4519 1269 4558 non
1295 4509 1416 4559 tam
1433 4500 1743 4576 prioritate
1760 4500 2023 4575 temporie
2049 4518 2223 4575 quam
2251 4498 2613 4571 causalitatis,
2637 4497 2777 4571 quia

375 4582 609 4657 propria
633 4581 848 4639 virtute
873 4580 1208 4656 resurrexit,
1239 4580 1281 4639 J
1285 4598 1338 4638 0.
1368 4580 1428 4638 ii.
1472 4582 1565 4655 19,
1596 4578 1699 4637 alii
1724 4598 1865 4637 vero
1908 4598 2108 4637 omnes
2135 4578 2351 4637 virtute
2392 4577 2599 4649 aliena,
2628 4575 2771 4635 nim.

379 4660 592 4719 Christi
615 4683 630 4738 3
673 4668 799 4720 tum
820 4661 959 4739 quia
983 4659 1303 4720 resurrexit
1328 4658 1404 4719 ad
1431 4658 1614 4719 vitam
1639 4658 2042 4733 immortalem,
2070 4676 2191 4717 non
2216 4656 2407 4717 denuo
2434 4656 2773 4718 moriturus.
