3300 5225
556 350 673 407 164
1526 364 1712 407 1100th
1737 362 2006 403 ‘rem-ius.
2595 340 2846 423 [Quffls‘r.
2877 360 2970 403 m.

553 516 622 567 ut
653 505 756 566 Sol
782 523 933 564 unus
958 502 1173 564 dicitur
1196 503 1335 581 quia
1358 503 1584 565 unicae.
1669 502 1802 565 Non
1837 502 2116 582 quaeritur
2153 502 2250 563 hic
2277 502 2352 562 de
2381 502 2622 563 Unitate
2653 502 2767 562 Dei
2789 500 2975 579 priori

556 607 749 662 sensu,
781 584 885 645 sed
910 584 1247 662 posteriori3
1289 584 1428 662 quia
1457 585 1619 644 Deus
1650 585 1735 645 ita
1773 592 1864 643 est
1902 602 2054 643 unus
2081 582 2420 642 affirmative
2449 583 2642 660 quoad
2667 583 2974 641 indivisio·

556 686 707 741 nem,
739 674 806 725 ut
832 666 909 725 sit
936 665 1109 724 etiam
1135 665 1341 724 unicus
1367 664 1561 741 quoad
1588 673 1925 723 caeterorum
1952 664 2364 723 exclusionem.

642 746 763 805 111.
808 746 941 803 Non
969 744 1245 821 quaeritur
1272 744 1345 803 de
1382 744 1607 803 Unitate
1646 744 1937 803 numerica
1965 744 2266 821 personali
2277 768 2301 817 ,·
2343 742 2480 821 quia
2505 751 2571 802 ut
2597 749 2800 819 postea
2840 761 2973 817 pro-

558 826 805 902 babitur,
838 825 1033 902 plures
1062 833 1197 884 sunt
1240 824 1510 883 Personae
1550 825 1613 881 in
1658 824 1929 883 Divinis:
1973 823 2076 882 sed
2103 823 2176 881 de
2225 824 2451 883 Unitate
2477 823 2766 881 numerica
2791 829 2974 881 cesen-

559 907 686 964 ciali
702 930 725 978 ‚·
766 904 983 963 Annon
1012 905 1089 963 sit
1112 924 1264 963 unus
1291 924 1531 963 numero
1560 905 1724 963 Deus
1748 903 1944 981 quoad
1980 904 2329 981 essentiam;
2373 902 2532 983 quod
2570 912 2772 961 contra
2811 917 2976 960 rozo·

561 986 758 1049 etima
786 983 1123 1060 Gentilium,
1154 993 1214 1043 et
1240 984 1653 1044 Tritheitarum
1681 1002 1929 1043 errorem
1957 992 2204 1043 tuemur.

644 1066 756 1124 IV.
800 1064 933 1124 Non
960 1065 1251 1143 quaeritur,
1283 1064 1385 1123 An
1412 1064 1529 1123 sint
1554 1064 1725 1123 multi
1767 1064 1866 1122 Dii
1907 1064 2172 1139 λεγομένας
2199 1072 2258 1123 et
2285 1061 2602 1122 secundum
2629 1060 2760 1137 dici,
2799 1061 2980 1139 juxta

560 1164 773 1204 vanam
801 1154 860 1203 et
885 1144 1091 1202 falsam
1118 1143 1416 1204 hominum
1444 1144 1773 1222 opinionem
1794 1162 1924 1221 quse
1951 1146 2102 1203 inter
2128 1152 2332 1219 gentes
2351 1142 2620 1202 obtinuit.
2709 1141 2842 1216 Sed,
2877 1142 2982 1199 An

564 1225 681 1285 sint
706 1226 902 1303 plures
928 1226 990 1282 in
1016 1224 1101 1282 rei
1128 1224 1372 1283 veritate
1399 1233 1459 1283 et
1486 1225 1804 1283 secundum
1825 1244 1971 1283 esse.
2055 1224 2111 1281 N
2113 1243 2188 1282 on
2209 1222 2500 1301 quaeritur,
2528 1221 2626 1280 An
2645 1223 2760 1281 sint
2779 1222 2978 1298 plures

552 1306 951 1385 participative
992 1312 1051 1363 et
1090 1304 1438 1382 improprie:
1523 1304 1800 1363 Fatemur
1826 1304 1982 1362 enim
2020 1304 2132 1362 hoc
2161 1322 2332 1362 sensu
2375 1302 2640 1379 Angelos
2667 1311 2727 1362 et
2755 1302 2976 1379 Magis-

564 1395 749 1445 tratus
790 1404 943 1461 saepe
988 1384 1146 1442 Deos
1190 1384 1387 1442 vocari
1428 1383 1492 1441 in
1543 1384 1840 1461 Scriptura
1880 1392 2114 1461 propter
2149 1382 2439 1461 quandam
2482 1381 2977 1459 participationem

566 1465 807 1524 dominii
834 1473 893 1523 et
920 1463 1237 1539 dignitatis,
1270 1464 1369 1523 Ps.
1397 1463 1646 1540 lxxxii.;
1681 1463 1835 1523 Heb.
1865 1464 1961 1541 ii.;
2005 1463 2050 1523 J
2053 1483 2182 1521 oan.
2205 1483 2265 1522 x.
2353 1462 2486 1539 Sed,
2518 1462 2619 1520 An
2645 1462 2841 1539 plures
2861 1462 2979 1521 sint

556 1545 801 1622 proprie
828 1552 888 1603 et
915 1543 1311 1619 originaliter;
1356 1542 1515 1619 quod
1540 1562 1840 1620 negamuS.

568 1662 614 1708 D
617 1676 727 1708 enm
756 1662 915 1706 Unum
948 1674 1050 1705 esse
1173 1621 1251 1681 V.
1298 1622 1497 1681 Unum
1536 1641 1666 1681 esse
1709 1624 1899 1682 Deum
1943 1630 2004 1683 et
2051 1622 2346 1701 Scriptura
2386 1622 2604 1701 passim
2645 1622 2866 1697 asserit,
2917 1629 2978 1680 ct

596 1721 833 1779 probatur
848 1732 878 1764 a
892 1718 1050 1777 δοιῇ).
1090 1702 1238 1760 ratio
1266 1702 1498 1777 evincit,
1532 1702 1706 1762 Deut.
1736 1703 1816 1762 vi.
1845 1706 1904 1763 4.
1931 1703 2091 1762 Audi
2112 1705 2311 1777 Israel,
2346 1704 2565 1761 Jehova
2593 1704 2753 1760 Deus
2791 1711 2977 1760 noster

596 1784 727 1825 tm
1090 1783 1311 1841 Jehova
1348 1802 1492 1840 unus
1530 1792 1655 1855 επ,-
1701 1785 1730 1840 l
1780 1783 1910 1843 Cor.
1939 1783 2060 1842 viii.
2091 1786 2147 1859 4,
2179 1785 2236 1842 5.
2281 1784 2458 1841 Nobis
2503 1802 2647 1839 unus
2679 1791 2761 1840 est
2799 1784 2973 1857 Deus,

566 1866 747 1923 Pater
772 1864 867 1921 ille·
892 1882 933 1921 a
958 1882 1067 1939 quo
1094 1862 1283 1920 omnia
1298 1886 1323 1936 ,·
1352 1861 1485 1921 Gal.
1514 1862 1595 1921 iii.
1624 1865 1724 1921 20.
1766 1865 1928 1922 Deus
1953 1872 2033 1922 est
2063 1884 2207 1922 unus
2221 1887 2246 1936 ‚·
2291 1865 2322 1920 1
2355 1862 2502 1920 Tim.
2532 1861 2592 1921 ii.
2624 1864 2680 1921 5.
2717 1864 2874 1921 Unus
2898 1870 2981 1920 eet

566 1948 728 2004 Deus
754 1953 809 2002 et
832 1964 974 2002 unus
994 1942 1303 2001 Mediator.
1386 1942 1605 2001 Praeter
1628 1942 1786 2001 hunc
1811 1962 1990 2003 unum
2018 1944 2214 2020 plures
2241 1962 2385 2017 esse,
2416 1951 2517 2001 aut
2547 1942 2784 2019 reperiri
2811 1961 2979 2019 posse

566 2032 745 2102 negat
773 2024 988 2099 Moses,
1023 2023 1195 2081 Deut.
1226 2021 1414 2080 xxxii.
1446 2025 1543 2081 39.
1584 2023 1776 2082 Videte
1801 2044 1950 2082 nunc
1973 2024 2350 2099 memetipsum
2377 2042 2506 2097 esse,
2537 2032 2593 2080 et
2625 2024 2840 2081 nullum
2865 2042 2979 2080 esse

567 2107 759 2164 Deum
784 2123 996 2162 mecum
1014 2126 1041 2176 ,⁰
1082 2109 1143 2160 et
1170 2102 1250 2161 Is.
1294 2102 1441 2161 xliii.
1476 2104 1568 2178 10,
1604 2105 1698 2161 11.
1739 2105 1871 2181 qu
1896 2100 2020 2163 suin
2044 2104 2317 2179 Jelaovah,
2363 2112 2417 2162 et
2453 2104 2640 2161 nullus
2665 2112 2746 2161 est
2762 2112 2979 2179 prceter

567 2204 656 2244 me
682 2184 970 2260 Servator,
1001 2190 1063 2241 et
1086 2181 1319 2241 xxxvii.
1353 2184 1445 2257 16,
1476 2191 1535 2241 et
1561 2182 1706 2243 xliv.
1737 2186 1793 2242 8.

815 2317 827 2329 ,
1171 2261 1283 2321 VI.
1329 2262 1503 2322 Ratio
1544 2263 1720 2322 etiam
1761 2262 1917 2321 idem
1961 2262 2276 2323 confirmat.
2361 2262 2510 2338 Quia
2557 2262 2814 2340 implicat
2853 2261 2981 2320 dari

638 2316 689 2363 A
712 2316 939 2363 Ratione.
1086 2342 1255 2419 plura
1294 2341 1535 2417 infinita,
1580 2352 1812 2418 aeterna,
1857 2344 2286 2420 omnipotentia,
2329 2342 2760 2419 perfectissima,
2805 2342 2978 2419 quale

566 2422 740 2481 debet
767 2442 893 2481 esse
924 2422 1103 2495 Deus,
1134 2441 1241 2480 nec
1280 2429 1346 2479 ut
1386 2431 1446 2481 et
1484 2422 1680 2499 plures
1710 2423 1988 2482 Rectores
2029 2422 2246 2497 mundi,
2292 2426 2378 2481 οὐκ
2405 2428 2589 2493 ἀγαθὴ
2615 2422 2974 2501 ramesen-ln,

566 2500 630 2567 ιῑς
656 2496 867 2582 aulem-»5
882 2496 1035 2575 ’ἴση-υ,
1064 2498 1221 2559 unde
1248 2500 1491 2559 Tertull.
1520 2510 1674 2561 cont.
1694 2502 1936 2561 Marcie.
1964 2502 2028 2560 li.
2057 2503 2138 2561 iv.
2168 2505 2327 2561 Deus
2352 2505 2404 2561 si
2417 2524 2560 2561 unus
2587 2523 2698 2561 non
2723 2512 2819 2578 est,
2863 2522 2978 2560 mm

566 2590 649 2640 est
665 2582 715 2639 .·'
770 2582 817 2639 N
824 2600 918 2639 am
946 2580 997 2638 si
1022 2579 1219 2657 plures
1246 2588 1441 2640 essent
1462 2602 1477 2657 3
1521 2582 1619 2639 vel
1645 2591 1841 2641 essent
1867 2583 2135 2660 aequales,
2159 2592 2219 2642 et
2245 2582 2330 2643 sic
2347 2590 2553 2642 neuter
2579 2590 2732 2642 esset
2758 2582 2978 2660 primus

566 2670 627 2721 et
652 2658 1102 2737 perfectissimus
1124 2680 1139 2734 3
1183 2659 1282 2717 vel
1308 2659 1639 2736 inaequales,
1671 2669 1730 2720 et
1757 2662 1842 2720 sic
1867 2661 2104 2722 inferior
2127 2683 2244 2722 non
2273 2671 2428 2722 esset
2456 2665 2618 2722 Deus
2640 2686 2656 2739 3
2699 2663 2800 2721 vel
2825 2679 2977 2721 unus

566 2747 724 2799 esset
750 2758 925 2798 causa
950 2738 1319 2814 reliquorum,
1350 2746 1410 2797 et
1438 2739 1521 2799 sic
1549 2740 1709 2799 solus
1735 2752 1890 2801 esset
1915 2761 2090 2802 verus
2119 2743 2280 2802 Deus
2302 2765 2317 2819 ;
2351 2744 2449 2802 vel
2475 2763 2609 2820 non,
2641 2751 2702 2802 et
2727 2742 2811 2801 sic
2837 2761 2978 2801 neu-

566 2827 657 2879 ter
682 2828 837 2879 esset
866 2819 1027 2876 Deus
1052 2818 1191 2893 quia
1216 2837 1335 2876 non
1360 2829 1514 2878 esset
1540 2839 1716 2878 causa
1741 2821 2015 2881 omnium.

650 2899 797 2958 VII.
844 2898 967 2956 Nec
993 2896 1106 2955 hoc
1132 2895 1276 2974 ipsis
1304 2898 1571 2972 Ethnicis
1598 2898 1830 2977 penitus
1849 2893 2115 2978 ignotum
2141 2901 2266 2979 fuit,
2291 2902 2524 2980 quando
2543 2901 2746 2961 mundi
2766 2901 2976 2978 guber-

438 3021 451 3032 .
567 2979 777 3038 nacula
803 2976 905 3037 uni
946 2995 1170 3035 summo
1217 2977 1343 3036 Deo
1386 2978 1765 3055 tradiderunt,
1806 3000 1978 3058 quem
2017 2983 2252 3040 Patrem
2295 2983 2576 3042 limninum
2615 2985 2980 3057 Deorumque

568 3065 797 3130 vocant,
829 3057 924 3116 cui
950 3073 1130 3133 quum
1157 3065 1397 3116 caeteros
1424 3058 1756 3136 subjiciunt,
1785 3068 1846 3119 et
1871 3060 1944 3119 ab
1971 3081 2041 3120 eo
2068 3062 2276 3121 volunt
2301 3081 2429 3121 esse
2456 3071 2630 3136 ortoS,
2661 3061 2794 3120 illos
2821 3061 2978 3137 ipsos

568 3155 717 3214 quos
738 3136 894 3194 Deos
922 3145 1257 3212 nuncupant
1270 3136 1577 3196 divinitate
1594 3148 1836 3199 exuunt.
1895 3140 2054 3198 Hinc
2076 3141 2324 3201 Hermes
2345 3141 2758 3218 'hismegistus
2781 3139 2976 3198 Philo-

570 3216 883 3293 sophorum
922 3234 1147 3293 parens‚
1178 3215 1241 3273 in
1269 3216 1501 3276 Poema.
1532 3237 1581 3278 c.
1612 3222 1668 3294 2,
1693 3221 1750 3295 3,
1774 3223 1831 3295 4,
1855 3227 1916 3280 et
1941 3220 2097 3294 alibi,
2127 3241 2308 3281 unum
2337 3221 2544 3296 Deum,
2575 3241 2749 3279 unam
2789 3219 2976 3278 unita-

566 3303 704 3371 tem,
736 3295 991 3355 omnium
1017 3314 1148 3371 quae
1177 3304 1312 3355 sunt
1336 3295 1589 3357 radicem
1616 3317 1744 3357 esse
1773 3301 1989 3375 statuit,
2020 3301 2232 3375 ἑμοηὶς,
2263 3301 2468 3378 inquit,
2505 3301 2700 3358 πάντων
2731 3303 2865 3380 alexis
2891 3303 2982 3358 καὶ

570 3375 698 3454 ῥιζα.
723 3374 1105 3452 Pythagoras,
1136 3375 1417 3435 referente
1436 3376 1712 3437 Cicerone
1739 3386 1799 3437 et
1814 3379 2144 3454 PlutarchO,
2169 3383 2327 3440 Deus
2355 3391 2433 3439 est
2452 3401 2610 3454 unus,
2631 3402 2744 3439 non
2767 3390 2830 3438 ut
2843 3383 2980 3456 plu·

565 3455 705 3512 rimi
720 3463 937 3514 censent
951 3464 1120 3513 extra
1138 3455 1678 3516 administrationem
1697 3460 1907 3535 mundi,
1926 3463 2030 3518 sed
2041 3469 2184 3518 totus
2209 3462 2268 3519 in
2289 3470 2416 3519 toto.
2461 3460 2726 3538 Orpheus
2745 3459 2846 3537 qui
2863 3458 2979 3536 pri-

531 3563 537 3568 ·
566 3554 714 3610 mus,
759 3534 811 3594 si
850 3534 894 3595 J
896 3534 1090 3594 ustino
1131 3533 1432 3610 credimus,
1476 3537 1820 3603 remotiva-us
1861 3537 1972 3599 fuit
2011 3541 2234 3614 author,
2264 3540 2401 3618 quia
2435 3540 2668 3598 nomina
2695 3548 2754 3598 et
2795 3558 2983 3616 genus

568 3613 826 3674 Deorum
850 3613 1072 3693 primus
1098 3613 1297 3690 edidit,
1326 3635 1507 3674 unum
1533 3627 1728 3677 tamen
1757 3619 1949 3677 Deum
1975 3620 2240 3696 agnoscit
2253 3619 2410 3697 apud
2438 3619 2616 3678 Olem.
2645 3619 2708 3678 in
2727 3627 2982 3698 protrep-

1091 3775 1177 3839 Εἷς
1206 3771 1249 3832 δ’
1277 3776 1325 3840 ὅς
1352 3779 1623 3847 αἰνηγενὺς,
1653 3780 1741 3843 ἕως
1768 3775 1947 3850 ’ἔκγονοι
1969 3777 2140 3836 πάντα.
2161 3805 2412 3838 mourut.

568 3928 737 3988 Idem
764 3929 1019 4022 saniores
1047 3950 1124 3988 ex
1152 3932 1485 3993 Gentilibus
1514 3936 1786 4012 sentiunt,
1812 3937 2000 4012 Plato,
2021 3936 2386 4011 Aristoteles,
2413 3937 2732 4015 Epictetus,
2757 3936 2977 4012 Cicer-0,

571 4008 807 4082 Seneca,
837 4016 898 4067 et
924 4009 1023 4066 ahi
1064 4028 1309 4101 quorum
1350 4012 1680 4072 testimonia
1717 4015 1856 4074 vide
1881 4015 2037 4094 apud
2079 4017 2314 4077 Plcssae.
2344 4016 2418 4076 de
2447 4016 2638 4094 Relig.
2684 4016 2896 4075 Clu-ist.
2926 4037 2978 4074 c.

567 4089 625 4147 3.
656 4094 717 4145 et
755 4086 912 4178 apud
949 4088 993 4147 J
995 4095 1271 4182 ustinum,
1302 4089 1541 4166 Tei-tul„
1574 4093 1927 4154 Clementem
1957 4095 2152 4170 Alex„
2199 4097 2581 4171 Lactantium‚
2629 4094 2976 4170 Arnobium,

564 4165 986 4322 ἓξέιὲῗξέἓῐῑιῗ
1016 4175 1077 4226 et
1116 4167 1261 4226 ahos
1288 4188 1365 4226 ex
1407 4170 1738 4248 Veteribus,
1781 4174 1884 4250 qui
1913 4174 2025 4234 Dei
2051 4177 2332 4237 unitatem
2371 4177 2653 4236 adversus
2695 4174 2979 4235 Ethnicos

602 4389 785 4436 Fontes
808 4337 1017 4434 selutio-
1166 4325 1351 4386 VIII.
1382 4327 1664 4421 ,Varietas
1705 4332 2002 4393 nominum
2042 4343 2104 4395 et
2143 4336 2573 4396 Attributerum
2627 4333 2977 4410 divinorum,

739 4460 871 4492 num.
1086 4417 1426 4498 non-arguit
1459 4409 1848 4486 pluralitatem
1892 4414 2182 4496 Deorum;
2225 4417 2363 4494 quia
2401 4416 2574 4476 unius
2595 4415 2717 4494 ‚Dei
2756 4415 2976 4492 perfec-

961 4560 974 4574 ·
1087 4491 1233 4544 tiom
1254 4490 1631 4549 connotandoe
1659 4491 2020 4570 adhibentur,
2052 4504 2118 4554 ut
2141 4497 2458 4574 perplures
2473 4502 2786 4574 conceptus
2811 4493 2978 4553 inad-

562 4569 1684 4722 ”qffiffffiffisszt‘ffiaffifflffl
1694 4574 2976 4733 Pssssrffissmnssffliffimaffissnpffirfflss.
