3300 5225
489 340 599 397 182
1453 348 1637 391 Locus
1665 348 1932 390 meamne.
2553 326 2802 409 [ouius-r.
2833 350 2896 391 x.

487 495 590 575 qui
616 491 1137 573 omnipraesentiam
1166 490 1279 551 Dei
1310 490 1441 567 ejus
1466 489 1800 569 operatione
1825 488 2124 566 definiunt,
2167 495 2360 566 potest
2385 508 2584 549 eorum
2611 491 2900 550 sententia

489 575 733 651 admitti,
766 574 818 634 si
842 572 1019 652 priori
1040 592 1217 633 sensu
1234 571 1347 631 hoe
1365 570 1716 647 intelligant,
1737 589 1845 647 pro
1871 570 1998 647 ejus
2017 568 2480 629 manifestatione
2501 590 2537 629 a
2561 571 2899 648 posterioriz

490 654 599 717 sed
640 654 693 715 si
730 654 845 713 hoc
891 652 1141 712 referant
1180 650 1257 711 ad
1296 651 1423 728 ejus
1464 650 1934 711 constitutionem
1981 670 2018 708 a
2051 648 2246 727 priori,
2290 649 2496 708 merito
2531 649 2792 729 rejicitur
2833 658 2902 711 ut

494 736 807 815 Scripturas
834 732 1137 808 contraria,
1168 739 1227 791 et
1252 730 1426 791 nimis
1452 730 1734 789 accedens
1761 728 1838 788 ad
1867 728 2302 789 Socinianorum
2329 748 2598 789 errorem.

572 814 799 873 XXII.
844 814 1011 872 Licet
1036 811 1405 872 Immensitas
1432 819 1492 870 et
1528 809 2009 887 Omnipraesentia
2037 809 2151 868 Dei
2188 829 2414 887 semper
2451 811 2896 888 conjungantur,

490 893 915 973 distinguenda
958 900 1151 952 tamen
1192 898 1361 967 sunt3
1404 890 1507 949 illa
1545 889 1868 950 absolutam
1911 889 2053 949 dicit
2093 889 2156 947 in
2198 890 2325 948 Deo
2368 890 2774 967 proprietatem
2823 891 2901 949 ab

492 984 707 1036 aeterno
734 972 823 1032 illi
850 979 1302 1049 competentem3
1344 971 1470 1029 haee
1497 969 1559 1028 in
1585 970 1688 1028 illa
1714 968 1954 1029 fundata
1979 976 2144 1029 notat
2167 968 2566 1033 habitudinem
2593 970 2670 1028 ad
2704 970 2900 1029 locum

490 1056 553 1113 in
580 1063 837 1131 tempore
864 1052 1241 1127 existentem3
1284 1049 1613 1127 habentque
1641 1069 1706 1109 se
1731 1048 1808 1107 ad
1835 1048 2016 1109 instar
2041 1056 2205 1109 actus
2231 1049 2403 1127 primi
2427 1055 2488 1109 et
2515 1050 2772 1125 secundi,
2801 1048 2901 1111 vel

490 1134 758 1213 principii
798 1138 857 1192 et
895 1130 1257 1209 principiati:
1301 1130 1452 1190 Nam
1494 1149 1569 1188 ex
1609 1128 1996 1189 immensitate
2037 1129 2218 1189 oritur
2259 1130 2735 1207 omnipraesentia,
2767 1149 2899 1207 quse

491 1213 766 1292 supponit
799 1212 1245 1271 immensitatem
1290 1218 1565 1288 tanquam
1608 1208 2082 1287 fundamentum3
2127 1207 2270 1268 Ideo
2311 1210 2466 1269 enim
2507 1209 2670 1269 Deus
2715 1210 2900 1269 omni·
2957 1272 2968 1281 ,

486 1299 1495 1447 prnffiffiaffxnffixgznsfflim
1534 1371 1835 1429 ascendere
1860 1369 1958 1427 vel
1999 1371 2344 1443 descendere,
2373 1368 2532 1427 abire
2557 1369 2655 1428 vel
2690 1370 2894 1446 venem,

486 1452 600 1513 hoe
628 1451 1149 1530 omnipraesentiam
1175 1468 1292 1509 non
1320 1450 1489 1526 tollit,
1521 1449 1659 1526 quia
1683 1450 1794 1508 hoc
1813 1467 1931 1508 non
1951 1458 2218 1526 respectu
2237 1449 2518 1523 essentiae,
2549 1448 2654 1507 sed
2670 1456 2898 1508 tantum

489 1532 564 1593 de
585 1533 945 1593 diversarum
965 1530 1360 1609 operationum
1380 1529 1643 1588 absentia
1661 1529 1760 1587 vel
1778 1530 2085 1605 praesentia
2105 1528 2350 1589 dieitur:
2387 1530 2534 1587 venit
2551 1549 2692 1605 ergo
2715 1529 2895 1605 Deus,

490 1613 722 1690 quando
763 1610 1040 1689 peculiari
1082 1610 1303 1668 ratione
1346 1608 1561 1667 alicubi
1604 1618 1888 1686 operatur,
1935 1609 2033 1667 vel
2072 1609 2133 1667 in
2174 1608 2362 1686 gratia
2400 1608 2498 1667 vel
2536 1609 2599 1667 in
2631 1608 2896 1685 justitia3

489 1693 703 1752 recedit
725 1710 863 1750 vero
890 1688 1123 1767 quando
1165 1689 1367 1766 gratiae
1408 1707 1529 1747 suae
1566 1688 1833 1764 symbola
1869 1688 2155 1764 subducit,
2184 1697 2243 1748 et
2270 1688 2535 1747 salutar-Is
2575 1689 2897 1766 praesentiae

490 1772 821 1831 testimonia
862 1769 1192 1861 hominibus
1240 1768 1525 1861 denegat:
1568 1767 1738 1855 Alias
1777 1768 1837 1827 in
1875 1786 1941 1827 eo
1979 1788 2200 1846 semper
2237 1769 2484 1846 vivimus,
2525 1786 2811 1828 movemur
2845 1778 2902 1827 et

491 1847 1511 1991 surgufflixtrffiuggsnaffafflssnvg
1538 1946 1656 1987 non
1681 1927 2022 2005 ignorarunt
2057 1926 2171 2005 ipsi
2198 1884 2450 2003 ethnici,
2477 1926 2616 1987 hinc
2643 1927 2893 1987 Trisme-

489 2011 677 2089 gistus
704 2011 861 2087 dicit,
890 2012 1081 2069 Deum
1106 2028 1221 2067 esee
1260 2008 1567 2084 C‘t‘rculum,
1606 2010 1762 2085 cujus
1801 2016 2052 2067 centrum
2085 2008 2160 2066 eit
2196 2008 2410 2085 ubique,
2441 2007 2892 2086 circumferentia

490 2112 782 2169 nusquam,
814 2090 897 2150 Et
922 2088 1161 2165 Aratus,

1452 2204 1615 2265 Jovss
1640 2203 1832 2264 omnia
1858 2223 1972 2264 esse
1985 2204 2185 2281 plena.
2297 2224 2324 2241 ³

494 2288 573 2350 Et
600 2288 902 2367 Virgilius,
2015 2364 2204 2421 Deum
2231 2364 2316 2422 ire
2383 2382 2447 2421 er
2473 2383 2660 2421 omnes

1054 2446 1375 2523 Terraeque
1402 2452 1723 2521 tractemque
1748 2443 1942 2521 maris,
1973 2446 2272 2521 coelumque
2289 2384 2656 2520 peofitndum.

491 2524 620 2603 Quo
649 2534 913 2605 spectant
939 2533 998 2584 et
1024 2526 1153 2601 ista,

1058 2606 1185 2672 Quo
1196 2604 1363 2681 fugis
1389 2604 1697 2678 Encelade,
1727 2623 2083 2680 quaecunque
2109 2604 2404 2663 accesseris
2431 2623 2567 2662 oras

1134 2686 1248 2742 Sub
1275 2686 1421 2743 Jove
1446 2703 1668 2762 semper
1693 2683 1824 2742 eris.
2437 2691 2446 2700 '

415 2799 429 2810 ‘
493 2805 730 2880 Seneca,
757 2802 861 2862 lib.
892 2801 971 2860 iv.
996 2799 1068 2860 de
1095 2800 1262 2861 bene.
1290 2821 1343 2860 c.
1366 2802 1425 2861 8.
1498 2802 1842 2879 Quocunque
1861 2809 1914 2860 te
1925 2801 2162 2880 flexeris
2187 2801 2266 2861 ibi
2289 2802 2445 2861 illum
2471 2802 2675 2861 videbis
2702 2822 2891 2860 occur-

489 2891 700 2942 rentem
729 2883 841 2958 tt’bt‘,
868 2882 1012 2941 nihil
1034 2882 1107 2940 ab
1134 2881 1231 2940 illo
1255 2890 1439 2958 vacat,
1468 2901 1607 2959 opus
1631 2901 1796 2942 suum
1821 2882 1914 2940 ille
1939 2883 2146 2958 implet.

1434 3118 1824 3195 QUAESTIO
1865 3119 1952 3180 x,

1370 3295 1451 3338 DE:
1478 3295 1872 3340 AETERNI'PATE
1899 3297 2021 3338 Dm.

578 3440 673 3498 An
700 3438 1021 3499 AEtemitas
1044 3439 1166 3498 Dei
1188 3441 1457 3499 excludat
1478 3439 1870 3498 successionem
1895 3439 2196 3498 secundum
2211 3438 2382 3515 prius
2409 3447 2463 3498 et
2476 3438 2758 3517 posterius
2774 3441 2804 3497 ,ἲ

1384 3518 1552 3579 Affir.
1580 3528 1782 3580 contra
1813 3517 2006 3580 Socin.

1088 3678 1143 3738 Ι.
1186 3677 1453 3739 Infinitas
1495 3678 1607 3738 Dei
1648 3685 1917 3756 respectu
1957 3674 2279 3738 durationis
2303 3676 2623 3736 AEterm’tas
2662 3675 2892 3754 dicitur,

542 3745 711 3816 Status
734 3743 901 3818 qums-
1006 3759 1101 3819 cui
1141 3759 1267 3818 haec
1306 3759 1418 3818 tria
1456 3758 1804 3833 tribuuntur,
1853 3761 1907 3817 1.
1949 3757 2108 3835 quod
2147 3756 2223 3816 sit
2255 3776 2464 3835 expers
2503 3757 2788 3836 principii,
2833 3761 2892 3816 2.

1007 3838 1167 3915 quod
1207 3839 1283 3897 sit
1318 3839 1442 3898 sine
1481 3838 1615 3914 fine,
1661 3841 1717 3897 3.
1755 3837 1914 3915 quod
1945 3845 2137 3896 careat
2175 3837 2555 3913 successione,
2599 3837 2679 3896 id.
2722 3837 2892 3896 dura-

486 3917 643 3978 tione
668 3917 754 3974 rei
795 3918 1111 3978 secundum
1150 3918 1310 3994 prius
1336 3926 1397 3977 et
1436 3917 1740 3995 posterius,
1784 3917 2100 3976 secundum
2139 3935 2412 3994 praesens,
2454 3917 2806 3995 praeteritum
2833 3924 2894 3977 et

486 3994 761 4054 futurum.
842 3996 975 4054 Non
1002 3997 1279 4072 quaeritur
1304 3997 1531 4073 proprie
1557 3996 1671 4070 hic,
1703 3997 1802 4055 An
1833 3998 1994 4057 Deus
2021 3996 2097 4056 sit
2125 4005 2374 4056 aeternus
2399 3997 2620 4057 ratione
2648 3997 2894 4056 duorum

485 4073 757 4152 priorum,
788 4073 868 4135 id.
898 4074 999 4132 An
1026 4075 1103 4134 sit
1130 4075 1253 4134 sine
1292 4075 1575 4153 principio
1604 4085 1664 4134 et
1689 4075 1821 4136 fine.
1906 4076 2040 4136 Hoc
2067 4076 2221 4136 enim
2261 4076 2508 4137 Socinus
2533 4085 2593 4137 et
2619 4077 2894 4137 Vorstius

487 4172 699 4229 negare
739 4173 858 4212 non
894 4160 1140 4230 possunt
1179 4163 1381 4213 contra
1420 4162 1509 4215 tot
1551 4154 1870 4215 clarissima
1912 4157 2224 4235 Scripturae
2265 4157 2629 4233 testimonia3
2673 4157 2778 4216 sed
2817 4155 2892 4216 de

485 4233 674 4308 tertio,
706 4231 806 4292 An
840 4233 1165 4294 AEternitas
1206 4235 1332 4310 ejus
1372 4233 1449 4293 sit
1491 4233 1764 4294 immunis
1803 4253 1840 4294 a
1879 4235 2276 4313 successione;
2320 4237 2434 4313 vel,
2466 4235 2569 4294 An
2596 4236 2892 4314 subjaceat

486 4312 761 4390 temporis
802 4312 1155 4388 differentiis,
1198 4321 1266 4372 ut
1304 4312 1391 4372 ini
1434 4314 1817 4391 pertendunt;
1859 4315 1996 4374 vide
2040 4315 2331 4391 Crellium,
2374 4315 2477 4374 lib.
2507 4315 2546 4375 i.
2588 4314 2662 4374 de
2693 4315 2889 4393 Relig.

484 4413 537 4454 c.
570 4395 665 4452 18.
750 4392 871 4452 Nos
919 4411 1061 4451 vero
1103 4392 1295 4451 Deum
1335 4392 1409 4452 ab
1450 4394 1609 4453 omni
1650 4395 1926 4473 temporis
1970 4393 2310 4472 differentia,
2353 4402 2414 4453 et
2453 4414 2572 4454 non
2617 4395 2810 4456 minus
2852 4414 2890 4454 a

484 4471 847 4534 successione
874 4491 1047 4549 quam
1074 4491 1111 4530 a
1135 4470 1417 4550 principio
1443 4482 1503 4534 et
1528 4473 1661 4550 fine,
1691 4493 1819 4534 esse
1845 4474 2159 4535 immunem
2185 4475 2512 4534 statuimuS.

568 4553 653 4613 ΙΙ.
698 4551 830 4612 Non
856 4551 1133 4629 quaeritur
1159 4552 1233 4611 de
1258 4553 1601 4615 AEtemitate
1626 4555 1953 4633 improprie,
1983 4563 2044 4615 et
2068 4553 2388 4614 secundum
2415 4553 2557 4633 quid
2583 4553 2667 4613 ita
2693 4554 2886 4614 dicta:

484 4630 771 4710 quomodo
800 4631 1044 4692 sumitur
1063 4631 1375 4711 aliquando
1400 4653 1505 4712 pro
1532 4633 1710 4712 longa
1729 4635 1814 4694 rei
1841 4634 2158 4709 duratione,
2177 4641 2244 4694 ut
2269 4635 2630 4694 Gircumcffio
2647 4643 2885 4711 pactum
