<?xml version="1.0" encoding="UTF-8"?>
<!DOCTYPE html PUBLIC "-//W3C//DTD XHTML 1.0 Transitional//EN"
    "http://www.w3.org/TR/xhtml1/DTD/xhtml1-transitional.dtd">
<html xmlns="http://www.w3.org/1999/xhtml" xml:lang="en" lang="en">
 <head>
  <title>
</title>
<meta http-equiv="Content-Type" content="text/html;charset=utf-8" />
  <meta name='ocr-system' content='tesseract 3.04.00' />
  <meta name='ocr-capabilities' content='ocr_page ocr_carea ocr_par ocr_line ocrx_word'/>
</head>
<body>
  <div class='ocr_page' id='page_1' title='image "./institutiotheol00turrgoog_0178.png"; bbox 0 0 3300 5225; ppageno 0'>
   <div class='ocr_carea' id='block_1_1' title="bbox 534 344 2940 433">
    <p class='ocr_par' dir='ltr' id='par_1_1' title="bbox 534 344 2940 433">
     <span class='ocr_line' id='line_1_1' title="bbox 534 344 2940 433; baseline -0.002 -18"><span class='ocrx_word' id='word_1_1' title='bbox 534 358 647 415; x_wconf 79' lang='lat' dir='ltr'><strong>12ss</strong></span> <span class='ocrx_word' id='word_1_2' title='bbox 1452 370 1637 413; x_wconf 74' lang='lat' dir='ltr'><strong>Locus</strong></span> <span class='ocrx_word' id='word_1_3' title='bbox 1665 366 1983 413; x_wconf 72' lang='lat' dir='ltr'><strong>sscunnus.</strong></span> <span class='ocrx_word' id='word_1_4' title='bbox 2533 344 2784 433; x_wconf 62' lang='lat' dir='ltr'><strong>[Qus-:sn</strong></span> <span class='ocrx_word' id='word_1_5' title='bbox 2815 366 2940 411; x_wconf 77' lang='lat' dir='ltr'>xvt.</span> 
     </span>
    </p>
   </div>
   <div class='ocr_carea' id='block_1_2' title="bbox 464 507 2946 1385">
    <p class='ocr_par' dir='ltr' id='par_1_2' title="bbox 726 507 2940 586">
     <span class='ocr_line' id='line_1_2' title="bbox 726 507 2940 586; baseline -0.003 -13"><span class='ocrx_word' id='word_1_6' title='bbox 726 571 728 573; x_wconf 78' lang='grc'>,</span> <span class='ocrx_word' id='word_1_7' title='bbox 810 568 823 581; x_wconf 86' lang='grc'><em>,</em></span> <span class='ocrx_word' id='word_1_8' title='bbox 1130 511 1285 570; x_wconf 90' lang='lat' dir='ltr'><strong>XX.</strong></span> <span class='ocrx_word' id='word_1_9' title='bbox 1330 514 1364 569; x_wconf 79' lang='lat'>⁷</span> <span class='ocrx_word' id='word_1_10' title='bbox 1372 555 1386 570; x_wconf 93' lang='lat'><strong>.</strong></span> <span class='ocrx_word' id='word_1_11' title='bbox 1433 511 1637 571; x_wconf 79' lang='lat' dir='ltr'><strong>Patres</strong></span> <span class='ocrx_word' id='word_1_12' title='bbox 1663 509 1833 569; x_wconf 84' lang='lat' dir='ltr'><strong>nobis</strong></span> <span class='ocrx_word' id='word_1_13' title='bbox 1859 510 1954 569; x_wconf 84' lang='lat' dir='ltr'><strong>hic</strong></span> <span class='ocrx_word' id='word_1_14' title='bbox 1980 507 2405 586; x_wconf 71' lang='lat' dir='ltr'><strong>adstipulantur</strong></span> <span class='ocrx_word' id='word_1_15' title='bbox 2437 507 2770 583; x_wconf 81' lang='lat' dir='ltr'><strong>clarissime,</strong></span> <span class='ocrx_word' id='word_1_16' title='bbox 2801 508 2940 567; x_wconf 88' lang='lat' dir='ltr'><strong>Ter-</strong></span> 
     </span>
    </p>

    <p class='ocr_par' dir='ltr' id='par_1_3' title="bbox 464 568 2946 1385">
     <span class='ocr_line' id='line_1_3' title="bbox 586 568 2944 665; baseline 0 -16"><span class='ocrx_word' id='word_1_17' title='bbox 586 568 664 613; x_wconf 75' lang='lat' dir='ltr'><strong>E¹</strong></span> <span class='ocrx_word' id='word_1_18' title='bbox 686 568 928 615; x_wconf 65' lang='lat' dir='ltr'><strong>Patribus.</strong></span> <span class='ocrx_word' id='word_1_19' title='bbox 1049 591 1154 650; x_wconf 87' lang='lat' dir='ltr'><strong>tul.</strong></span> <span class='ocrx_word' id='word_1_20' title='bbox 1184 598 1385 649; x_wconf 81' lang='lat' dir='ltr'><strong>contra</strong></span> <span class='ocrx_word' id='word_1_21' title='bbox 1414 591 1656 651; x_wconf 75' lang='lat' dir='ltr'><strong>Hei-mc.</strong></span> <span class='ocrx_word' id='word_1_22' title='bbox 1683 612 1734 651; x_wconf 87' lang='lat' dir='ltr'><strong>c.</strong></span> <span class='ocrx_word' id='word_1_23' title='bbox 1764 593 1861 649; x_wconf 50' lang='lat'><strong>212</strong></span> <span class='ocrx_word' id='word_1_24' title='bbox 1942 591 2140 649; x_wconf 75' lang='lat' dir='ltr'><strong><em>Adoro</em></strong></span> <span class='ocrx_word' id='word_1_25' title='bbox 2173 588 2488 665; x_wconf 61' lang='lat' dir='ltr'><strong>Scriptum</strong></span> <span class='ocrx_word' id='word_1_26' title='bbox 2498 590 2903 663; x_wconf 75' lang='lat' dir='ltr'><strong><em>plenitudinem</em></strong></span> <span class='ocrx_word' id='word_1_27' title='bbox 2918 612 2944 662; x_wconf 73' lang='lat'><strong>,⁶</strong></span> 
     </span>
     <span class='ocr_line' id='line_1_4' title="bbox 528 668 2946 747; baseline 0.001 -20"><span class='ocrx_word' id='word_1_28' title='bbox 528 677 587 727; x_wconf 89' lang='lat' dir='ltr'><strong>et</strong></span> <span class='ocrx_word' id='word_1_29' title='bbox 615 686 769 743; x_wconf 86' lang='lat' dir='ltr'><strong>mox,</strong></span> <span class='ocrx_word' id='word_1_30' title='bbox 810 668 1079 743; x_wconf 57' lang='lat' dir='ltr'><strong>emptum</strong></span> <span class='ocrx_word' id='word_1_31' title='bbox 1120 690 1234 729; x_wconf 73' lang='lat' dir='ltr'><strong><em>esse</em></strong></span> <span class='ocrx_word' id='word_1_32' title='bbox 1276 674 1475 730; x_wconf 80' lang='lat' dir='ltr'><strong><em>doceat</em></strong></span> <span class='ocrx_word' id='word_1_33' title='bbox 1514 673 1914 747; x_wconf 62' lang='lat' dir='ltr'><strong><em>Hermogenes,</em></strong></span> <span class='ocrx_word' id='word_1_34' title='bbox 1955 678 2058 728; x_wconf 78' lang='lat' dir='ltr'><strong>aut</strong></span> <span class='ocrx_word' id='word_1_35' title='bbox 2093 670 2146 727; x_wconf 83' lang='lat' dir='ltr'><strong>si</strong></span> <span class='ocrx_word' id='word_1_36' title='bbox 2179 689 2292 727; x_wconf 84' lang='lat' dir='ltr'><strong>non</strong></span> <span class='ocrx_word' id='word_1_37' title='bbox 2331 677 2414 727; x_wconf 77' lang='lat' dir='ltr'><strong>est</strong></span> <span class='ocrx_word' id='word_1_38' title='bbox 2456 671 2727 745; x_wconf 69' lang='lat' dir='ltr'><strong>seriptum</strong></span> <span class='ocrx_word' id='word_1_39' title='bbox 2754 670 2946 729; x_wconf 73' lang='lat' dir='ltr'><strong>timeat</strong></span> 
     </span>
     <span class='ocr_line' id='line_1_5' title="bbox 526 748 2940 827; baseline 0 -20"><span class='ocrx_word' id='word_1_40' title='bbox 526 748 674 807; x_wconf 78' lang='lat' dir='ltr'><strong>illud</strong></span> <span class='ocrx_word' id='word_1_41' title='bbox 708 749 805 806; x_wconf 79' lang='lat' dir='ltr'><strong>Voe</strong></span> <span class='ocrx_word' id='word_1_42' title='bbox 828 749 1227 823; x_wconf 55' lang='lat' dir='ltr'><strong>afficientibus.</strong></span> <span class='ocrx_word' id='word_1_43' title='bbox 1312 752 1392 810; x_wconf 85' lang='lat' dir='ltr'><strong>Et</strong></span> <span class='ocrx_word' id='word_1_44' title='bbox 1417 750 1557 809; x_wconf 83' lang='lat' dir='ltr'><strong>alibi</strong></span> <span class='ocrx_word' id='word_1_45' title='bbox 1600 749 1674 809; x_wconf 90' lang='lat' dir='ltr'><strong>de</strong></span> <span class='ocrx_word' id='word_1_46' title='bbox 1700 750 2014 827; x_wconf 67' lang='lat' dir='ltr'><strong>praescript.</strong></span> <span class='ocrx_word' id='word_1_47' title='bbox 2045 749 2324 808; x_wconf 86' lang='lat' dir='ltr'><strong>adversus</strong></span> <span class='ocrx_word' id='word_1_48' title='bbox 2364 748 2562 807; x_wconf 80' lang='lat' dir='ltr'><strong>haeret.</strong></span> <span class='ocrx_word' id='word_1_49' title='bbox 2643 751 2823 808; x_wconf 80' lang='lat' dir='ltr'><strong>Nobis</strong></span> <span class='ocrx_word' id='word_1_50' title='bbox 2848 770 2940 808; x_wconf 80' lang='lat' dir='ltr'><strong>eu-</strong></span> 
     </span>
     <span class='ocr_line' id='line_1_6' title="bbox 526 828 2942 906; baseline 0.001 -20"><span class='ocrx_word' id='word_1_51' title='bbox 526 828 777 887; x_wconf 51' lang='lat' dir='ltr'><strong>stositate</strong></span> <span class='ocrx_word' id='word_1_52' title='bbox 830 848 971 903; x_wconf 68' lang='lat' dir='ltr'><strong>opus</strong></span> <span class='ocrx_word' id='word_1_53' title='bbox 1012 851 1125 889; x_wconf 83' lang='lat' dir='ltr'><strong>non</strong></span> <span class='ocrx_word' id='word_1_54' title='bbox 1168 839 1249 891; x_wconf 78' lang='lat' dir='ltr'><strong>est</strong></span> <span class='ocrx_word' id='word_1_55' title='bbox 1278 840 1413 906; x_wconf 76' lang='lat' dir='ltr'><strong>post</strong></span> <span class='ocrx_word' id='word_1_56' title='bbox 1480 830 1780 904; x_wconf 63' lang='lat' dir='ltr'><strong>Clu-thium,</strong></span> <span class='ocrx_word' id='word_1_57' title='bbox 1828 850 1928 889; x_wconf 79' lang='lat' dir='ltr'><strong>nee</strong></span> <span class='ocrx_word' id='word_1_58' title='bbox 1979 828 2327 905; x_wconf 75' lang='lat' dir='ltr'><strong>inquisitione</strong></span> <span class='ocrx_word' id='word_1_59' title='bbox 2371 838 2506 904; x_wconf 78' lang='lat' dir='ltr'><strong>post</strong></span> <span class='ocrx_word' id='word_1_60' title='bbox 2546 830 2942 905; x_wconf 61' lang='lat' dir='ltr'><strong>Evangelium.</strong></span> 
     </span>
     <span class='ocr_line' id='line_1_7' title="bbox 532 909 2940 985; baseline 0.001 -20"><span class='ocrx_word' id='word_1_61' title='bbox 532 909 721 975; x_wconf 79' lang='lat' dir='ltr'><strong>Quum</strong></span> <span class='ocrx_word' id='word_1_62' title='bbox 760 909 1053 984; x_wconf 75' lang='lat' dir='ltr'><strong>credimus,</strong></span> <span class='ocrx_word' id='word_1_63' title='bbox 1096 912 1199 969; x_wconf 75' lang='lat' dir='ltr'><strong><em>hoc</em></strong></span> <span class='ocrx_word' id='word_1_64' title='bbox 1230 911 1484 985; x_wconf 77' lang='lat' dir='ltr'><strong>primum</strong></span> <span class='ocrx_word' id='word_1_65' title='bbox 1522 910 1814 985; x_wconf 72' lang='lat' dir='ltr'><strong><em>credimus,</em></strong></span> <span class='ocrx_word' id='word_1_66' title='bbox 1859 910 1998 967; x_wconf 71' lang='lat' dir='ltr'><strong><em>nihil</em></strong></span> <span class='ocrx_word' id='word_1_67' title='bbox 2038 928 2152 967; x_wconf 77' lang='lat' dir='ltr'><strong><em>esse</em></strong></span> <span class='ocrx_word' id='word_1_68' title='bbox 2192 910 2346 985; x_wconf 79' lang='lat' dir='ltr'><strong><em>quod</em></strong></span> <span class='ocrx_word' id='word_1_69' title='bbox 2384 911 2540 967; x_wconf 71' lang='lat' dir='ltr'><strong>ultra</strong></span> <span class='ocrx_word' id='word_1_70' title='bbox 2581 912 2811 968; x_wconf 83' lang='lat' dir='ltr'><strong><em>credere</em></strong></span> <span class='ocrx_word' id='word_1_71' title='bbox 2847 912 2940 967; x_wconf 84' lang='lat' dir='ltr'><strong>de·</strong></span> 
     </span>
     <span class='ocr_line' id='line_1_8' title="bbox 526 988 2939 1065; baseline 0.001 -20"><span class='ocrx_word' id='word_1_72' title='bbox 526 989 751 1045; x_wconf 73' lang='lat' dir='ltr'><strong>beamus</strong></span> <span class='ocrx_word' id='word_1_73' title='bbox 768 1012 793 1058; x_wconf 85' lang='lat'><strong>,·</strong></span> <span class='ocrx_word' id='word_1_74' title='bbox 837 988 1039 1047; x_wconf 83' lang='lat' dir='ltr'><strong>Hiero.</strong></span> <span class='ocrx_word' id='word_1_75' title='bbox 1068 989 1129 1047; x_wconf 92' lang='lat' dir='ltr'><strong>in</strong></span> <span class='ocrx_word' id='word_1_76' title='bbox 1178 991 1347 1049; x_wconf 82' lang='lat' dir='ltr'><strong>Matt.</strong></span> <span class='ocrx_word' id='word_1_77' title='bbox 1378 992 1475 1048; x_wconf 84' lang='lat'><strong>23.</strong></span> <span class='ocrx_word' id='word_1_78' title='bbox 1524 990 1698 1056; x_wconf 75' lang='lat' dir='ltr'><strong><em>Quod</em></strong></span> <span class='ocrx_word' id='word_1_79' title='bbox 1729 991 1799 1047; x_wconf 83' lang='lat' dir='ltr'><strong>de</strong></span> <span class='ocrx_word' id='word_1_80' title='bbox 1824 988 2136 1065; x_wconf 58' lang='lat' dir='ltr'><strong>Serapeum</strong></span> <span class='ocrx_word' id='word_1_81' title='bbox 2177 988 2571 1047; x_wconf 75' lang='lat' dir='ltr'><strong>authoritate-m</strong></span> <span class='ocrx_word' id='word_1_82' title='bbox 2609 1010 2723 1049; x_wconf 78' lang='lat' dir='ltr'><strong>non</strong></span> <span class='ocrx_word' id='word_1_83' title='bbox 2761 988 2939 1065; x_wconf 71' lang='lat' dir='ltr'><strong><em>habet,</em></strong></span> 
     </span>
     <span class='ocr_line' id='line_1_9' title="bbox 526 1068 2940 1145; baseline 0 -18"><span class='ocrx_word' id='word_1_84' title='bbox 526 1070 721 1127; x_wconf 74' lang='lat' dir='ltr'><strong><em>eadm</em></strong></span> <span class='ocrx_word' id='word_1_85' title='bbox 746 1068 1031 1141; x_wconf 77' lang='lat' dir='ltr'><em>facilitate</em></span> <span class='ocrx_word' id='word_1_86' title='bbox 1056 1070 1435 1144; x_wconf 70' lang='lat' dir='ltr'><strong><em>contemnitur,</em></strong></span> <span class='ocrx_word' id='word_1_87' title='bbox 1465 1088 1580 1143; x_wconf 80' lang='lat' dir='ltr'><strong>qua</strong></span> <span class='ocrx_word' id='word_1_88' title='bbox 1595 1070 1918 1144; x_wconf 55' lang='lat' dir='ltr'><strong>probatum</strong></span> <span class='ocrx_word' id='word_1_89' title='bbox 1963 1068 2122 1145; x_wconf 85' lang='lat' dir='ltr'>Aug.</span> <span class='ocrx_word' id='word_1_90' title='bbox 2153 1068 2226 1127; x_wconf 86' lang='lat' dir='ltr'><strong>de</strong></span> <span class='ocrx_word' id='word_1_91' title='bbox 2256 1068 2536 1127; x_wconf 77' lang='lat' dir='ltr'><strong>Doctrina</strong></span> <span class='ocrx_word' id='word_1_92' title='bbox 2563 1068 2794 1145; x_wconf 75' lang='lat' dir='ltr'><strong>Christi,</strong></span> <span class='ocrx_word' id='word_1_93' title='bbox 2837 1069 2940 1129; x_wconf 88' lang='lat' dir='ltr'><strong>lib.</strong></span> 
     </span>
     <span class='ocr_line' id='line_1_10' title="bbox 528 1148 2939 1225; baseline 0.001 -20"><span class='ocrx_word' id='word_1_94' title='bbox 528 1150 583 1222; x_wconf 80' lang='lat'><strong>2,</strong></span> <span class='ocrx_word' id='word_1_95' title='bbox 614 1167 663 1205; x_wconf 90' lang='lat' dir='ltr'><strong>c.</strong></span> <span class='ocrx_word' id='word_1_96' title='bbox 696 1148 791 1205; x_wconf 84' lang='lat'><strong>29.</strong></span> <span class='ocrx_word' id='word_1_97' title='bbox 820 1148 895 1204; x_wconf 87' lang='lat' dir='ltr'><strong>In</strong></span> <span class='ocrx_word' id='word_1_98' title='bbox 921 1149 1007 1205; x_wconf 71' lang='lat' dir='ltr'><strong>lais</strong></span> <span class='ocrx_word' id='word_1_99' title='bbox 1032 1168 1159 1223; x_wconf 66' lang='lat' dir='ltr'><strong><em>ques</em></strong></span> <span class='ocrx_word' id='word_1_100' title='bbox 1196 1157 1390 1224; x_wconf 72' lang='lat' dir='ltr'><strong><em>aperte</em></strong></span> <span class='ocrx_word' id='word_1_101' title='bbox 1422 1149 1615 1223; x_wconf 73' lang='lat' dir='ltr'><strong>posita</strong></span> <span class='ocrx_word' id='word_1_102' title='bbox 1638 1158 1768 1207; x_wconf 75' lang='lat' dir='ltr'><strong>sunt</strong></span> <span class='ocrx_word' id='word_1_103' title='bbox 1793 1149 1850 1207; x_wconf 87' lang='lat' dir='ltr'><strong>in</strong></span> <span class='ocrx_word' id='word_1_104' title='bbox 1871 1148 2204 1225; x_wconf 58' lang='lat' dir='ltr'><strong>Scripturas,</strong></span> <span class='ocrx_word' id='word_1_105' title='bbox 2241 1148 2596 1207; x_wconf 71' lang='lat' dir='ltr'><strong>inveniuntur</strong></span> <span class='ocrx_word' id='word_1_106' title='bbox 2623 1168 2692 1207; x_wconf 79' lang='lat' dir='ltr'><strong>ea</strong></span> <span class='ocrx_word' id='word_1_107' title='bbox 2733 1150 2939 1224; x_wconf 81' lang='lat' dir='ltr'><strong>omnia,</strong></span> 
     </span>
     <span class='ocr_line' id='line_1_11' title="bbox 526 1226 2940 1307; baseline 0.002 -25"><span class='ocrx_word' id='word_1_108' title='bbox 526 1245 653 1301; x_wconf 79' lang='lat' dir='ltr'><strong>quae</strong></span> <span class='ocrx_word' id='word_1_109' title='bbox 692 1226 969 1284; x_wconf 75' lang='lat' dir='ltr'><strong><em>continent</em></strong></span> <span class='ocrx_word' id='word_1_110' title='bbox 988 1229 1171 1304; x_wconf 84' lang='lat' dir='ltr'><strong><em>fidem</em></strong></span> <span class='ocrx_word' id='word_1_111' title='bbox 1211 1247 1499 1303; x_wconf 74' lang='lat' dir='ltr'><strong>moresque</strong></span> <span class='ocrx_word' id='word_1_112' title='bbox 1550 1227 1774 1287; x_wconf 81' lang='lat' dir='ltr'><strong><em>vivendi</em></strong></span> <span class='ocrx_word' id='word_1_113' title='bbox 1788 1252 1814 1301; x_wconf 89' lang='lat'><em>;</em></span> <span class='ocrx_word' id='word_1_114' title='bbox 1859 1228 2116 1287; x_wconf 77' lang='lat' dir='ltr'>Basilius</span> <span class='ocrx_word' id='word_1_115' title='bbox 2155 1247 2325 1289; x_wconf 82' lang='lat' dir='ltr'><strong>serm.</strong></span> <span class='ocrx_word' id='word_1_116' title='bbox 2370 1227 2443 1287; x_wconf 87' lang='lat' dir='ltr'><strong>de</strong></span> <span class='ocrx_word' id='word_1_117' title='bbox 2487 1227 2652 1287; x_wconf 85' lang='lat' dir='ltr'><strong>Fide.</strong></span> <span class='ocrx_word' id='word_1_118' title='bbox 2694 1229 2940 1307; x_wconf 73' lang='lat' dir='ltr'><strong><em>Ivfideli-</em></strong></span> 
     </span>
     <span class='ocr_line' id='line_1_12' title="bbox 464 1307 2942 1385; baseline 0.001 -20"><span class='ocrx_word' id='word_1_119' title='bbox 464 1330 475 1343; x_wconf 90' lang='lat'><strong>·</strong></span> <span class='ocrx_word' id='word_1_120' title='bbox 524 1307 653 1365; x_wconf 59' lang='lat' dir='ltr'><strong>tatis</strong></span> <span class='ocrx_word' id='word_1_121' title='bbox 706 1315 1096 1381; x_wconf 70' lang='lat' dir='ltr'><strong>arqumentum</strong></span> <span class='ocrx_word' id='word_1_122' title='bbox 1134 1316 1228 1382; x_wconf 74' lang='lat' dir='ltr'><strong><em>est,</em></strong></span> <span class='ocrx_word' id='word_1_123' title='bbox 1270 1316 1324 1365; x_wconf 77' lang='lat' dir='ltr'><strong><em>et</em></strong></span> <span class='ocrx_word' id='word_1_124' title='bbox 1362 1308 1581 1384; x_wconf 64' lang='lat' dir='ltr'><strong>signum</strong></span> <span class='ocrx_word' id='word_1_125' title='bbox 1618 1308 1906 1384; x_wconf 66' lang='lat' dir='ltr'><strong>super-him,</strong></span> <span class='ocrx_word' id='word_1_126' title='bbox 1956 1309 2176 1385; x_wconf 74' lang='lat' dir='ltr'><strong>aliquid</strong></span> <span class='ocrx_word' id='word_1_127' title='bbox 2211 1311 2299 1367; x_wconf 73' lang='lat' dir='ltr'><strong><em>vel</em></strong></span> <span class='ocrx_word' id='word_1_128' title='bbox 2336 1328 2528 1367; x_wconf 76' lang='lat' dir='ltr'><strong>eorum</strong></span> <span class='ocrx_word' id='word_1_129' title='bbox 2568 1327 2694 1383; x_wconf 78' lang='lat' dir='ltr'><strong>quoe</strong></span> <span class='ocrx_word' id='word_1_130' title='bbox 2731 1309 2942 1384; x_wconf 58' lang='lat' dir='ltr'><strong>scripta</strong></span> 
     </span>
    </p>
   </div>
   <div class='ocr_carea' id='block_1_3' title="bbox 522 1384 3082 1480">
    <p class='ocr_par' dir='ltr' id='par_1_4' title="bbox 522 1384 3082 1480">
     <span class='ocr_line' id='line_1_13' title="bbox 522 1384 3082 1480; baseline 0.003 -37"><span class='ocrx_word' id='word_1_131' title='bbox 522 1394 652 1443; x_wconf 77' lang='lat' dir='ltr'><strong>sunt</strong></span> <span class='ocrx_word' id='word_1_132' title='bbox 690 1384 996 1463; x_wconf 73' lang='lat' dir='ltr'><strong>infirmare,</strong></span> <span class='ocrx_word' id='word_1_133' title='bbox 1026 1396 1128 1445; x_wconf 78' lang='lat' dir='ltr'><strong>aut</strong></span> <span class='ocrx_word' id='word_1_134' title='bbox 1168 1406 1362 1446; x_wconf 66' lang='lat' dir='ltr'><strong>eornm</strong></span> <span class='ocrx_word' id='word_1_135' title='bbox 1401 1407 1527 1464; x_wconf 76' lang='lat' dir='ltr'><strong>quoe</strong></span> <span class='ocrx_word' id='word_1_136' title='bbox 1564 1408 1679 1447; x_wconf 81' lang='lat' dir='ltr'><strong>non</strong></span> <span class='ocrx_word' id='word_1_137' title='bbox 1716 1389 1930 1464; x_wconf 53' lang='lat' dir='ltr'><strong>scripta</strong></span> <span class='ocrx_word' id='word_1_138' title='bbox 1967 1397 2097 1448; x_wconf 75' lang='lat' dir='ltr'><strong>sunt</strong></span> <span class='ocrx_word' id='word_1_139' title='bbox 2133 1389 2500 1463; x_wconf 75' lang='lat' dir='ltr'><strong><em>introducere,</em></strong></span> <span class='ocrx_word' id='word_1_140' title='bbox 2541 1384 2650 1447; x_wconf 69' lang='lat' dir='ltr'><strong>Sec.</strong></span> <span class='ocrx_word' id='word_1_141' title='bbox 2735 1388 2940 1480; x_wconf 65' lang='lat' dir='ltr'><strong><em>Irenae.</em></strong></span> <span class='ocrx_word' id='word_1_142' title='bbox 3067 1438 3082 1451; x_wconf 91' lang='lat'><strong>.</strong></span> 
     </span>
    </p>
   </div>
   <div class='ocr_carea' id='block_1_4' title="bbox 522 1463 2944 2503">
    <p class='ocr_par' dir='ltr' id='par_1_5' title="bbox 522 1463 2944 2503">
     <span class='ocr_line' id='line_1_14' title="bbox 524 1463 2938 1545; baseline 0.001 -23"><span class='ocrx_word' id='word_1_143' title='bbox 524 1463 657 1524; x_wconf 82' lang='lat' dir='ltr'><strong>adv.</strong></span> <span class='ocrx_word' id='word_1_144' title='bbox 686 1464 825 1523; x_wconf 77' lang='lat' dir='ltr'><strong>beer.</strong></span> <span class='ocrx_word' id='word_1_145' title='bbox 854 1464 958 1525; x_wconf 90' lang='lat' dir='ltr'><strong>lib.</strong></span> <span class='ocrx_word' id='word_1_146' title='bbox 988 1468 1044 1542; x_wconf 84' lang='lat'><strong>3,</strong></span> <span class='ocrx_word' id='word_1_147' title='bbox 1076 1487 1127 1527; x_wconf 89' lang='lat' dir='ltr'><strong>c.</strong></span> <span class='ocrx_word' id='word_1_148' title='bbox 1160 1469 1212 1543; x_wconf 90' lang='lat'><strong>1,</strong></span> <span class='ocrx_word' id='word_1_149' title='bbox 1242 1488 1355 1525; x_wconf 85' lang='lat' dir='ltr'><strong>non</strong></span> <span class='ocrx_word' id='word_1_150' title='bbox 1373 1486 1486 1543; x_wconf 79' lang='lat' dir='ltr'><strong>per</strong></span> <span class='ocrx_word' id='word_1_151' title='bbox 1510 1468 1654 1527; x_wconf 78' lang='lat' dir='ltr'><strong><em>alios</em></strong></span> <span class='ocrx_word' id='word_1_152' title='bbox 1681 1468 2090 1544; x_wconf 70' lang='lat' dir='ltr'><strong>dis-positionem</strong></span> <span class='ocrx_word' id='word_1_153' title='bbox 2119 1468 2316 1528; x_wconf 63' lang='lat' dir='ltr'><strong>salutis</strong></span> <span class='ocrx_word' id='word_1_154' title='bbox 2341 1477 2548 1527; x_wconf 74' lang='lat' dir='ltr'><strong>noetroe</strong></span> <span class='ocrx_word' id='word_1_155' title='bbox 2574 1487 2938 1545; x_wconf 72' lang='lat' dir='ltr'><strong><em>coqnovtmue,</em></strong></span> 
     </span>
     <span class='ocr_line' id='line_1_15' title="bbox 524 1546 2938 1624; baseline 0.001 -22"><span class='ocrx_word' id='word_1_156' title='bbox 524 1563 694 1620; x_wconf 78' lang='lat' dir='ltr'><strong>quam</strong></span> <span class='ocrx_word' id='word_1_157' title='bbox 711 1564 825 1621; x_wconf 82' lang='lat' dir='ltr'><strong>per</strong></span> <span class='ocrx_word' id='word_1_158' title='bbox 850 1564 942 1603; x_wconf 82' lang='lat' dir='ltr'><strong>eos</strong></span> <span class='ocrx_word' id='word_1_159' title='bbox 958 1566 1073 1623; x_wconf 83' lang='lat' dir='ltr'><strong>per</strong></span> <span class='ocrx_word' id='word_1_160' title='bbox 1099 1566 1236 1623; x_wconf 69' lang='lat' dir='ltr'><strong><em>qnos</em></strong></span> <span class='ocrx_word' id='word_1_161' title='bbox 1275 1548 1649 1623; x_wconf 67' lang='lat' dir='ltr'><strong><em>Evanyelium</em></strong></span> <span class='ocrx_word' id='word_1_162' title='bbox 1667 1549 1925 1623; x_wconf 80' lang='lat' dir='ltr'><strong>pervenit</strong></span> <span class='ocrx_word' id='word_1_163' title='bbox 1949 1551 2034 1607; x_wconf 78' lang='lat' dir='ltr'><strong>ad</strong></span> <span class='ocrx_word' id='word_1_164' title='bbox 2053 1568 2171 1622; x_wconf 74' lang='lat' dir='ltr'><strong><em>nos,</em></strong></span> <span class='ocrx_word' id='word_1_165' title='bbox 2203 1549 2356 1624; x_wconf 68' lang='lat' dir='ltr'><strong><em>quod</em></strong></span> <span class='ocrx_word' id='word_1_166' title='bbox 2379 1546 2602 1623; x_wconf 77' lang='lat' dir='ltr'><strong>quidem</strong></span> <span class='ocrx_word' id='word_1_167' title='bbox 2619 1548 2938 1623; x_wconf 80' lang='lat' dir='ltr'><strong><em>praeeonia-</em></strong></span> 
     </span>
     <span class='ocr_line' id='line_1_16' title="bbox 524 1628 2939 1705; baseline 0.002 -22"><span class='ocrx_word' id='word_1_168' title='bbox 524 1633 738 1699; x_wconf 77' lang='lat' dir='ltr'><strong>verunt,</strong></span> <span class='ocrx_word' id='word_1_169' title='bbox 778 1634 975 1700; x_wconf 69' lang='lat' dir='ltr'><strong>postea</strong></span> <span class='ocrx_word' id='word_1_170' title='bbox 1012 1646 1145 1686; x_wconf 83' lang='lat' dir='ltr'><strong><em>vero</em></strong></span> <span class='ocrx_word' id='word_1_171' title='bbox 1175 1646 1290 1703; x_wconf 77' lang='lat' dir='ltr'><strong>per</strong></span> <span class='ocrx_word' id='word_1_172' title='bbox 1316 1628 1436 1685; x_wconf 81' lang='lat' dir='ltr'><strong>Dei</strong></span> <span class='ocrx_word' id='word_1_173' title='bbox 1454 1630 1792 1687; x_wconf 69' lang='lat' dir='ltr'><strong>voluntatem</strong></span> <span class='ocrx_word' id='word_1_174' title='bbox 1818 1629 1878 1687; x_wconf 87' lang='lat' dir='ltr'><strong>in</strong></span> <span class='ocrx_word' id='word_1_175' title='bbox 1903 1628 2214 1705; x_wconf 69' lang='lat' dir='ltr'><strong>scripturis</strong></span> <span class='ocrx_word' id='word_1_176' title='bbox 2251 1628 2406 1694; x_wconf 69' lang='lat' dir='ltr'><strong><em>nobis</em></strong></span> <span class='ocrx_word' id='word_1_177' title='bbox 2447 1628 2820 1703; x_wconf 74' lang='lat' dir='ltr'><strong>tradiderunt,</strong></span> <span class='ocrx_word' id='word_1_178' title='bbox 2849 1648 2939 1687; x_wconf 83' lang='lat' dir='ltr'><strong>eo·</strong></span> 
     </span>
     <span class='ocr_line' id='line_1_17' title="bbox 527 1704 1980 1785; baseline 0.003 -24"><span class='ocrx_word' id='word_1_179' title='bbox 527 1704 775 1763; x_wconf 70' lang='lat' dir='ltr'><strong>lamam</strong></span> <span class='ocrx_word' id='word_1_180' title='bbox 800 1713 855 1763; x_wconf 79' lang='lat' dir='ltr'><strong><em>et</em></strong></span> <span class='ocrx_word' id='word_1_181' title='bbox 861 1708 1301 1779; x_wconf 72' lang='lat' dir='ltr'><strong>fundamentum</strong></span> <span class='ocrx_word' id='word_1_182' title='bbox 1309 1707 1460 1785; x_wconf 79' lang='lat' dir='ltr'><strong><em>fidei</em></strong></span> <span class='ocrx_word' id='word_1_183' title='bbox 1480 1710 1980 1782; x_wconf 69' lang='lat' dir='ltr'><strong>nostr-oeficturum.</strong></span> 
     </span>
     <span class='ocr_line' id='line_1_18' title="bbox 906 1786 2942 1867; baseline 0 -23"><span class='ocrx_word' id='word_1_184' title='bbox 906 1842 921 1855; x_wconf 82' lang='grc'>,</span> <span class='ocrx_word' id='word_1_185' title='bbox 1127 1786 1317 1845; x_wconf 88' lang='lat' dir='ltr'>XXI.</span> <span class='ocrx_word' id='word_1_186' title='bbox 1363 1787 1529 1847; x_wconf 82' lang='lat' dir='ltr'><strong><em>Licet</em></strong></span> <span class='ocrx_word' id='word_1_187' title='bbox 1576 1788 1770 1846; x_wconf 76' lang='lat' dir='ltr'><strong>omnia</strong></span> <span class='ocrx_word' id='word_1_188' title='bbox 1811 1786 1928 1847; x_wconf 81' lang='lat' dir='ltr'><strong>non</strong></span> <span class='ocrx_word' id='word_1_189' title='bbox 1973 1788 2089 1847; x_wconf 83' lang='lat' dir='ltr'><strong>sint</strong></span> <span class='ocrx_word' id='word_1_190' title='bbox 2133 1786 2346 1865; x_wconf 79' lang='lat' dir='ltr'><strong>scripta</strong></span> <span class='ocrx_word' id='word_1_191' title='bbox 2387 1812 2530 1847; x_wconf 68' lang='lat' dir='ltr'><strong>ma</strong></span> <span class='ocrx_word' id='word_1_192' title='bbox 2567 1787 2707 1867; x_wconf 65' lang='grc' dir='ltr'><strong>ρξςος</strong></span> <span class='ocrx_word' id='word_1_193' title='bbox 2749 1787 2942 1864; x_wconf 74' lang='lat' dir='ltr'><strong>quoad</strong></span> 
     </span>
     <span class='ocr_line' id='line_1_19' title="bbox 558 1838 2942 1946; baseline 0.001 -21"><span class='ocrx_word' id='word_1_194' title='bbox 558 1838 972 1946; x_wconf 51' lang='lat' dir='ltr'><strong>Fontgsugcluno-</strong></span> <span class='ocrx_word' id='word_1_195' title='bbox 1044 1866 1201 1926; x_wconf 83' lang='lat' dir='ltr'><strong>dicta</strong></span> <span class='ocrx_word' id='word_1_196' title='bbox 1226 1874 1285 1925; x_wconf 85' lang='lat' dir='ltr'><strong>et</strong></span> <span class='ocrx_word' id='word_1_197' title='bbox 1324 1866 1477 1925; x_wconf 74' lang='lat' dir='ltr'><strong>fecta</strong></span> <span class='ocrx_word' id='word_1_198' title='bbox 1518 1867 1764 1944; x_wconf 83' lang='lat' dir='ltr'><strong>singula,</strong></span> <span class='ocrx_word' id='word_1_199' title='bbox 1812 1888 1944 1927; x_wconf 90' lang='lat' dir='ltr'><strong>cum</strong></span> <span class='ocrx_word' id='word_1_200' title='bbox 1985 1867 2364 1945; x_wconf 78' lang='lat' dir='ltr'><strong>singularium</strong></span> <span class='ocrx_word' id='word_1_201' title='bbox 2409 1888 2516 1927; x_wconf 91' lang='lat' dir='ltr'><strong>nec</strong></span> <span class='ocrx_word' id='word_1_202' title='bbox 2551 1884 2825 1927; x_wconf 86' lang='lat' dir='ltr'><strong>numerus</strong></span> <span class='ocrx_word' id='word_1_203' title='bbox 2865 1867 2942 1927; x_wconf 82' lang='lat' dir='ltr'><strong>sit</strong></span> 
     </span>
     <span class='ocr_line' id='line_1_20' title="bbox 1044 1945 2942 2025; baseline 0.001 -21"><span class='ocrx_word' id='word_1_204' title='bbox 1044 1966 1153 2005; x_wconf 89' lang='lat' dir='ltr'><strong>nec</strong></span> <span class='ocrx_word' id='word_1_205' title='bbox 1180 1946 1439 2021; x_wconf 85' lang='lat' dir='ltr'><strong>seientia,</strong></span> <span class='ocrx_word' id='word_1_206' title='bbox 1470 1945 1542 2005; x_wconf 91' lang='lat' dir='ltr'><strong>de</strong></span> <span class='ocrx_word' id='word_1_207' title='bbox 1570 1947 1784 2023; x_wconf 85' lang='lat' dir='ltr'><strong>quibus</strong></span> <span class='ocrx_word' id='word_1_208' title='bbox 1823 1948 2016 2025; x_wconf 81' lang='lat' dir='ltr'><strong>agitur</strong></span> <span class='ocrx_word' id='word_1_209' title='bbox 2061 1947 2204 2007; x_wconf 83' lang='lat' dir='ltr'><strong>Joh.</strong></span> <span class='ocrx_word' id='word_1_210' title='bbox 2246 1967 2351 2006; x_wconf 83' lang='lat' dir='ltr'><strong>xx.</strong></span> <span class='ocrx_word' id='word_1_211' title='bbox 2383 1949 2478 2023; x_wconf 86' lang='lat'><strong>30,</strong></span> <span class='ocrx_word' id='word_1_212' title='bbox 2509 1948 2723 2023; x_wconf 84' lang='lat' dir='ltr'><strong>scripta</strong></span> <span class='ocrx_word' id='word_1_213' title='bbox 2749 1954 2942 2007; x_wconf 81' lang='lat' dir='ltr'><strong>tamen</strong></span> 
     </span>
     <span class='ocr_line' id='line_1_21' title="bbox 525 2024 2944 2103; baseline 0.001 -20"><span class='ocrx_word' id='word_1_214' title='bbox 525 2033 661 2085; x_wconf 86' lang='lat' dir='ltr'><strong>sunt</strong></span> <span class='ocrx_word' id='word_1_215' title='bbox 686 2025 802 2084; x_wconf 67' lang='lat' dir='ltr'><strong>naa-⁹</strong></span> <span class='ocrx_word' id='word_1_216' title='bbox 827 2024 951 2091; x_wconf 56' lang='lat' dir='ltr'><strong>a..</strong></span> <span class='ocrx_word' id='word_1_217' title='bbox 978 2024 1169 2103; x_wconf 83' lang='lat' dir='ltr'><strong>quoad</strong></span> <span class='ocrx_word' id='word_1_218' title='bbox 1196 2024 1381 2102; x_wconf 83' lang='lat' dir='ltr'><strong>ipsam</strong></span> <span class='ocrx_word' id='word_1_219' title='bbox 1408 2026 1686 2086; x_wconf 73' lang='lat' dir='ltr'><strong>doctrinae</strong></span> <span class='ocrx_word' id='word_1_220' title='bbox 1711 2028 2050 2087; x_wconf 73' lang='lat' dir='ltr'><strong>necessariae</strong></span> <span class='ocrx_word' id='word_1_221' title='bbox 2089 2026 2488 2087; x_wconf 74' lang='lat' dir='ltr'><strong>substantiam.</strong></span> <span class='ocrx_word' id='word_1_222' title='bbox 2572 2025 2745 2086; x_wconf 85' lang='lat' dir='ltr'><strong><em>Unde</em></strong></span> <span class='ocrx_word' id='word_1_223' title='bbox 2785 2024 2944 2085; x_wconf 84' lang='lat' dir='ltr'><strong>aliud</strong></span> 
     </span>
     <span class='ocr_line' id='line_1_22' title="bbox 522 2104 2940 2185; baseline -0 -21"><span class='ocrx_word' id='word_1_224' title='bbox 522 2112 615 2164; x_wconf 84' lang='lat' dir='ltr'><strong>est</strong></span> <span class='ocrx_word' id='word_1_225' title='bbox 641 2104 823 2165; x_wconf 76' lang='lat' dir='ltr'><strong>multa</strong></span> <span class='ocrx_word' id='word_1_226' title='bbox 849 2126 885 2164; x_wconf 85' lang='lat' dir='ltr'><strong>a</strong></span> <span class='ocrx_word' id='word_1_227' title='bbox 914 2106 1143 2165; x_wconf 86' lang='lat' dir='ltr'><strong>Christo</strong></span> <span class='ocrx_word' id='word_1_228' title='bbox 1172 2114 1231 2165; x_wconf 86' lang='lat' dir='ltr'><strong><em>et</em></strong></span> <span class='ocrx_word' id='word_1_229' title='bbox 1259 2105 1562 2184; x_wconf 85' lang='lat' dir='ltr'><strong>Apostolis</strong></span> <span class='ocrx_word' id='word_1_230' title='bbox 1590 2105 1747 2166; x_wconf 84' lang='lat' dir='ltr'><strong>dicta</strong></span> <span class='ocrx_word' id='word_1_231' title='bbox 1773 2116 1834 2167; x_wconf 82' lang='lat' dir='ltr'><strong><em>et</em></strong></span> <span class='ocrx_word' id='word_1_232' title='bbox 1860 2108 2012 2167; x_wconf 74' lang='lat' dir='ltr'><strong>facta</strong></span> <span class='ocrx_word' id='word_1_233' title='bbox 2037 2106 2097 2165; x_wconf 88' lang='lat' dir='ltr'><strong>in</strong></span> <span class='ocrx_word' id='word_1_234' title='bbox 2143 2107 2454 2185; x_wconf 85' lang='lat' dir='ltr'><strong>Scripturis</strong></span> <span class='ocrx_word' id='word_1_235' title='bbox 2481 2126 2598 2165; x_wconf 86' lang='lat' dir='ltr'><strong>non</strong></span> <span class='ocrx_word' id='word_1_236' title='bbox 2627 2106 2940 2182; x_wconf 86' lang='lat' dir='ltr'><strong>contineri;</strong></span> 
     </span>
     <span class='ocr_line' id='line_1_23' title="bbox 523 2184 2940 2264; baseline 0.001 -22"><span class='ocrx_word' id='word_1_237' title='bbox 523 2184 683 2261; x_wconf 89' lang='lat' dir='ltr'><strong>quod</strong></span> <span class='ocrx_word' id='word_1_238' title='bbox 710 2185 1115 2261; x_wconf 86' lang='lat' dir='ltr'><strong>concedimus;</strong></span> <span class='ocrx_word' id='word_1_239' title='bbox 1162 2184 1347 2243; x_wconf 90' lang='lat' dir='ltr'><strong>Aliud</strong></span> <span class='ocrx_word' id='word_1_240' title='bbox 1374 2186 1515 2245; x_wconf 80' lang='lat' dir='ltr'><strong>talia</strong></span> <span class='ocrx_word' id='word_1_241' title='bbox 1541 2186 1698 2245; x_wconf 86' lang='lat' dir='ltr'><strong>dicta</strong></span> <span class='ocrx_word' id='word_1_242' title='bbox 1725 2196 1784 2247; x_wconf 91' lang='lat' dir='ltr'><strong>et</strong></span> <span class='ocrx_word' id='word_1_243' title='bbox 1823 2187 1975 2247; x_wconf 79' lang='lat' dir='ltr'><strong>facte.</strong></span> <span class='ocrx_word' id='word_1_244' title='bbox 2015 2186 2248 2246; x_wconf 81' lang='lat' dir='ltr'><strong>diversa</strong></span> <span class='ocrx_word' id='word_1_245' title='bbox 2275 2206 2402 2246; x_wconf 85' lang='lat' dir='ltr'><strong><em>esse</em></strong></span> <span class='ocrx_word' id='word_1_246' title='bbox 2442 2186 2636 2264; x_wconf 84' lang='lat' dir='ltr'><strong>quoad</strong></span> <span class='ocrx_word' id='word_1_247' title='bbox 2677 2187 2940 2246; x_wconf 81' lang='lat' dir='ltr'><strong>substan·</strong></span> 
     </span>
     <span class='ocr_line' id='line_1_24' title="bbox 522 2264 2112 2344; baseline 0.003 -22"><span class='ocrx_word' id='word_1_248' title='bbox 522 2264 663 2323; x_wconf 80' lang='lat' dir='ltr'><strong>tiam</strong></span> <span class='ocrx_word' id='word_1_249' title='bbox 690 2266 764 2323; x_wconf 88' lang='lat' dir='ltr'><strong>ab</strong></span> <span class='ocrx_word' id='word_1_250' title='bbox 792 2265 865 2323; x_wconf 87' lang='lat' dir='ltr'><strong>iis</strong></span> <span class='ocrx_word' id='word_1_251' title='bbox 892 2285 1022 2342; x_wconf 82' lang='lat' dir='ltr'><strong>quae</strong></span> <span class='ocrx_word' id='word_1_252' title='bbox 1050 2264 1389 2343; x_wconf 82' lang='lat' dir='ltr'><strong>consignata</strong></span> <span class='ocrx_word' id='word_1_253' title='bbox 1416 2273 1584 2343; x_wconf 85' lang='lat' dir='ltr'><strong>sunt;</strong></span> <span class='ocrx_word' id='word_1_254' title='bbox 1628 2266 1786 2343; x_wconf 91' lang='lat' dir='ltr'><strong>quod</strong></span> <span class='ocrx_word' id='word_1_255' title='bbox 1812 2286 2112 2344; x_wconf 84' lang='lat' dir='ltr'><strong>negamus.</strong></span> 
     </span>
     <span class='ocr_line' id='line_1_25' title="bbox 603 2343 2942 2423; baseline 0.001 -21"><span class='ocrx_word' id='word_1_256' title='bbox 603 2343 831 2403; x_wconf 89' lang='lat' dir='ltr'>XXII.</span> <span class='ocrx_word' id='word_1_257' title='bbox 876 2345 1247 2421; x_wconf 70' lang='lat' dir='ltr'><strong><em>Quaecunque</em></strong></span> <span class='ocrx_word' id='word_1_258' title='bbox 1290 2344 1581 2405; x_wconf 85' lang='lat' dir='ltr'><strong>Pontificii</strong></span> <span class='ocrx_word' id='word_1_259' title='bbox 1608 2346 1934 2407; x_wconf 86' lang='lat' dir='ltr'><strong>obtendunt</strong></span> <span class='ocrx_word' id='word_1_260' title='bbox 1971 2345 2302 2423; x_wconf 86' lang='lat' dir='ltr'><strong>recipienda</strong></span> <span class='ocrx_word' id='word_1_261' title='bbox 2341 2354 2509 2405; x_wconf 73' lang='lat' dir='ltr'><strong><em>exn-a</em></strong></span> <span class='ocrx_word' id='word_1_262' title='bbox 2552 2345 2942 2422; x_wconf 79' lang='lat' dir='ltr'><strong>scripturam:</strong></span> 
     </span>
     <span class='ocr_line' id='line_1_26' title="bbox 524 2423 2942 2503; baseline 0.001 -21"><span class='ocrx_word' id='word_1_263' title='bbox 524 2423 639 2483; x_wconf 87' lang='lat' dir='ltr'><strong><em>Vel</em></strong></span> <span class='ocrx_word' id='word_1_264' title='bbox 665 2444 868 2484; x_wconf 82' lang='lat' dir='ltr'><strong><em>revera</em></strong></span> <span class='ocrx_word' id='word_1_265' title='bbox 896 2434 1093 2484; x_wconf 77' lang='lat' dir='ltr'><strong>eaetant</strong></span> <span class='ocrx_word' id='word_1_266' title='bbox 1117 2426 1177 2483; x_wconf 82' lang='lat' dir='ltr'><strong>in</strong></span> <span class='ocrx_word' id='word_1_267' title='bbox 1202 2424 1523 2501; x_wconf 79' lang='lat' dir='ltr'><strong><em>Scriptura,</em></strong></span> <span class='ocrx_word' id='word_1_268' title='bbox 1554 2433 1621 2485; x_wconf 85' lang='lat' dir='ltr'><strong>ut</strong></span> <span class='ocrx_word' id='word_1_269' title='bbox 1647 2426 1902 2485; x_wconf 89' lang='lat' dir='ltr'><strong>Trinitas</strong></span> <span class='ocrx_word' id='word_1_270' title='bbox 1931 2426 2134 2485; x_wconf 88' lang='lat' dir='ltr'><strong>saltem</strong></span> <span class='ocrx_word' id='word_1_271' title='bbox 2157 2425 2350 2502; x_wconf 75' lang='lat' dir='ltr'><strong>quoad</strong></span> <span class='ocrx_word' id='word_1_272' title='bbox 2377 2445 2516 2501; x_wconf 85' lang='lat' dir='ltr'><strong>rem,</strong></span> <span class='ocrx_word' id='word_1_273' title='bbox 2549 2424 2942 2503; x_wconf 76' lang='lat' dir='ltr'><strong>Paedobaptis-</strong></span> 
     </span>
    </p>
   </div>
   <div class='ocr_carea' id='block_1_5' title="bbox 522 2504 3054 2597">
    <p class='ocr_par' dir='ltr' id='par_1_6' title="bbox 522 2504 3054 2597">
     <span class='ocr_line' id='line_1_27' title="bbox 522 2504 3054 2597; baseline 0.001 -36"><span class='ocrx_word' id='word_1_274' title='bbox 522 2522 670 2579; x_wconf 87' lang='lat' dir='ltr'><strong>mus,</strong></span> <span class='ocrx_word' id='word_1_275' title='bbox 700 2524 873 2581; x_wconf 88' lang='lat' dir='ltr'><strong>quem</strong></span> <span class='ocrx_word' id='word_1_276' title='bbox 904 2504 1053 2563; x_wconf 84' lang='lat' dir='ltr'><strong>Bell.</strong></span> <span class='ocrx_word' id='word_1_277' title='bbox 1082 2504 1214 2563; x_wconf 84' lang='lat' dir='ltr'><strong>libr.</strong></span> <span class='ocrx_word' id='word_1_278' title='bbox 1244 2504 1317 2563; x_wconf 91' lang='lat' dir='ltr'><strong>de</strong></span> <span class='ocrx_word' id='word_1_279' title='bbox 1347 2505 1518 2583; x_wconf 85' lang='lat' dir='ltr'><strong>Bapt.</strong></span> <span class='ocrx_word' id='word_1_280' title='bbox 1548 2526 1674 2583; x_wconf 83' lang='lat' dir='ltr'><strong>cap.</strong></span> <span class='ocrx_word' id='word_1_281' title='bbox 1706 2508 1761 2581; x_wconf 89' lang='lat'><strong>8,</strong></span> <span class='ocrx_word' id='word_1_282' title='bbox 1793 2504 2000 2583; x_wconf 86' lang='lat' dir='ltr'><strong>probat</strong></span> <span class='ocrx_word' id='word_1_283' title='bbox 2027 2526 2102 2565; x_wconf 82' lang='lat' dir='ltr'><strong><em>ex</em></strong></span> <span class='ocrx_word' id='word_1_284' title='bbox 2134 2506 2444 2583; x_wconf 78' lang='lat' dir='ltr'><strong>Scriptura,</strong></span> <span class='ocrx_word' id='word_1_285' title='bbox 2477 2504 2944 2597; x_wconf 64' lang='lat' dir='ltr'><strong>Irreiterabilims</strong></span> <span class='ocrx_word' id='word_1_286' title='bbox 3043 2568 3054 2576; x_wconf 50' lang='grc'><strong>,</strong></span> 
     </span>
    </p>
   </div>
   <div class='ocr_carea' id='block_1_6' title="bbox 514 2582 2949 4812">
    <p class='ocr_par' dir='ltr' id='par_1_7' title="bbox 522 2582 2947 3139">
     <span class='ocr_line' id='line_1_28' title="bbox 524 2582 2944 2662; baseline 0.001 -21"><span class='ocrx_word' id='word_1_287' title='bbox 524 2582 827 2661; x_wconf 68' lang='grc' dir='ltr'><strong>Βαρῐὶεηιί,</strong></span> <span class='ocrx_word' id='word_1_288' title='bbox 860 2583 1149 2646; x_wconf 80' lang='lat' dir='ltr'><strong><em>Numerus</em></strong></span> <span class='ocrx_word' id='word_1_289' title='bbox 1180 2583 1680 2644; x_wconf 85' lang='lat' dir='ltr'><strong>Sacramentorum</strong></span> <span class='ocrx_word' id='word_1_290' title='bbox 1709 2585 1913 2644; x_wconf 81' lang='lat' dir='ltr'><strong>saltem</strong></span> <span class='ocrx_word' id='word_1_291' title='bbox 1941 2594 2290 2662; x_wconf 84' lang='lat' dir='ltr'><strong>numeratus,</strong></span> <span class='ocrx_word' id='word_1_292' title='bbox 2313 2585 2702 2645; x_wconf 83' lang='lat' dir='ltr'><strong>Foemmarum</strong></span> <span class='ocrx_word' id='word_1_293' title='bbox 2729 2584 2944 2644; x_wconf 83' lang='lat' dir='ltr'><strong>admis-</strong></span> 
     </span>
     <span class='ocr_line' id='line_1_29' title="bbox 524 2662 2941 2742; baseline 0 -20"><span class='ocrx_word' id='word_1_294' title='bbox 524 2662 613 2722; x_wconf 82' lang='lat' dir='ltr'><strong>sio</strong></span> <span class='ocrx_word' id='word_1_295' title='bbox 640 2662 716 2721; x_wconf 84' lang='lat' dir='ltr'><strong>ad</strong></span> <span class='ocrx_word' id='word_1_296' title='bbox 758 2664 818 2724; x_wconf 90' lang='lat' dir='ltr'><strong>S.</strong></span> <span class='ocrx_word' id='word_1_297' title='bbox 850 2663 1119 2740; x_wconf 76' lang='lat' dir='ltr'><strong>synaxim</strong></span> <span class='ocrx_word' id='word_1_298' title='bbox 1146 2683 1223 2722; x_wconf 82' lang='lat' dir='ltr'><strong>ex</strong></span> <span class='ocrx_word' id='word_1_299' title='bbox 1252 2662 1389 2724; x_wconf 85' lang='lat' dir='ltr'><strong>Act.</strong></span> <span class='ocrx_word' id='word_1_300' title='bbox 1418 2664 1477 2723; x_wconf 90' lang='lat' dir='ltr'><strong>ii.</strong></span> <span class='ocrx_word' id='word_1_301' title='bbox 1508 2668 1605 2742; x_wconf 81' lang='lat'><strong>42,</strong></span> <span class='ocrx_word' id='word_1_302' title='bbox 1642 2669 1672 2723; x_wconf 91' lang='lat'>1</span> <span class='ocrx_word' id='word_1_303' title='bbox 1706 2665 1963 2725; x_wconf 85' lang='lat' dir='ltr'><strong>Corinth.</strong></span> <span class='ocrx_word' id='word_1_304' title='bbox 1993 2667 2076 2726; x_wconf 83' lang='lat' dir='ltr'><strong>xi.</strong></span> <span class='ocrx_word' id='word_1_305' title='bbox 2105 2668 2142 2724; x_wconf 87' lang='grc'><strong><em>5</em></strong></span> <span class='ocrx_word' id='word_1_306' title='bbox 2167 2689 2182 2741; x_wconf 80' lang='lat'>3</span> <span class='ocrx_word' id='word_1_307' title='bbox 2232 2665 2512 2726; x_wconf 85' lang='lat' dir='ltr'><strong>Sabbathi</strong></span> <span class='ocrx_word' id='word_1_308' title='bbox 2551 2665 2612 2724; x_wconf 87' lang='lat' dir='ltr'><strong>in</strong></span> <span class='ocrx_word' id='word_1_309' title='bbox 2639 2664 2792 2724; x_wconf 87' lang='lat' dir='ltr'><strong>diem</strong></span> <span class='ocrx_word' id='word_1_310' title='bbox 2821 2664 2941 2723; x_wconf 91' lang='lat' dir='ltr'><strong><em>Do-</em></strong></span> 
     </span>
     <span class='ocr_line' id='line_1_30' title="bbox 523 2741 2946 2822; baseline 0.002 -22"><span class='ocrx_word' id='word_1_311' title='bbox 523 2741 797 2802; x_wconf 89' lang='lat' dir='ltr'><strong>minicum</strong></span> <span class='ocrx_word' id='word_1_312' title='bbox 826 2742 1127 2804; x_wconf 74' lang='lat' dir='ltr'><strong>translatio</strong></span> <span class='ocrx_word' id='word_1_313' title='bbox 1170 2743 1357 2821; x_wconf 87' lang='lat' dir='ltr'><strong><em>Apoe.</em></strong></span> <span class='ocrx_word' id='word_1_314' title='bbox 1386 2743 1425 2803; x_wconf 89' lang='lat' dir='ltr'><strong>i.</strong></span> <span class='ocrx_word' id='word_1_315' title='bbox 1460 2746 1569 2821; x_wconf 81' lang='grc' dir='ltr'><strong>1ος</strong></span> <span class='ocrx_word' id='word_1_316' title='bbox 1618 2748 1647 2803; x_wconf 92' lang='lat'><strong>1</strong></span> <span class='ocrx_word' id='word_1_317' title='bbox 1684 2745 1814 2804; x_wconf 88' lang='lat' dir='ltr'><strong>Cor.</strong></span> <span class='ocrx_word' id='word_1_318' title='bbox 1857 2745 1978 2806; x_wconf 85' lang='lat' dir='ltr'><strong>xvi.</strong></span> <span class='ocrx_word' id='word_1_319' title='bbox 2008 2749 2080 2822; x_wconf 84' lang='lat'><strong>2;</strong></span> <span class='ocrx_word' id='word_1_320' title='bbox 2127 2746 2250 2805; x_wconf 90' lang='lat' dir='ltr'><strong>Col.</strong></span> <span class='ocrx_word' id='word_1_321' title='bbox 2279 2746 2339 2805; x_wconf 91' lang='lat' dir='ltr'><strong>ii.</strong></span> <span class='ocrx_word' id='word_1_322' title='bbox 2374 2748 2465 2821; x_wconf 88' lang='lat'><strong>16,</strong></span> <span class='ocrx_word' id='word_1_323' title='bbox 2501 2747 2594 2805; x_wconf 90' lang='grc'><strong>17.</strong></span> <span class='ocrx_word' id='word_1_324' title='bbox 2677 2744 2794 2806; x_wconf 76' lang='lat' dir='ltr'><strong>Vel</strong></span> <span class='ocrx_word' id='word_1_325' title='bbox 2831 2765 2946 2804; x_wconf 80' lang='lat' dir='ltr'><strong>non</strong></span> 
     </span>
     <span class='ocr_line' id='line_1_31' title="bbox 522 2825 2945 2904; baseline 0.001 -23"><span class='ocrx_word' id='word_1_326' title='bbox 522 2832 652 2882; x_wconf 73' lang='lat' dir='ltr'><strong>sunt</strong></span> <span class='ocrx_word' id='word_1_327' title='bbox 681 2825 950 2899; x_wconf 66' lang='lat' dir='ltr'><strong>doqnmta</strong></span> <span class='ocrx_word' id='word_1_328' title='bbox 988 2825 1307 2882; x_wconf 57' lang='lat' dir='ltr'><strong><em>necessaria</em></strong></span> <span class='ocrx_word' id='word_1_329' title='bbox 1346 2825 1434 2884; x_wconf 82' lang='lat' dir='ltr'><strong>ad</strong></span> <span class='ocrx_word' id='word_1_330' title='bbox 1464 2827 1718 2900; x_wconf 75' lang='lat' dir='ltr'><strong>salutem,</strong></span> <span class='ocrx_word' id='word_1_331' title='bbox 1747 2834 1814 2885; x_wconf 88' lang='lat' dir='ltr'><strong>ut</strong></span> <span class='ocrx_word' id='word_1_332' title='bbox 1840 2833 2118 2904; x_wconf 88' lang='lat' dir='ltr'><strong>perpetua</strong></span> <span class='ocrx_word' id='word_1_333' title='bbox 2155 2825 2484 2902; x_wconf 69' lang='lat' dir='ltr'><strong>Virginitas</strong></span> <span class='ocrx_word' id='word_1_334' title='bbox 2525 2825 2728 2884; x_wconf 70' lang='lat' dir='ltr'><strong>Marias</strong></span> <span class='ocrx_word' id='word_1_335' title='bbox 2769 2825 2945 2884; x_wconf 83' lang='lat' dir='ltr'><strong>etiam</strong></span> 
     </span>
     <span class='ocr_line' id='line_1_32' title="bbox 522 2902 2947 2980; baseline 0 -18"><span class='ocrx_word' id='word_1_336' title='bbox 522 2911 657 2980; x_wconf 83' lang='lat' dir='ltr'><strong>post</strong></span> <span class='ocrx_word' id='word_1_337' title='bbox 682 2911 927 2980; x_wconf 75' lang='lat' dir='ltr'><strong>partum,</strong></span> <span class='ocrx_word' id='word_1_338' title='bbox 958 2902 1117 2980; x_wconf 87' lang='lat' dir='ltr'><strong>quod</strong></span> <span class='ocrx_word' id='word_1_339' title='bbox 1146 2903 1371 2962; x_wconf 85' lang='lat' dir='ltr'><strong>Pascha</strong></span> <span class='ocrx_word' id='word_1_340' title='bbox 1398 2902 1491 2962; x_wconf 78' lang='lat' dir='ltr'><strong><em>die</em></strong></span> <span class='ocrx_word' id='word_1_341' title='bbox 1521 2903 1829 2964; x_wconf 88' lang='lat' dir='ltr'><strong>Dominico</strong></span> <span class='ocrx_word' id='word_1_342' title='bbox 1868 2904 2080 2964; x_wconf 74' lang='lat' dir='ltr'><strong><em>debeat</em></strong></span> <span class='ocrx_word' id='word_1_343' title='bbox 2120 2905 2416 2965; x_wconf 87' lang='lat' dir='ltr'><strong>celebrari.</strong></span> <span class='ocrx_word' id='word_1_344' title='bbox 2501 2904 2614 2964; x_wconf 91' lang='lat' dir='ltr'><strong><em>Vel</em></strong></span> <span class='ocrx_word' id='word_1_345' title='bbox 2626 2907 2793 2979; x_wconf 81' lang='lat' dir='ltr'><strong><em>falsa</em></strong></span> <span class='ocrx_word' id='word_1_346' title='bbox 2819 2912 2947 2964; x_wconf 75' lang='lat' dir='ltr'><strong>sunt</strong></span> 
     </span>
     <span class='ocr_line' id='line_1_33' title="bbox 524 2977 2942 3062; baseline 0.001 -22"><span class='ocrx_word' id='word_1_347' title='bbox 524 2990 583 3040; x_wconf 78' lang='lat' dir='ltr'><strong><em>et</em></strong></span> <span class='ocrx_word' id='word_1_348' title='bbox 604 2983 993 3059; x_wconf 77' lang='lat' dir='ltr'><strong>commentitia,</strong></span> <span class='ocrx_word' id='word_1_349' title='bbox 1024 2991 1091 3042; x_wconf 89' lang='lat' dir='ltr'><strong>ut</strong></span> <span class='ocrx_word' id='word_1_350' title='bbox 1114 2983 1321 3043; x_wconf 75' lang='lat' dir='ltr'><strong>localis</strong></span> <span class='ocrx_word' id='word_1_351' title='bbox 1349 2977 1563 3044; x_wconf 81' lang='lat' dir='ltr'><strong>Christi</strong></span> <span class='ocrx_word' id='word_1_352' title='bbox 1590 2984 1652 3042; x_wconf 86' lang='lat' dir='ltr'><strong>in</strong></span> <span class='ocrx_word' id='word_1_353' title='bbox 1679 2983 1894 3045; x_wconf 87' lang='lat' dir='ltr'><strong>inferos</strong></span> <span class='ocrx_word' id='word_1_354' title='bbox 1921 2985 2250 3062; x_wconf 85' lang='lat' dir='ltr'><strong><em>descensus,</em></strong></span> <span class='ocrx_word' id='word_1_355' title='bbox 2284 2984 2707 3062; x_wconf 77' lang='lat' dir='ltr'><strong>Purgatorium,</strong></span> <span class='ocrx_word' id='word_1_356' title='bbox 2739 2984 2942 3059; x_wconf 82' lang='lat' dir='ltr'><strong>Missa,</strong></span> 
     </span>
     <span class='ocr_line' id='line_1_34' title="bbox 526 3060 1401 3139; baseline 0.002 -19"><span class='ocrx_word' id='word_1_357' title='bbox 526 3060 753 3120; x_wconf 89' lang='lat' dir='ltr'><strong>Enochi</strong></span> <span class='ocrx_word' id='word_1_358' title='bbox 780 3069 841 3121; x_wconf 90' lang='lat' dir='ltr'><strong>et</strong></span> <span class='ocrx_word' id='word_1_359' title='bbox 867 3062 1015 3121; x_wconf 74' lang='lat' dir='ltr'><strong>Elias</strong></span> <span class='ocrx_word' id='word_1_360' title='bbox 1042 3063 1278 3139; x_wconf 77' lang='lat' dir='ltr'><strong>redituS,</strong></span> <span class='ocrx_word' id='word_1_361' title='bbox 1310 3064 1401 3138; x_wconf 67' lang='grc' dir='ltr'><strong>ᾆσ.</strong></span> 
     </span>
    </p>

    <p class='ocr_par' dir='ltr' id='par_1_8' title="bbox 522 3141 2944 3602">
     <span class='ocr_line' id='line_1_35' title="bbox 606 3141 2944 3220; baseline 0.002 -22"><span class='ocrx_word' id='word_1_362' title='bbox 606 3141 867 3200; x_wconf 89' lang='lat' dir='ltr'>XXIII.</span> <span class='ocrx_word' id='word_1_363' title='bbox 910 3143 1243 3220; x_wconf 75' lang='lat' dir='ltr'><strong>Depositum</strong></span> <span class='ocrx_word' id='word_1_364' title='bbox 1268 3141 1342 3202; x_wconf 90' lang='lat' dir='ltr'><strong>de</strong></span> <span class='ocrx_word' id='word_1_365' title='bbox 1370 3162 1502 3220; x_wconf 89' lang='lat' dir='ltr'><strong>qu0‚</strong></span> <span class='ocrx_word' id='word_1_366' title='bbox 1538 3146 1567 3201; x_wconf 92' lang='lat'>1</span> <span class='ocrx_word' id='word_1_367' title='bbox 1600 3144 1751 3202; x_wconf 92' lang='lat' dir='ltr'><strong>Tim.</strong></span> <span class='ocrx_word' id='word_1_368' title='bbox 1779 3143 1859 3202; x_wconf 86' lang='lat' dir='ltr'><strong>vi.</strong></span> <span class='ocrx_word' id='word_1_369' title='bbox 1889 3143 1986 3203; x_wconf 89' lang='grc'><strong>20.</strong></span> <span class='ocrx_word' id='word_1_370' title='bbox 2070 3143 2376 3204; x_wconf 84' lang='lat' dir='ltr'><strong><em>Timotheo</em></strong></span> <span class='ocrx_word' id='word_1_371' title='bbox 2403 3142 2772 3204; x_wconf 81' lang='lat' dir='ltr'><strong>commissum</strong></span> <span class='ocrx_word' id='word_1_372' title='bbox 2798 3142 2944 3202; x_wconf 87' lang='lat' dir='ltr'><strong>nihil</strong></span> 
     </span>
     <span class='ocr_line' id='line_1_36' title="bbox 522 3219 2944 3302; baseline 0.002 -24"><span class='ocrx_word' id='word_1_373' title='bbox 522 3219 715 3280; x_wconf 87' lang='lat' dir='ltr'><strong>minus</strong></span> <span class='ocrx_word' id='word_1_374' title='bbox 742 3222 1011 3299; x_wconf 72' lang='lat' dir='ltr'><strong><em>insinuat,</em></strong></span> <span class='ocrx_word' id='word_1_375' title='bbox 1056 3243 1230 3300; x_wconf 71' lang='lat' dir='ltr'><strong>quum</strong></span> <span class='ocrx_word' id='word_1_376' title='bbox 1270 3221 1589 3282; x_wconf 78' lang='lat' dir='ltr'><strong>doctrinam</strong></span> <span class='ocrx_word' id='word_1_377' title='bbox 1631 3223 1772 3282; x_wconf 84' lang='lat' dir='ltr'><strong>viva</strong></span> <span class='ocrx_word' id='word_1_378' title='bbox 1797 3243 1940 3282; x_wconf 85' lang='lat' dir='ltr'><strong><em>voce</em></strong></span> <span class='ocrx_word' id='word_1_379' title='bbox 1981 3223 2251 3282; x_wconf 78' lang='lat' dir='ltr'><strong>traditam</strong></span> <span class='ocrx_word' id='word_1_380' title='bbox 2278 3231 2338 3282; x_wconf 87' lang='lat' dir='ltr'><strong>et</strong></span> <span class='ocrx_word' id='word_1_381' title='bbox 2362 3244 2481 3283; x_wconf 91' lang='lat' dir='ltr'><strong>non</strong></span> <span class='ocrx_word' id='word_1_382' title='bbox 2523 3223 2809 3302; x_wconf 79' lang='lat' dir='ltr'><strong>scriptam,</strong></span> <span class='ocrx_word' id='word_1_383' title='bbox 2841 3221 2944 3282; x_wconf 83' lang='lat' dir='ltr'><strong>sed</strong></span> 
     </span>
     <span class='ocr_line' id='line_1_37' title="bbox 524 3299 2940 3382; baseline 0.001 -24"><span class='ocrx_word' id='word_1_384' title='bbox 524 3299 622 3358; x_wconf 75' lang='lat' dir='ltr'><strong>vel</strong></span> <span class='ocrx_word' id='word_1_385' title='bbox 650 3300 891 3360; x_wconf 72' lang='lat' dir='ltr'><strong>formam</strong></span> <span class='ocrx_word' id='word_1_386' title='bbox 918 3302 1209 3362; x_wconf 85' lang='lat' dir='ltr'><strong>saniorum</strong></span> <span class='ocrx_word' id='word_1_387' title='bbox 1248 3302 1557 3361; x_wconf 84' lang='lat' dir='ltr'><strong>verborum</strong></span> <span class='ocrx_word' id='word_1_388' title='bbox 1600 3304 1768 3382; x_wconf 88' lang='lat' dir='ltr'><strong>eujus</strong></span> <span class='ocrx_word' id='word_1_389' title='bbox 1809 3303 2088 3377; x_wconf 84' lang='lat' dir='ltr'><strong>meminit,</strong></span> <span class='ocrx_word' id='word_1_390' title='bbox 2121 3307 2156 3361; x_wconf 88' lang='grc'><strong>2</strong></span> <span class='ocrx_word' id='word_1_391' title='bbox 2186 3303 2336 3362; x_wconf 87' lang='lat' dir='ltr'><strong>Tim.</strong></span> <span class='ocrx_word' id='word_1_392' title='bbox 2365 3304 2405 3363; x_wconf 92' lang='lat' dir='ltr'><strong>i.</strong></span> <span class='ocrx_word' id='word_1_393' title='bbox 2439 3307 2530 3380; x_wconf 84' lang='lat'><strong>13,</strong></span> <span class='ocrx_word' id='word_1_394' title='bbox 2576 3311 2776 3362; x_wconf 85' lang='lat' dir='ltr'><strong>contra</strong></span> <span class='ocrx_word' id='word_1_395' title='bbox 2811 3322 2940 3380; x_wconf 88' lang='lat' dir='ltr'><strong>pro-</strong></span> 
     </span>
     <span class='ocr_line' id='line_1_38' title="bbox 524 3379 2944 3460; baseline 0.002 -22"><span class='ocrx_word' id='word_1_396' title='bbox 524 3379 688 3438; x_wconf 72' lang='lat' dir='ltr'><strong>fanas</strong></span> <span class='ocrx_word' id='word_1_397' title='bbox 728 3400 937 3440; x_wconf 84' lang='lat' dir='ltr'><strong>vocum</strong></span> <span class='ocrx_word' id='word_1_398' title='bbox 978 3381 1284 3458; x_wconf 77' lang='lat' dir='ltr'><strong><em>novitates,</em></strong></span> <span class='ocrx_word' id='word_1_399' title='bbox 1328 3390 1389 3441; x_wconf 86' lang='lat' dir='ltr'><strong>et</strong></span> <span class='ocrx_word' id='word_1_400' title='bbox 1432 3383 1824 3460; x_wconf 87' lang='lat' dir='ltr'><strong>oppositiones</strong></span> <span class='ocrx_word' id='word_1_401' title='bbox 1865 3381 2186 3459; x_wconf 63' lang='grc' dir='ltr'><strong>ψευδωνύμου</strong></span> <span class='ocrx_word' id='word_1_402' title='bbox 2225 3383 2459 3459; x_wconf 61' lang='grc' dir='ltr'><strong>φάο-κς,</strong></span> <span class='ocrx_word' id='word_1_403' title='bbox 2497 3384 2596 3442; x_wconf 85' lang='lat' dir='ltr'><strong>vel</strong></span> <span class='ocrx_word' id='word_1_404' title='bbox 2637 3383 2944 3442; x_wconf 74' lang='lat' dir='ltr'><strong><em>Talentum</em></strong></span> 
     </span>
     <span class='ocr_line' id='line_1_39' title="bbox 524 3458 2942 3540; baseline 0.001 -22"><span class='ocrx_word' id='word_1_405' title='bbox 524 3458 807 3520; x_wconf 86' lang='lat' dir='ltr'><strong>donorum</strong></span> <span class='ocrx_word' id='word_1_406' title='bbox 834 3461 947 3539; x_wconf 87' lang='lat' dir='ltr'><strong>ipsi</strong></span> <span class='ocrx_word' id='word_1_407' title='bbox 974 3461 1431 3521; x_wconf 85' lang='lat' dir='ltr'><strong>concreditorum</strong></span> <span class='ocrx_word' id='word_1_408' title='bbox 1455 3485 1469 3538; x_wconf 88' lang='lat'>;</span> <span class='ocrx_word' id='word_1_409' title='bbox 1514 3481 1645 3540; x_wconf 74' lang='lat' dir='ltr'><strong>quae</strong></span> <span class='ocrx_word' id='word_1_410' title='bbox 1673 3482 1806 3522; x_wconf 86' lang='lat' dir='ltr'><strong>cum</strong></span> <span class='ocrx_word' id='word_1_411' title='bbox 1832 3463 2118 3540; x_wconf 74' lang='lat' dir='ltr'><strong>iamgine</strong></span> <span class='ocrx_word' id='word_1_412' title='bbox 2140 3464 2541 3523; x_wconf 87' lang='lat' dir='ltr'><strong>Traditionum</strong></span> <span class='ocrx_word' id='word_1_413' title='bbox 2561 3482 2679 3522; x_wconf 89' lang='lat' dir='ltr'><strong>non</strong></span> <span class='ocrx_word' id='word_1_414' title='bbox 2705 3463 2942 3540; x_wconf 80' lang='lat' dir='ltr'><strong>scripta-</strong></span> 
     </span>
     <span class='ocr_line' id='line_1_40' title="bbox 524 3539 1417 3602; baseline 0.001 -4"><span class='ocrx_word' id='word_1_415' title='bbox 524 3558 652 3598; x_wconf 82' lang='lat' dir='ltr'><strong>rum</strong></span> <span class='ocrx_word' id='word_1_416' title='bbox 680 3539 827 3598; x_wconf 89' lang='lat' dir='ltr'><strong>nihil</strong></span> <span class='ocrx_word' id='word_1_417' title='bbox 852 3541 1069 3602; x_wconf 84' lang='lat' dir='ltr'><strong>habent</strong></span> <span class='ocrx_word' id='word_1_418' title='bbox 1096 3561 1417 3601; x_wconf 87' lang='lat' dir='ltr'><strong>commune.</strong></span> 
     </span>
    </p>

    <p class='ocr_par' dir='ltr' id='par_1_9' title="bbox 514 3618 2949 4730">
     <span class='ocr_line' id='line_1_41' title="bbox 606 3618 2940 3700; baseline 0 -22"><span class='ocrx_word' id='word_1_419' title='bbox 606 3618 857 3680; x_wconf 88' lang='lat' dir='ltr'>XXIV.</span> <span class='ocrx_word' id='word_1_420' title='bbox 904 3620 1097 3680; x_wconf 85' lang='lat' dir='ltr'><strong>Multa</strong></span> <span class='ocrx_word' id='word_1_421' title='bbox 1122 3621 1225 3680; x_wconf 87' lang='lat' dir='ltr'><strong>illa</strong></span> <span class='ocrx_word' id='word_1_422' title='bbox 1250 3641 1381 3698; x_wconf 74' lang='lat' dir='ltr'><strong>quae</strong></span> <span class='ocrx_word' id='word_1_423' title='bbox 1407 3629 1635 3698; x_wconf 85' lang='lat' dir='ltr'><strong>portare</strong></span> <span class='ocrx_word' id='word_1_424' title='bbox 1663 3642 1782 3682; x_wconf 89' lang='lat' dir='ltr'><strong>non</strong></span> <span class='ocrx_word' id='word_1_425' title='bbox 1807 3629 2073 3700; x_wconf 85' lang='lat' dir='ltr'><strong>poterant</strong></span> <span class='ocrx_word' id='word_1_426' title='bbox 2103 3621 2390 3700; x_wconf 86' lang='lat' dir='ltr'><strong>Discipuli</strong></span> <span class='ocrx_word' id='word_1_427' title='bbox 2421 3620 2652 3698; x_wconf 86' lang='lat' dir='ltr'><strong>Christi,</strong></span> <span class='ocrx_word' id='word_1_428' title='bbox 2681 3621 2726 3681; x_wconf 87' lang='lat' dir='ltr'><strong>J</strong></span> <span class='ocrx_word' id='word_1_429' title='bbox 2729 3641 2783 3681; x_wconf 94' lang='lat' dir='ltr'><strong>o.</strong></span> <span class='ocrx_word' id='word_1_430' title='bbox 2813 3620 2940 3679; x_wconf 84' lang='lat' dir='ltr'><strong>xvi.</strong></span> 
     </span>
     <span class='ocr_line' id='line_1_42' title="bbox 528 3699 2943 3778; baseline 0.001 -21"><span class='ocrx_word' id='word_1_431' title='bbox 528 3701 620 3775; x_wconf 75' lang='lat'><strong>12,</strong></span> <span class='ocrx_word' id='word_1_432' title='bbox 651 3719 769 3758; x_wconf 90' lang='lat' dir='ltr'><strong>non</strong></span> <span class='ocrx_word' id='word_1_433' title='bbox 794 3699 1049 3761; x_wconf 84' lang='lat' dir='ltr'><strong>inferunt</strong></span> <span class='ocrx_word' id='word_1_434' title='bbox 1075 3701 1171 3761; x_wconf 83' lang='lat' dir='ltr'><strong><em>vel</em></strong></span> <span class='ocrx_word' id='word_1_435' title='bbox 1204 3700 1515 3778; x_wconf 71' lang='lat' dir='ltr'><strong>Scripturas</strong></span> <span class='ocrx_word' id='word_1_436' title='bbox 1554 3701 2034 3777; x_wconf 78' lang='lat' dir='ltr'><strong>insufficientiam,</strong></span> <span class='ocrx_word' id='word_1_437' title='bbox 2065 3703 2163 3760; x_wconf 86' lang='lat' dir='ltr'><strong>vel</strong></span> <span class='ocrx_word' id='word_1_438' title='bbox 2203 3701 2602 3762; x_wconf 72' lang='lat' dir='ltr'><strong>&#39;traditionum</strong></span> <span class='ocrx_word' id='word_1_439' title='bbox 2635 3702 2943 3760; x_wconf 83' lang='lat' dir='ltr'><strong>necessita-</strong></span> 
     </span>
     <span class='ocr_line' id='line_1_43' title="bbox 520 3779 2949 3859; baseline 0.001 -23"><span class='ocrx_word' id='word_1_440' title='bbox 520 3786 673 3854; x_wconf 88' lang='lat' dir='ltr'><strong>tem;</strong></span> <span class='ocrx_word' id='word_1_441' title='bbox 717 3779 867 3838; x_wconf 87' lang='lat' dir='ltr'><strong>Tum</strong></span> <span class='ocrx_word' id='word_1_442' title='bbox 894 3781 1031 3856; x_wconf 79' lang='lat' dir='ltr'><strong>quia</strong></span> <span class='ocrx_word' id='word_1_443' title='bbox 1070 3799 1189 3840; x_wconf 87' lang='lat' dir='ltr'><strong>non</strong></span> <span class='ocrx_word' id='word_1_444' title='bbox 1229 3779 1461 3840; x_wconf 89' lang='lat' dir='ltr'><strong>fuerunt</strong></span> <span class='ocrx_word' id='word_1_445' title='bbox 1486 3801 1641 3840; x_wconf 85' lang='lat' dir='ltr'><strong>nova</strong></span> <span class='ocrx_word' id='word_1_446' title='bbox 1684 3781 1959 3858; x_wconf 79' lang='lat' dir='ltr'><strong>dogmata</strong></span> <span class='ocrx_word' id='word_1_447' title='bbox 1997 3780 2191 3859; x_wconf 83' lang='lat' dir='ltr'><strong>quoad</strong></span> <span class='ocrx_word' id='word_1_448' title='bbox 2232 3782 2614 3841; x_wconf 76' lang='lat' dir='ltr'><strong>substantiam</strong></span> <span class='ocrx_word' id='word_1_449' title='bbox 2641 3780 2872 3840; x_wconf 83' lang='lat' dir='ltr'><strong>diversa</strong></span> <span class='ocrx_word' id='word_1_450' title='bbox 2911 3799 2949 3838; x_wconf 82' lang='lat' dir='ltr'><strong>a</strong></span> 
     </span>
     <span class='ocr_line' id='line_1_44' title="bbox 521 3857 2944 3938; baseline 0.002 -25"><span class='ocrx_word' id='word_1_451' title='bbox 521 3857 825 3933; x_wconf 88' lang='lat' dir='ltr'><strong>prioribus,</strong></span> <span class='ocrx_word' id='word_1_452' title='bbox 857 3859 900 3918; x_wconf 91' lang='lat' dir='ltr'><strong>J</strong></span> <span class='ocrx_word' id='word_1_453' title='bbox 903 3878 957 3917; x_wconf 94' lang='lat' dir='ltr'><strong>o.</strong></span> <span class='ocrx_word' id='word_1_454' title='bbox 986 3860 1108 3917; x_wconf 83' lang='lat' dir='ltr'><strong>xiv.</strong></span> <span class='ocrx_word' id='word_1_455' title='bbox 1140 3863 1235 3918; x_wconf 89' lang='grc'><strong>26.</strong></span> <span class='ocrx_word' id='word_1_456' title='bbox 1324 3860 1442 3919; x_wconf 87' lang='lat' dir='ltr'><strong><em>Sed</em></strong></span> <span class='ocrx_word' id='word_1_457' title='bbox 1482 3860 1686 3920; x_wconf 83' lang='lat' dir='ltr'><strong>eadem</strong></span> <span class='ocrx_word' id='word_1_458' title='bbox 1725 3861 1954 3938; x_wconf 84' lang='lat' dir='ltr'><strong>plenius</strong></span> <span class='ocrx_word' id='word_1_459' title='bbox 1999 3860 2344 3920; x_wconf 82' lang='lat' dir='ltr'><strong>declaranda</strong></span> <span class='ocrx_word' id='word_1_460' title='bbox 2387 3869 2446 3920; x_wconf 88' lang='lat' dir='ltr'><strong>et</strong></span> <span class='ocrx_word' id='word_1_461' title='bbox 2473 3861 2685 3920; x_wconf 87' lang='lat' dir='ltr'><strong>certius</strong></span> <span class='ocrx_word' id='word_1_462' title='bbox 2711 3879 2944 3936; x_wconf 84' lang='lat' dir='ltr'><strong>persua-</strong></span> 
     </span>
     <span class='ocr_line' id='line_1_45' title="bbox 522 3934 2943 4028; baseline 0.002 -36"><span class='ocrx_word' id='word_1_463' title='bbox 522 3934 715 4026; x_wconf 73' lang='lat' dir='ltr'><strong><em>denda</em></strong></span> <span class='ocrx_word' id='word_1_464' title='bbox 739 3956 842 4028; x_wconf 65' lang='lat' dir='ltr'><strong>per</strong></span> <span class='ocrx_word' id='word_1_465' title='bbox 873 3937 1167 4014; x_wconf 82' lang='lat' dir='ltr'><strong>Spiritum,</strong></span> <span class='ocrx_word' id='word_1_466' title='bbox 1198 3946 1322 3998; x_wconf 83' lang='lat' dir='ltr'><strong>tum</strong></span> <span class='ocrx_word' id='word_1_467' title='bbox 1350 3939 1487 4016; x_wconf 88' lang='lat' dir='ltr'><strong>quia</strong></span> <span class='ocrx_word' id='word_1_468' title='bbox 1513 3939 1704 4000; x_wconf 88' lang='lat' dir='ltr'><strong><em>edocti</em></strong></span> <span class='ocrx_word' id='word_1_469' title='bbox 1730 3949 1934 4018; x_wconf 82' lang='lat' dir='ltr'><strong>postea</strong></span> <span class='ocrx_word' id='word_1_470' title='bbox 1959 3961 2064 4019; x_wconf 86' lang='lat' dir='ltr'><strong>per</strong></span> <span class='ocrx_word' id='word_1_471' title='bbox 2089 3939 2426 4000; x_wconf 85' lang='lat' dir='ltr'><strong>effusionem</strong></span> <span class='ocrx_word' id='word_1_472' title='bbox 2459 3941 2708 4020; x_wconf 84' lang='lat' dir='ltr'><strong>Spiritus</strong></span> <span class='ocrx_word' id='word_1_473' title='bbox 2728 3960 2798 3998; x_wconf 84' lang='lat' dir='ltr'><strong><em>ea</em></strong></span> <span class='ocrx_word' id='word_1_474' title='bbox 2816 3939 2943 3999; x_wconf 86' lang='lat' dir='ltr'><strong>lite-</strong></span> 
     </span>
     <span class='ocr_line' id='line_1_46' title="bbox 522 4024 2945 4186; baseline 0.003 -36"><span class='ocrx_word' id='word_1_475' title='bbox 522 4024 1061 4186; x_wconf 47' lang='grc' dir='ltr'><strong>ηεὲοὲξιῖῳῐιὶυςῗιζ</strong></span> <span class='ocrx_word' id='word_1_476' title='bbox 1086 4095 1301 4172; x_wconf 88' lang='lat' dir='ltr'><strong>Apost.</strong></span> <span class='ocrx_word' id='word_1_477' title='bbox 1329 4100 1365 4154; x_wconf 82' lang='lat'>2</span> <span class='ocrx_word' id='word_1_478' title='bbox 1396 4097 1599 4156; x_wconf 84' lang='lat' dir='ltr'><strong>Thess.</strong></span> <span class='ocrx_word' id='word_1_479' title='bbox 1629 4097 1691 4158; x_wconf 92' lang='lat' dir='ltr'><strong>ii.</strong></span> <span class='ocrx_word' id='word_1_480' title='bbox 1725 4101 1817 4174; x_wconf 90' lang='lat'><strong>15,</strong></span> <span class='ocrx_word' id='word_1_481' title='bbox 1849 4118 1965 4158; x_wconf 91' lang='lat' dir='ltr'><strong>non</strong></span> <span class='ocrx_word' id='word_1_482' title='bbox 1989 4099 2200 4177; x_wconf 82' lang='lat' dir='ltr'><strong>probat</strong></span> <span class='ocrx_word' id='word_1_483' title='bbox 2226 4098 2351 4158; x_wconf 85' lang='lat' dir='ltr'><strong>dari</strong></span> <span class='ocrx_word' id='word_1_484' title='bbox 2379 4099 2746 4160; x_wconf 77' lang='lat' dir='ltr'><strong>Traditiones</strong></span> <span class='ocrx_word' id='word_1_485' title='bbox 2779 4098 2945 4179; x_wconf 68' lang='grc' dir='ltr'><strong>ὤγςᾶ·</strong></span> 
     </span>
     <span class='ocr_line' id='line_1_47' title="bbox 522 4172 2948 4257; baseline 0.002 -28"><span class='ocrx_word' id='word_1_486' title='bbox 522 4184 661 4246; x_wconf 67' lang='grc' dir='ltr'><strong>φης,</strong></span> <span class='ocrx_word' id='word_1_487' title='bbox 692 4172 795 4230; x_wconf 82' lang='lat' dir='ltr'><strong>sed</strong></span> <span class='ocrx_word' id='word_1_488' title='bbox 822 4172 1111 4250; x_wconf 82' lang='lat' dir='ltr'><strong>duplicem</strong></span> <span class='ocrx_word' id='word_1_489' title='bbox 1139 4174 1401 4250; x_wconf 87' lang='lat' dir='ltr'><strong>ejusdem</strong></span> <span class='ocrx_word' id='word_1_490' title='bbox 1427 4174 1704 4235; x_wconf 64' lang='lat' dir='ltr'><strong>doctrinae</strong></span> <span class='ocrx_word' id='word_1_491' title='bbox 1731 4177 1998 4237; x_wconf 85' lang='lat' dir='ltr'><strong>tradendi</strong></span> <span class='ocrx_word' id='word_1_492' title='bbox 2023 4179 2258 4238; x_wconf 88' lang='lat' dir='ltr'><strong>modum</strong></span> <span class='ocrx_word' id='word_1_493' title='bbox 2287 4178 2571 4257; x_wconf 85' lang='lat' dir='ltr'><strong>designat,</strong></span> <span class='ocrx_word' id='word_1_494' title='bbox 2601 4179 2703 4255; x_wconf 83' lang='lat' dir='ltr'><strong>qui</strong></span> <span class='ocrx_word' id='word_1_495' title='bbox 2729 4178 2797 4236; x_wconf 80' lang='lat' dir='ltr'><strong>fit</strong></span> <span class='ocrx_word' id='word_1_496' title='bbox 2823 4187 2948 4236; x_wconf 84' lang='lat' dir='ltr'><strong>tum</strong></span> 
     </span>
     <span class='ocr_line' id='line_1_48' title="bbox 521 4251 2949 4336; baseline 0.002 -28"><span class='ocrx_word' id='word_1_497' title='bbox 521 4251 662 4308; x_wconf 72' lang='lat' dir='ltr'><strong>viva</strong></span> <span class='ocrx_word' id='word_1_498' title='bbox 687 4270 850 4328; x_wconf 86' lang='lat' dir='ltr'><strong><em>voce,</em></strong></span> <span class='ocrx_word' id='word_1_499' title='bbox 882 4260 1007 4311; x_wconf 82' lang='lat' dir='ltr'><strong>tum</strong></span> <span class='ocrx_word' id='word_1_500' title='bbox 1036 4252 1283 4329; x_wconf 80' lang='lat' dir='ltr'><strong>script03</strong></span> <span class='ocrx_word' id='word_1_501' title='bbox 1328 4261 1387 4313; x_wconf 86' lang='lat' dir='ltr'><strong><em>et</em></strong></span> <span class='ocrx_word' id='word_1_502' title='bbox 1413 4255 1697 4330; x_wconf 83' lang='lat' dir='ltr'><strong>particula</strong></span> <span class='ocrx_word' id='word_1_503' title='bbox 1724 4257 2078 4334; x_wconf 81' lang='lat' dir='ltr'><strong>disjunctiva</strong></span> <span class='ocrx_word' id='word_1_504' title='bbox 2102 4256 2194 4318; x_wconf 69' lang='lat' dir='ltr'><strong>dn</strong></span> <span class='ocrx_word' id='word_1_505' title='bbox 2221 4279 2350 4336; x_wconf 76' lang='lat' dir='ltr'><strong>quse</strong></span> <span class='ocrx_word' id='word_1_506' title='bbox 2393 4268 2588 4318; x_wconf 80' lang='lat' dir='ltr'><strong>tamen</strong></span> <span class='ocrx_word' id='word_1_507' title='bbox 2621 4256 2949 4335; x_wconf 77' lang='lat' dir='ltr'><strong>copulative</strong></span> 
     </span>
     <span class='ocr_line' id='line_1_49' title="bbox 520 4331 2945 4414; baseline 0.001 -26"><span class='ocrx_word' id='word_1_508' title='bbox 520 4338 715 4408; x_wconf 85' lang='lat' dir='ltr'><strong>potest</strong></span> <span class='ocrx_word' id='word_1_509' title='bbox 740 4331 915 4390; x_wconf 84' lang='lat' dir='ltr'><strong>etiam</strong></span> <span class='ocrx_word' id='word_1_510' title='bbox 946 4331 1113 4407; x_wconf 89' lang='lat' dir='ltr'><strong>sumi,</strong></span> <span class='ocrx_word' id='word_1_511' title='bbox 1142 4342 1211 4391; x_wconf 88' lang='lat' dir='ltr'><strong>ut</strong></span> <span class='ocrx_word' id='word_1_512' title='bbox 1238 4331 1407 4392; x_wconf 89' lang='lat' dir='ltr'><strong>Rom.</strong></span> <span class='ocrx_word' id='word_1_513' title='bbox 1438 4334 1560 4393; x_wconf 85' lang='lat' dir='ltr'><strong>xiv.</strong></span> <span class='ocrx_word' id='word_1_514' title='bbox 1592 4337 1627 4393; x_wconf 91' lang='lat'>8</span> <span class='ocrx_word' id='word_1_515' title='bbox 1653 4358 1668 4410; x_wconf 89' lang='lat'>;</span> <span class='ocrx_word' id='word_1_516' title='bbox 1703 4339 1734 4393; x_wconf 92' lang='lat'>1</span> <span class='ocrx_word' id='word_1_517' title='bbox 1768 4335 2026 4396; x_wconf 84' lang='lat' dir='ltr'><strong>Corinth.</strong></span> <span class='ocrx_word' id='word_1_518' title='bbox 2058 4359 2158 4396; x_wconf 85' lang='lat' dir='ltr'><strong>xv.</strong></span> <span class='ocrx_word' id='word_1_519' title='bbox 2194 4341 2262 4396; x_wconf 92' lang='grc'><strong>11</strong></span> <span class='ocrx_word' id='word_1_520' title='bbox 2287 4361 2302 4414; x_wconf 80' lang='lat'><em>3</em></span> <span class='ocrx_word' id='word_1_521' title='bbox 2349 4337 2473 4397; x_wconf 94' lang='lat' dir='ltr'><strong>Col.</strong></span> <span class='ocrx_word' id='word_1_522' title='bbox 2504 4339 2542 4396; x_wconf 94' lang='lat' dir='ltr'><strong>i.</strong></span> <span class='ocrx_word' id='word_1_523' title='bbox 2573 4339 2668 4412; x_wconf 88' lang='grc'><strong>20,</strong></span> <span class='ocrx_word' id='word_1_524' title='bbox 2703 4334 2945 4394; x_wconf 83' lang='lat' dir='ltr'><strong>diversi-</strong></span> 
     </span>
     <span class='ocr_line' id='line_1_50' title="bbox 520 4411 2948 4493; baseline -0 -23"><span class='ocrx_word' id='word_1_525' title='bbox 520 4417 699 4470; x_wconf 76' lang='lat' dir='ltr'><strong>tatem</strong></span> <span class='ocrx_word' id='word_1_526' title='bbox 740 4419 921 4488; x_wconf 76' lang='lat' dir='ltr'><strong>notat,</strong></span> <span class='ocrx_word' id='word_1_527' title='bbox 968 4431 1086 4470; x_wconf 90' lang='lat' dir='ltr'><strong>non</strong></span> <span class='ocrx_word' id='word_1_528' title='bbox 1130 4411 1230 4487; x_wconf 87' lang='lat' dir='ltr'><strong>rei,</strong></span> <span class='ocrx_word' id='word_1_529' title='bbox 1279 4411 1383 4472; x_wconf 88' lang='lat' dir='ltr'><strong>sed</strong></span> <span class='ocrx_word' id='word_1_530' title='bbox 1425 4413 1599 4489; x_wconf 89' lang='lat' dir='ltr'><strong>modi,</strong></span> <span class='ocrx_word' id='word_1_531' title='bbox 1644 4415 1746 4492; x_wconf 89' lang='lat' dir='ltr'><strong>qui</strong></span> <span class='ocrx_word' id='word_1_532' title='bbox 1787 4414 1934 4474; x_wconf 87' lang='lat' dir='ltr'><strong>alius</strong></span> <span class='ocrx_word' id='word_1_533' title='bbox 1981 4424 2042 4476; x_wconf 89' lang='lat' dir='ltr'><strong>et</strong></span> <span class='ocrx_word' id='word_1_534' title='bbox 2078 4417 2228 4476; x_wconf 79' lang='lat' dir='ltr'><strong>alius</strong></span> <span class='ocrx_word' id='word_1_535' title='bbox 2273 4437 2401 4476; x_wconf 80' lang='lat' dir='ltr'><strong><em>esse</em></strong></span> <span class='ocrx_word' id='word_1_536' title='bbox 2445 4416 2650 4493; x_wconf 86' lang='lat' dir='ltr'><strong>potuit,</strong></span> <span class='ocrx_word' id='word_1_537' title='bbox 2695 4413 2948 4472; x_wconf 82' lang='lat' dir='ltr'><strong>maxime</strong></span> 
     </span>
     <span class='ocr_line' id='line_1_51' title="bbox 517 4489 2948 4590; baseline 0 -40"><span class='ocrx_word' id='word_1_538' title='bbox 517 4489 719 4582; x_wconf 70' lang='lat' dir='ltr'><strong>primis</strong></span> <span class='ocrx_word' id='word_1_539' title='bbox 784 4490 901 4550; x_wconf 88' lang='lat' dir='ltr'><strong>illis</strong></span> <span class='ocrx_word' id='word_1_540' title='bbox 946 4491 1306 4585; x_wconf 71' lang='lat' dir='ltr'><strong>temporibus</strong></span> <span class='ocrx_word' id='word_1_541' title='bbox 1357 4492 1597 4586; x_wconf 50' lang='lat' dir='ltr'><strong>quibus·</strong></span> <span class='ocrx_word' id='word_1_542' title='bbox 1632 4495 1832 4553; x_wconf 84' lang='lat' dir='ltr'><strong>Canon</strong></span> <span class='ocrx_word' id='word_1_543' title='bbox 1881 4495 2213 4590; x_wconf 46' lang='lat' dir='ltr'><strong>Scripturas·</strong></span> <span class='ocrx_word' id='word_1_544' title='bbox 2247 4496 2321 4555; x_wconf 88' lang='lat' dir='ltr'><strong>N.</strong></span> <span class='ocrx_word' id='word_1_545' title='bbox 2379 4497 2448 4588; x_wconf 92' lang='grc' dir='ltr'><strong>Τ.</strong></span> <span class='ocrx_word' id='word_1_546' title='bbox 2503 4493 2761 4588; x_wconf 74' lang='lat' dir='ltr'><strong>nondum</strong></span> <span class='ocrx_word' id='word_1_547' title='bbox 2824 4500 2948 4550; x_wconf 85' lang='lat' dir='ltr'><strong>erat</strong></span> 
     </span>
     <span class='ocr_line' id='line_1_52' title="bbox 514 4571 2946 4730; baseline 0.001 -23"><span class='ocrx_word' id='word_1_548' title='bbox 514 4571 2946 4730; x_wconf 45' lang='lat' dir='ltr'><strong>.⁰3”÷¹1÷3.221¹?·.01-3‚‘32”3313120.5‘§RQ-,2332“3333ssffitssssffissbsszsspfflffassffm</strong></span> 
     </span>
    </p>

    <p class='ocr_par' dir='ltr' id='par_1_10' title="bbox 596 4729 2942 4812">
     <span class='ocr_line' id='line_1_53' title="bbox 596 4729 2942 4812; baseline 0.002 -26"><span class='ocrx_word' id='word_1_549' title='bbox 596 4729 845 4790; x_wconf 88' lang='lat' dir='ltr'>XXVI.</span> <span class='ocrx_word' id='word_1_550' title='bbox 890 4730 1149 4792; x_wconf 74' lang='lat' dir='ltr'><strong>Traditio</strong></span> <span class='ocrx_word' id='word_1_551' title='bbox 1176 4731 1485 4810; x_wconf 79' lang='lat' dir='ltr'><strong>aliquando</strong></span> <span class='ocrx_word' id='word_1_552' title='bbox 1514 4741 1678 4794; x_wconf 85' lang='lat' dir='ltr'><strong>notat</strong></span> <span class='ocrx_word' id='word_1_553' title='bbox 1703 4733 2024 4812; x_wconf 82' lang='lat' dir='ltr'><strong>quamlibet</strong></span> <span class='ocrx_word' id='word_1_554' title='bbox 2051 4733 2388 4811; x_wconf 76' lang='lat' dir='ltr'><strong>doctrinam,</strong></span> <span class='ocrx_word' id='word_1_555' title='bbox 2422 4754 2552 4811; x_wconf 76' lang='lat' dir='ltr'><strong>quse</strong></span> <span class='ocrx_word' id='word_1_556' title='bbox 2570 4733 2738 4792; x_wconf 84' lang='lat' dir='ltr'><strong>nobis</strong></span> <span class='ocrx_word' id='word_1_557' title='bbox 2767 4730 2942 4792; x_wconf 83' lang='lat' dir='ltr'><strong>tradi-</strong></span> 
     </span>
    </p>
   </div>
   <div class='ocr_carea' id='block_1_7' title="bbox 3283 3721 3286 4092">
    <p class='ocr_par' dir='ltr' id='par_1_11' title="bbox 3283 3721 3286 4092">
     <span class='ocr_line' id='line_1_54' title="bbox 3283 3721 3286 4092; baseline 0 1133"><span class='ocrx_word' id='word_1_558' title='bbox 3283 3721 3286 4092; x_wconf 95' lang='lat' dir='ltr'><strong> </strong></span> 
     </span>
    </p>
   </div>
  </div>
 </body>
</html>
