3300 5225
322 364 551 413 QUAEs'r.
582 345 701 426 111.]
1166 364 1245 417 na
1274 364 1547 406 rounam:
1579 363 1862 405 nunna.
2605 350 2726 407 ’517

320 504 644 563 frustranea
681 504 778 563 vel
821 504 1007 564 otiosa
1044 506 1319 583 potentia,
1350 503 1582 583 quando
1609 524 1741 582 quae
1783 505 1956 564 debet
1997 525 2170 583 agere
2210 511 2270 565 et
2312 512 2506 583 potest
2538 527 2729 586 agere,

320 603 437 641 non
466 585 591 661 agit
614 608 627 661 ;
673 583 831 662 quod
857 585 953 643 hic
980 605 1097 643 non
1126 585 1313 644 datur.

403 662 585 721 VIII.
630 663 909 739 Quamvis
937 664 1203 723 Adamus
1231 664 1458 741 integer
1482 684 1600 723 non
1626 664 1880 741 potuerit
1908 664 2140 723 credere
2168 664 2566 724 remissionem
2592 686 2726 744 pec-

320 750 579 801 catorum
607 744 993 821 praesentium,
1026 764 1154 819 quae
1195 744 1357 802 nulla
1384 743 1522 802 dum
1550 751 1751 819 erant;
1809 744 1920 803 hoc
1948 764 2065 802 non
2093 744 2377 820 obstabat,
2419 747 2728 822 quominus

319 823 637 898 potentiam
664 823 904 883 haberet
944 823 1216 882 credendi
1244 822 1642 882 remissionem
1669 823 2011 899 futurarum,
2043 824 2093 881 si
2131 824 2257 882 Deo
2285 824 2600 901 placuisset
2640 826 2728 883 illi

320 908 380 959 et
406 901 660 960 futurum
686 903 913 979 lapsum
943 904 1084 980 ejus,
1116 911 1174 961 et
1206 903 1682 962 restaurationem
1709 922 1784 961 ex
1822 923 1892 962 eo
1941 903 2230 978 revelare;
2288 902 2568 962 αἱσῦστοιτον
2605 914 2728 964 erat

320 989 585 1057 respectu
626 982 905 1059 ejusdem,
950 983 1181 1041 credere
1223 1001 1286 1041 se
1330 982 1619 1058 integrum
1663 990 1722 1040 et
1761 990 2140 1059 peccatorem,
2173 982 2278 1041 sed
2315 988 2436 1041 κατ’
2463 983 2600 1043 ἄλλο
2637 990 2727 1044 καὶ

317 1054 481 1134 ἄλλο,
526 1060 681 1119 idem
708 1062 809 1138 qui
836 1081 989 1121 nunc
1017 1070 1107 1121 est
1133 1062 1377 1139 integer,
1407 1069 1598 1139 potest
1638 1061 1871 1120 credere
1917 1082 1980 1121 se
2025 1070 2230 1139 postea
2253 1062 2568 1141 lapsurum,
2599 1065 2727 1141 qui-

319 1160 432 1216 que
460 1140 592 1199 ideo
620 1149 789 1217 egeat
816 1142 1004 1218 gratia
1033 1141 1145 1200 Dei
1173 1150 1232 1200 et
1258 1140 1373 1199 fide
1400 1140 1460 1197 in
1483 1140 1794 1201 Christum.

402 1218 520 1279 IX.
566 1220 846 1295 Quamvis
881 1220 1027 1279 fides
1068 1222 1129 1279 in
1158 1220 1449 1279 Christum
1490 1240 1607 1279 non
1646 1218 2054 1297 praescribatur
2079 1222 2343 1299 spemfice,
2376 1229 2434 1280 et
2462 1242 2725 1298 expresse

317 1298 379 1356 in
408 1299 585 1375 Lege,
617 1319 746 1376 quae
765 1300 1057 1359 Christum
1084 1319 1203 1358 non
1231 1300 1413 1374 novit,
1443 1299 1771 1358 continetur
1797 1307 1990 1358 tamen
2019 1300 2080 1357 in
2107 1320 2176 1358 ea
2204 1302 2262 1358 in
2283 1321 2504 1377 genere,
2535 1310 2593 1361 et
2619 1302 2722 1361 im-

306 1379 517 1454 plicite,
550 1387 835 1456 quatenus
865 1379 993 1437 Lex
1028 1378 1199 1455 jubet
1226 1399 1333 1437 nos
1359 1378 1592 1437 credere
1622 1380 1779 1439 omni
1807 1379 1920 1437 Dei
1950 1378 2164 1454 Verb0,
2209 1388 2269 1438 et
2295 1381 2451 1437 omni
2479 1382 2721 1457 promis-

316 1458 467 1515 sioni
521 1459 665 1535 ejuS,
712 1467 777 1517 ut
820 1477 991 1517 nemo
1035 1458 1289 1534 potuerit
1332 1457 1481 1533 Legi
1524 1458 1936 1534 obtemperare,
1988 1458 2089 1534 qui
2129 1479 2246 1517 non
2286 1468 2522 1537 paratus
2549 1460 2725 1519 fuerit

316 1536 493 1595 etiam
521 1537 721 1599 Verbo
752 1535 1063 1613 Evangelii
1090 1537 1339 1611 credere,
1372 1536 1423 1593 si
1450 1556 1485 1593 a
1514 1536 1641 1595 Deo
1669 1538 1990 1595 revelatum
2017 1536 2238 1597 fiiisset.

398 1616 483 1675 X.
530 1616 643 1690 Qui
670 1616 893 1694 accepit
920 1616 1076 1675 vires
1102 1614 1443 1691 resurgendi
1469 1636 1505 1673 a
1530 1616 1716 1692 lapsu,
1761 1635 1880 1673 non
1905 1636 2052 1694 opus
2091 1616 2268 1676 habet
2299 1618 2471 1677 novis
2498 1618 2722 1678 viribus

316 1695 392 1753 ad
419 1695 857 1773 resurgendum,
880 1696 995 1754 nisi
1020 1696 1190 1772 lapsu
1218 1715 1323 1753 suo
1352 1714 1451 1753 eas
1472 1694 1627 1753 vires
1648 1696 1878 1755 amittat
1899 1717 1913 1772 ;
1944 1695 2100 1772 quod
2128 1696 2343 1755 factum
2373 1698 2447 1755 ab
2469 1696 2720 1772 Adam0,

315 1774 416 1851 qui
442 1775 736 1855 peccando
764 1775 1081 1851 potentiam
1122 1775 1282 1832 illam
1311 1794 1539 1833 omnem
1577 1794 1709 1833 cum
1743 1774 1974 1851 justitia
2015 1775 2282 1852 originali
2309 1775 2600 1853 perdidit:
2661 1777 2724 1835 Si

314 1854 455 1930 ergo
482 1864 615 1931 post
640 1854 868 1931 lapsum
908 1873 1027 1912 non
1053 1862 1245 1931 potest
1285 1853 1532 1931 propriis
1560 1853 1784 1913 viribus
1825 1874 2142 1931 resurgere,
2187 1876 2304 1913 non
2345 1855 2480 1914 inde
2523 1856 2719 1933 oritur,

314 1912 475 2009 quod
503 1934 657 1991 vires
684 1934 817 1991 illas
845 1934 905 1990 in
934 1934 1221 1992 creatione
1250 1953 1367 1990 non
1394 1933 1696 2008 acceperit,
1729 1934 1832 1991 sed
1861 1934 2017 2010 quod
2046 1954 2144 1993 eas
2171 1954 2274 2011 per
2305 1936 2532 2012 lapsum
2581 1936 2721 1993 ami-

316 2013 470 2071 serit.
524 2044 527 2049 ·
559 2013 681 2071 Nec
710 2012 825 2070 dici
852 2019 1061 2089 potest,
1094 2032 1193 2071 eas
1234 2011 1421 2069 amitti
1448 2031 1565 2069 non
1592 2013 1868 2087 potuisse,
1900 2013 2038 2089 quia
2077 2033 2217 2071 usus
2245 2033 2442 2071 earum
2471 2022 2594 2073 erat
2621 2014 2720 2073 de-

314 2112 473 2149 mum
500 2099 633 2170 post
659 2093 920 2169 lapsum3
976 2110 1111 2149 nam
1140 2111 1255 2149 non
1283 2091 1475 2149 minus
1516 2108 1579 2148 se
1620 2110 1855 2149 exerere
1885 2092 2208 2151 debuerunt
2235 2102 2368 2151 ante
2404 2093 2631 2171 lapsum
2660 2095 2722 2151 in

312 2190 381 2229 eo
408 2171 805 2249 praecavendO,
837 2190 1011 2248 quam
1038 2169 1099 2229 in
1126 2190 1196 2229 eo
1224 2169 1584 2247 corrigendo,
1616 2169 1669 2229 si
1693 2170 1756 2227 in
1783 2169 2015 2229 homine
2044 2172 2409 2231 mansissent.

1236 2408 1624 2485 QUAESTIO
1666 2409 1788 2468 111.

1160 2586 1241 2628 DE
1270 2586 1543 2628 roam-:RE
1571 2584 1856 2628 NATURAE.

611 2727 706 2786 An
734 2729 945 2786 Foedus
972 2728 1209 2805 aliquod
1232 2748 1357 2787 cum
1384 2728 1609 2786 Adamo
1636 2729 1800 2786 Deus
1815 2727 2118 2804 pepigerit,
2141 2737 2196 2786 ct
2219 2731 2387 2805 quale
2407 2737 2432 2786 ἓ

392 2885 441 2942 Ι.
474 2885 620 2945 Cum
649 2887 868 2945 Foedus
894 2886 1047 2946 inter
1072 2885 1335 2946 homines
1365 2887 1591 2946 dicatur
1615 2885 1798 2963 vulgo
1825 2895 2020 2945 mutua
2041 2887 2234 2962 pactio
2261 2889 2507 2946 duarum
2525 2889 2714 2963 pluri-

307 2984 467 3022 umve
483 2985 865 3041 personarum
892 2970 963 3024 de
990 2967 1153 3025 certis
1180 2968 1335 3025 bom‘a
1362 2976 1416 3024 et
1439 2967 1630 3038 officiis
1657 2975 1848 3024 mutuo
1867 2967 2214 3042 praestandis
2239 2968 2542 3025 communis
2569 2968 2716 3026 utili-

309 3044 439 3101 tatis
466 3065 601 3120 erqo
616 3069 641 3117 ;
684 3047 763 3104 Et
788 3048 895 3104 has
924 3045 1284 3105 conditiones
1304 3045 1591 3122 praecipue
1618 3045 1890 3122 postulet,
1926 3047 1978 3103 1.
2002 3054 2069 3104 ut
2093 3065 2354 3122 personae
2383 3046 2498 3104 sint
2527 3067 2715 3122 aequa·

308 3121 411 3196 les,
437 3124 533 3202 vel
562 3124 915 3200 simpliciter,
947 3126 1045 3183 vel
1066 3125 1127 3181 in
1154 3125 1545 3184 certo·saltem
1575 3125 1793 3199 ordine,
1826 3128 1882 3184 2.
1911 3134 1978 3184 ut
2005 3125 2069 3182 in
2095 3144 2200 3183 sua
2227 3133 2512 3202 potestate
2539 3127 2716 3184 habe-

308 3209 409 3260 ant
436 3201 589 3259 bona
615 3203 711 3260 vel
740 3203 927 3261 officia
952 3223 1083 3279 quae
1128 3203 1239 3262 sibi
1266 3211 1469 3262 mutuo
1496 3213 1772 3280 praestare
1799 3202 2030 3280 debent,
2061 3212 2120 3262 et
2148 3213 2214 3263 ut
2242 3204 2434 3281 quoad
2471 3205 2574 3263 illa
2602 3206 2718 3264 sint

308 3280 619 3356 αὑηξοὺσιοι,
651 3284 707 3340 3.
738 3290 804 3340 ut
830 3301 949 3340 non
976 3282 1093 3340 sint
1120 3283 1393 3358 obligatae
1421 3283 1641 3358 absque
1669 3283 1773 3340 illa
1799 3284 2063 3359 pactione
2091 3283 2168 3340 ad
2195 3283 2382 3342 officia
2408 3284 2511 3341 illa
2535 3304 2714 3362 praes-

308 3360 514 3420 tanda:
560 3361 793 3419 Certum
814 3369 903 3418 est
930 3360 1120 3418 foedus
1140 3361 1253 3418 Dei
1280 3381 1411 3419 cum
1439 3360 1672 3418 homine
1701 3361 1898 3419 stricte
1918 3361 2208 3438 loquendo
2225 3363 2579 3421 intercedere
2599 3383 2717 3421 non

306 3459 516 3518 posse-3
566 3442 617 3496 1.
648 3440 785 3516 quia
809 3439 973 3498 nulla
999 3439 1169 3498 datur
1208 3439 1360 3498 inter
1388 3440 1579 3497 Deum
1607 3446 1666 3497 et
1706 3439 1998 3497 hominem
2027 3441 2326 3516 aequalitas
2354 3441 2450 3498 vel
2477 3461 2713 3518 propor-

310 3520 407 3593 tio,
438 3527 505 3577 ut
530 3538 637 3577 nec
664 3519 815 3577 inter
839 3520 993 3577 bona
1020 3538 1150 3594 quae
1178 3519 1339 3576 Deus
1362 3537 1467 3578 suo
1494 3517 1710 3576 foedere
1737 3518 2037 3594 promittit,
2085 3525 2144 3576 et
2171 3518 2358 3576 officia
2383 3539 2514 3595 quae
2540 3521 2716 3578 homo

307 3606 579 3676 praestare
616 3605 861 3674 tenetur,
902 3618 977 3657 ex
1010 3597 1223 3675 quibus
1248 3597 1396 3654 nihil
1421 3597 1691 3656 utilitatis
1731 3597 1858 3654 Deo
1899 3597 2288 3676 αὐταρκεστάτῳ
2330 3597 2568 3671 accedit,
2615 3598 2714 3658 Ps.

307 3677 429 3737 xvi.
461 3684 526 3753 23
572 3681 628 3736 2.
652 3677 788 3754 quia
815 3678 989 3736 homo
1015 3677 1177 3737 nullo
1204 3684 1472 3753 respectu
1500 3684 1589 3734 est
1614 3675 1932 3750 αὖτιξοῦσιος,
1954 3685 2012 3734 et
2039 3683 2269 3734 tenetur
2293 3676 2466 3735 etiam
2495 3677 2714 3754 absque

306 3757 429 3815 ullo
456 3765 627 3834 pacto
654 3757 731 3814 ad
758 3757 1099 3835 obsequium
1118 3757 1250 3815 Deo
1276 3755 1699 3833 praestandum3
1745 3758 1800 3814 3.
1815 3753 1952 3832 quia
1977 3756 2152 3814 homo
2180 3755 2256 3812 ad
2283 3755 2346 3813 id
2372 3755 2519 3813 nihil
2547 3775 2623 3815 ex
2652 3776 2714 3816 se

308 3836 567 3894 conferre
604 3843 811 3915 potest,
857 3837 961 3895 sed
996 3844 1183 3895 totum
1220 3856 1257 3894 a
1285 3836 1412 3894 Deo
1444 3834 1675 3912 pendet,
1705 3842 1826 3893 tam
1859 3835 2051 3912 quoad
2091 3835 2308 3894 bonum
2350 3836 2712 3912 promissum,

307 3933 482 3992 quam
510 3916 702 3992 quoad
730 3916 979 3974 officium
1006 3923 1373 3992 praeceptum,
1405 3914 1480 3972 ad
1508 3914 1665 3990 quod
1693 3914 2064 3990 prestandum
2110 3915 2271 3972 Deus
2311 3913 2531 3972 homini
2559 3916 2716 3974 vires

304 3995 566 4072 largitur.
612 3996 773 4055 Deus
794 4003 987 4055 tamen
1008 4015 1112 4072 per
1130 4014 1413 4055 summam
1439 3996 1832 4066 mna-risam
1855 4013 1988 4052 cum
2009 3993 2300 4053 Creaturis
2319 3994 2506 4052 voluit
2527 3994 2717 4056 foedus

306 4075 385 4133 ali
427 4073 544 4132 uod
570 4075 739 4134 inire.

387 4095 474 4212 cIII.
519 4154 757 4220 Poterat
782 4153 1016 4230 quidem
1047 4155 1208 4213 Deus
1235 4173 1339 4231 pro
1359 4154 1491 4231 jure
1521 4172 1626 4213 suo
1657 4153 2042 4213 obedientiam
2069 4152 2290 4211 homini
2327 4173 2364 4211 a
2391 4171 2453 4212 se
2482 4153 2716 4214 condito

304 4234 677 4310 praescribere
707 4235 831 4292 sine
856 4233 979 4292 ulla
1004 4234 1225 4310 praemii
1252 4233 1701 4311 pollicitatione3
1759 4233 1864 4293 sed
1891 4241 1955 4292 ut
1997 4251 2326 4309 supremum
2353 4233 2500 4292 illud
2528 4232 2712 4292 domi-

305 4313 465 4371 nium
494 4313 752 4373 bonitate
782 4332 887 4372 sua
912 4321 1272 4391 temperaret,
1304 4313 1493 4371 foedus
1520 4312 1761 4388 addidit,
1793 4311 1951 4388 quod
1977 4312 2358 4388 promissione
2385 4313 2624 4390 praemii,
2655 4320 2714 4372 et

306 4392 651 4452 obedientiae
679 4392 1050 4470 stipulatione
1078 4399 1319 4468 constat,
1393 4393 1467 4451 In
1494 4411 1627 4469 qu0,
1657 4400 1725 4451 ut
1752 4392 1794 4450 J
1797 4411 1866 4451 us
1896 4412 2062 4450 suum
2099 4392 2159 4449 in
2188 4391 2480 4451 hominem
2509 4391 2714 4450 fortius

304 4493 561 4531 asserere
588 4473 810 4549 voluit3
870 4473 965 4531 Ita
1006 4491 1287 4531 summam
1314 4471 1733 4548 benignitatem
1763 4471 2180 4531 demonstravit
2220 4472 2282 4528 in
2309 4491 2379 4530 eo
2406 4470 2562 4547 quod
2589 4471 2714 4547 ipse

304 4552 523 4611 nullius
550 4552 633 4611 rei
661 4552 914 4629 indigus,
946 4560 1264 4611 creaturam
1294 4551 1405 4610 sibi
1438 4552 1564 4628 jam
1592 4570 1668 4608 ex
1697 4550 2003 4609 creationis
2036 4552 2170 4628 jure
2211 4550 2518 4623 subditam,
2551 4557 2610 4607 et
2637 4569 2714 4608 ex

304 4632 559 4692 naturali
585 4631 939 4708 obligatione
968 4633 1161 4692 omnia
1188 4631 1513 4707 debentem,
1544 4630 1690 4688 inito
1717 4629 1948 4705 foedere,
1985 4629 2062 4688 ad
2087 4630 2412 4707 propiorem
2439 4628 2532 4688 sui
2557 4649 2711 4688 com-
