3300 5225
417 364 644 412 QuAEsT.
678 344 790 425 πει]
1373 364 1451 405 m:
1479 364 1833 407 cananeus.
2439 366 2443 370 ·
2712 356 2827 413 419

1337 584 1727 659 QUAESTIO
1768 584 1890 645 XI.

409 741 503 800 An
528 741 764 801 Jmam
811 742 1104 819 oriqinazaze
1133 743 1320 817 fimet
1361 744 1664 818 naturate,
1692 743 1789 801 An
1812 745 2265 819 ...perman-au.
2283 706 2339 804 μ’
2395 745 2569 806 Prius
2592 745 2817 823 affirm„

1103 822 1324 883 Foster.
1355 822 1412 881 N
1412 842 1526 899 eg„
1555 830 1759 882 eontra
1788 822 2141 883 Pontificios.

497 977 546 1037 Ι.
591 978 846 1053 Quaestio
871 978 998 1039 haec
1024 988 1290 1040 movetur
1317 1001 1353 1038 a
1381 980 1719 1056 Pontificiis,
1764 1000 1895 1057 quse
1921 1000 2039 1039 non
2068 982 2267 1060 magni
2292 983 2569 1043 momenti
2594 983 2819 1043 videre-

410 1066 506 1117 tur
533 1078 678 1132 esse,
715 1058 768 1117 si
793 1057 866 1118 de
893 1058 1124 1119 nomine
1151 1066 1376 1119 tantum
1401 1059 1478 1119 lis
1505 1069 1697 1135 esset3
1744 1059 1862 1119 Sed
1900 1061 2039 1137 quia
2078 1062 2188 1119 sub
2228 1061 2341 1120 isto
2382 1064 2595 1122 cortice
2630 1063 2825 1122 varios

411 1156 632 1197 errores
659 1138 942 1199 inducunt
967 1136 1346 1215 Adversarii3
1390 1139 1717 1198 necessaria
1756 1139 1911 1198 facta
1953 1147 2043 1199 est
2068 1140 2145 1198 ad
2172 1140 2607 1218 intelligendam
2636 1150 2823 1203 status

411 1216 760 1295 integritatis
800 1226 1083 1293 naturam,
1130 1218 1352 1295 peccati
1400 1218 1700 1295 originalis
1726 1218 2047 1295 veritatem,
2092 1228 2153 1278 et
2178 1220 2345 1279 liberi
2372 1220 2596 1279 arbitrii
2622 1220 2819 1279 condi-

413 1295 648 1357 tionem.

857 1442 870 1455 ·
1014 1375 1100 1433 11.
1143 1374 1293 1449 Quia
1319 1394 1460 1434 vero
1485 1376 1731 1435 multum
1758 1376 2138 1454 logomachiae
2165 1377 2315 1436 solet
2362 1378 2427 1436 in
2472 1378 2583 1437 hac
2623 1378 2821 1453 Quaes-

411 1438 892 1555 Ῑῖζξξῑέθῶξξῶῗ·
935 1454 1100 1547 tione·
1117 1454 1364 1546 misceri,
1399 1454 1474 1547 ob
1500 1454 1877 1531 multiplicem
1908 1456 2072 1548 vocis
2098 1456 2395 1549 naturalis,
2443 1465 2503 1517 et
2550 1478 2820 1534 superna-

441 1606 486 1652 1.
517 1607 848 1675 ..ff-...m
932 1532 1661 1689 ffifflm
1692 1532 2826 1692 dfflffifflmfflssffimm..

411 1699 618 1750 natura
643 1691 892 1753 trahitur
915 1700 977 1751 et
1022 1691 1110 1749 illi
1153 1700 1243 1751 est
1269 1691 1368 1749 vel
1403 1700 1787 1767 concreatum,
1814 1692 1913 1750 vel
1942 1694 2329 1770 congenitum,
2360 1694 2560 1770 illique
2587 1694 2823 1771 penitis·

934 1770 1078 1830 sime
1105 1770 1368 1847 infixum,
1411 1769 1569 1847 quod
1609 1770 1919 1848 opponitur
1957 1772 2277 1832 adventitio·
2360 1777 2417 1832 2.
2465 1773 2824 1833 Coewdtutive

936 1859 997 1910 et
1022 1850 1375 1924 consecutive,
1419 1849 1577 1927 qnod
1621 1858 1889 1910 naturam
1914 1851 2000 1909 rei
2027 1851 2342 1927 constituit,
2383 1852 2482 1910 vel
2525 1852 2825 1930 consequi-

415 1934 525 2002 tur,
576 1935 638 1987 et
675 1926 807 1989 fluit
843 1948 882 1989 a
921 1928 1220 2007 principiis
1247 1938 1487 2002 naturae,
1531 1929 1735 2005 quales
1782 1938 1919 1989 sunt
1963 1938 2159 2007 partes
2204 1932 2291 1989 rei
2330 1931 2685 2007 essentiales,
2728 1932 2828 1991 vel

441 2022 480 2101 3⁴
532 2056 574 2103 P
599 2058 654 2103 ff
701 2058 744 2104 ti
936 2009 1063 2085 ejus
1110 2007 1525 2085 proprietates;
1566 2007 1725 2084 qnod
1771 2008 2079 2085 opponitur
2132 2010 2479 2069 accidentali.
2583 2014 2641 2071 3.
2682 2012 2825 2069 Pcr-

475 2091 487 2104 '
573 2072 600 2103 ⁰
647 2073 700 2104 ⁰⁰
744 2072 820 2105 ὀ·
919 2087 1141 2163 sectivo,
1185 2086 1343 2163 quod
1387 2094 1608 2145 natiue
1650 2086 1923 2147 convenit
1962 2096 2023 2146 et
2061 2087 2222 2146 illam
2265 2096 2432 2148 ornat
2474 2096 2535 2149 et
2578 2090 2821 2167 perficit,

936 2164 1096 2243 quod
1136 2165 1444 2242 opponitur
1487 2165 1544 2225 ei
1589 2165 1749 2242 quod
1791 2173 1883 2225 est
1922 2176 2121 2225 comm
2166 2176 2452 2227 natm-am.
2536 2170 2595 2227 4.
2641 2170 2828 2229 Tran-

936 2245 1109 2321 sitivc‚
1140 2244 1299 2321 quod
1324 2264 1456 2303 cum
1481 2252 1691 2303 natura
1714 2244 2025 2321 propagari
2049 2244 2270 2305 debuit.

497 2322 620 2383 ΙΙΙ.
665 2323 892 2384 Rursus
933 2333 1150 2385 natura
1195 2324 1441 2401 spectari
1491 2330 1701 2401 potest,
1732 2324 1829 2383 vel
1883 2332 1951 2384 ut
2002 2324 2237 2400 imma,
2268 2324 2366 2383 vel
2419 2331 2486 2383 ut
2536 2344 2707 2384 corr-u

419 2422 554 2460 nam
581 2403 848 2479 quaedam
891 2412 1028 2465 sunt
1074 2403 1360 2462 naturalia
1386 2402 1581 2479 quoad
1605 2402 1873 2479 primum,
1923 2422 2053 2479 quae
2082 2412 2218 2463 sunt
2244 2404 2699 2481 supernaturalia
2738 2423 2828 2464 re·

417 2490 620 2557 spectu
667 2484 954 2543 secundae.
1037 2482 1315 2543 Naturale
1359 2483 1422 2541 in
1463 2490 1671 2541 natura
1713 2482 1941 2559 integra
1981 2481 2044 2540 id
2090 2483 2390 2542 dicebatur
2430 2483 2669 2559 homini,
2710 2502 2831 2543 non

417 2560 590 2621 modo
644 2563 804 2639 quod
848 2571 1113 2624 naturam
1161 2562 1288 2641 ejus
1335 2561 1725 2622 constituebat
1776 2562 2178 2637 essentialiter,
2232 2562 2333 2623 vel
2376 2563 2835 2641 consequebatur

417 2643 758 2719 necessario,
806 2644 910 2723 sed
953 2641 1110 2721 quod
1157 2651 1378 2702 natura
1406 2633 1491 2700 ita
1515 2641 1911 2717 conveniebat,
1960 2649 2021 2701 et
2065 2642 2303 2702 insitum
2346 2651 2484 2718 erat,
2517 2651 2582 2702 ut
2610 2643 2733 2702 sine
2760 2661 2832 2702 eo

417 2721 648 2798 integra
689 2741 818 2782 esse
864 2743 982 2782 non
1027 2721 1346 2800 potuisset3
1395 2721 1841 2800 Super-naturale
1896 2739 2053 2796 vero,
2109 2722 2269 2798 quod
2320 2721 2539 2780 homini
2586 2722 2831 2800 integro,

417 2821 592 2880 supra
617 2809 838 2862 naturae
863 2801 1146 2881 principia·
1173 2809 1232 2860 et
1255 2801 1436 2860 animi
1461 2801 1628 2860 dotes
1655 2799 2002 2858 adveniebat
2027 2800 2103 2858 ad
2130 2801 2258 2877 ejus
2282 2800 2709 2878 perfectionem.

1021 2879 1134 2941 IV.
1177 2881 1313 2940 Non
1351 2879 1644 2958 quaerinu,
1690 2877 1791 2937 An
1818 2879 1863 2939 J
1866 2879 2065 2938 ustitia
2090 2879 2389 2957 originalis
2416 2880 2643 2939 dicetur
2665 2889 2831 2939 nat-us-

937 2960 1086 3020 ralt's
1116 2961 1456 3020 constitutive
1483 2980 1520 3018 a
1544 2958 1739 3037 priori,
1768 2958 1867 3017 vel
1894 2959 2227 3018 consecutive
2256 2979 2293 3018 a
2314 2959 2636 3036 posteriori,
2666 2959 2837 3038 quasi

941 3041 1038 3100 vel
1077 3049 1343 3100 naturam
1390 3039 1576 3116 ipsam
1620 3039 2014 3114 constitueret,
2054 3039 2152 3096 vel
2194 3047 2679 3116 consequeretur-3
2721 3040 2835 3099 hoc

420 3118 576 3178 enim
601 3137 772 3178 nemo
799 3128 1060 3178 nostrum
1087 3120 1310 3179 asserit.
1394 3119 1544 3194 Non,
1575 3116 1678 3176 An
1706 3117 1783 3178 sit
1809 3119 1943 3178 talis
1972 3117 2324 3194 ‹m'yinalitcr
2340 3126 2399 3178 et
2425 3119 2728 3194 transitive,
2759 3119 2835 3177 ab

420 3197 646 3274 >origine
671 3206 813 3274 puta
839 3197 1106 3272 deducta,
1135 3208 1196 3258 et
1221 3218 1354 3275 qnae
1381 3197 1456 3256 ad
1483 3205 1763 3274 posteros,
1796 3199 1846 3257 si
1870 3197 2044 3257 homo
2060 3197 2287 3276 integer
2310 3197 2676 3275 perstitisset,
2702 3217 2834 3275 pro-

421 3274 690 3353 paganda
715 3275 952 3354 fiiisset3
995 3278 1108 3336 hoc
1134 3277 1287 3336 enim
1315 3294 1484 3335 nemo
1511 3295 1588 3334 ex
1617 3277 1938 3336 Pontificiis
1964 3285 2157 3354 negat.
2240 3277 2391 3352 Non,
2436 3277 2538 3335 An
2566 3278 2646 3336 sit
2667 3286 2835 3337 natur-

422 3355 561 3414 ralis
587 3375 738 3433 resp.
755 3364 932 3414 status
958 3356 1250 3431 συναφεῖς
1271 3355 1440 3414 facile
1467 3355 1620 3414 enim
1649 3355 2035 3430 concedimus,
2057 3356 2143 3414 ita
2166 3356 2241 3414 ab
2267 3356 2500 3415 homine
2526 3357 2691 3434 lapso
2708 3375 2837 3416 esse

424 3434 690 3509 alienam,
735 3443 804 3494 ut
847 3434 971 3494 sine
1000 3433 1421 3511 supernaturali
1465 3432 1620 3492 dono
1646 3433 1849 3510 gratiss
1876 3433 2036 3492 illam
2078 3454 2413 3510 recuperare
2460 3455 2578 3493 non
2621 3435 2833 3495 valeat.

431 3513 566 3590 Sed,
605 3513 708 3572 An
752 3514 828 3573 sit
853 3515 1136 3574 naturalis
1162 3521 1426 3590 respectu
1453 3519 1634 3570 status
1659 3513 1879 3588 inteyn',
1902 3533 2033 3590 quse
2059 3513 2385 3571 necessaria
2412 3514 2489 3572 sit
2514 3513 2591 3571 ad
2617 3513 2835 3590 perfec·-

423 3593 888 3654 tionemnaturae
915 3593 1175 3671 integrae,
1205 3601 1266 3653 et
1281 3612 1412 3670 qnae
1437 3591 1724 3668 pertineat
1748 3591 1825 3649 ad
1852 3590 2019 3650 dotes
2050 3591 2279 3649 nativas
2304 3591 2555 3648 hominis
2582 3591 2795 3666 integri
2816 3613 2834 3668 ς

420 3673 508 3732 sic
536 3673 690 3732 enim
716 3674 891 3731 homo
917 3693 1034 3732 non
1063 3681 1356 3751 spectatur
1381 3669 1720 3748 simpliciter
1733 3669 1983 3748 physice,
2013 3688 2131 3745 qua
2154 3668 2349 3746 home,
2377 3669 2483 3728 sed
2512 3671 2839 3746 Theoloyicc

425 3761 487 3812 et
513 3752 820 3828 moraliter,
853 3772 969 3829 qua
997 3771 1172 3812 sanus
1199 3760 1258 3812 et
1285 3751 1527 3826 integer.

503 3831 582 3890 V.
627 3831 918 3891 Pontificii
960 3831 1166 3892 volunt
1207 3832 1252 3892 J
1255 3829 1512 3890 ustitiam
1565 3827 1906 3905 originalem
1955 3845 2083 3887 esse
2124 3827 2340 3887 donum
2380 3827 2835 3905 supernaturale,

422 3910 582 3988 quod
607 3910 684 3969 ad
709 3911 937 3970 nativas
979 3911 1230 3970 hominis
1275 3908 1488 3986 integri
1528 3907 1694 3966 dotes
1722 3915 1781 3966 et
1806 3907 1961 3966 vires
1988 3905 2422 3983 superadditum
2447 3905 2641 3966 fuerit.
2722 3907 2841 3968 Cur

423 3999 617 4049 autem
643 3990 757 4050 ista
783 3997 1056 4067 statuant,
1075 4009 1306 4049 causam
1335 3987 1487 4048 Bell.
1515 3986 1772 4064 exponit,
1804 3987 1895 4045 De
1922 3987 2111 4064 gratia
2135 3985 2307 4063 primi
2332 3985 2599 4061 hominis,
2630 4006 2680 4046 c.
2698 4003 2757 4046 v.
2780 3994 2843 4048 et

424 4068 524 4144 vi.,
555 4063 711 4147 quod
753 4070 815 4128 in
840 4069 1074 4130 homine
1119 4068 1459 4129 naturaliter
1483 4085 1683 4145 pugna
1706 4065 1881 4126 fuerit
1904 4067 2057 4126 inter
2081 4085 2310 4125 carnem
2338 4074 2397 4125 et
2424 4065 2705 4142 spiritum,
2746 4086 2839 4124 ra·

424 4148 642 4208 tionem
669 4157 730 4208 et
757 4150 1091 4227 appetitum,
1115 4168 1192 4208 ex
1219 4168 1335 4225 qua
1361 4146 1565 4206 flueret
1591 4145 1828 4205 morbus
1856 4153 1915 4205 et
1940 4146 2187 4222 languor
2212 4144 2449 4221 quidam
2474 4153 2713 4220 naturae,
2737 4145 2841 4222 qui

426 4248 504 4286 ex
531 4228 861 4288 conditione
888 4229 1142 4288 materiae
1169 4228 1449 4302 oriretur3
1495 4226 1638 4285 Ideo
1670 4225 1860 4285 Deum
1882 4225 2171 4302 justifiam
2198 4223 2535 4301 originalem
2563 4231 2844 4301 tanquam

411 4310 671 4382 fraenum
696 4328 935 4368 aureum
962 4307 1271 4383 addidisse,
1301 4305 1459 4384 quod
1479 4305 1773 4365 cohiberet
1792 4304 1953 4363 illam
1979 4324 2251 4383 pugnam,
2282 4312 2342 4363 et
2366 4302 2549 4363 instar
2574 4305 2841 4381 pretiosa

425 4387 604 4463 vacek,
635 4406 766 4464 quae
786 4386 1106 4447 nuditatem
1133 4387 1316 4464 ipsius
1333 4394 1572 4462 tegeret,
1597 4393 1659 4444 et
1682 4385 2083 4458 medicamenti,
2108 4382 2266 4460 quod
2286 4391 2515 4442 sanaret
2530 4383 2695 4442 illum
2715 4385 2838 4442 lan-

427 4485 686 4543 guorem.
732 4467 874 4542 Quae
902 4467 1259 4526 communior
1277 4474 1368 4524 est
1387 4463 1542 4542 apud
1563 4465 1721 4540 ipsos
1738 4464 2039 4538 sententia,
2067 4463 2207 4523 licet
2232 4463 2547 4522 reclament
2570 4462 2667 4539 hic
2692 4463 2738 4522 J
2740 4483 2839 4520 an-

429 4546 681 4622 senistae,
731 4554 789 4605 et
835 4546 934 4605 alii
978 4567 1110 4605 cum
1151 4546 1311 4623 ipsis.
1397 4542 1571 4604 Unde
1599 4551 1787 4602 ortum
1814 4543 1961 4602 illud
1993 4542 2495 4618 Scholasticorum,
2523 4543 2845 4602 Naturalia

334 4699 340 4706 ο
429 4626 698 4686 manaim
725 4627 962 4704 intcyra,
991 4623 1458 4703 supernaturalia
1482 4641 1620 4684 vero
1649 4631 1867 4682 tantum
1890 4623 2119 4684 amessa.

442 1820 488 1865 2.
519 1821 866 1870 Constitutive.

446 2214 491 2259 4.
505 2196 511 2203 '
523 2212 817 2263 rrmitive.

477 2945 645 2993 Status
668 2945 834 2997 Quas-

567 3005 732 3050 tionis.
