3300 5225
306 371 533 422 αυεετ.
560 352 654 435 x.]
1302 375 1381 419 na
1408 376 1692 423 vacca-ro.
2617 357 2690 414 57
2703 359 2734 414 1

313 512 539 588 rationi,
566 513 663 572 vel
691 514 903 591 sensui,
934 514 1033 574 vel
1058 514 1447 594 experientius,
1469 516 1567 577 vel
1593 516 1724 576 aliis
1749 514 2568 594 locisparallelis'repug’nant.
2616 515 2734 574 Sed

312 590 408 650 hic
435 594 721 653 contraria
746 594 956 654 omnia.
1650 619 1672 650 ο

348 719 394 766 2·
412 721 491 767 Ex
512 719 633 767 Gon.
653 737 699 769 v.
720 725 766 771 3.
877 673 1102 811 diVIssg:
1136 673 1601 812 Secundobiglglm
1620 672 1910 812 evgnbcitur
1930 693 2006 766 ex
2021 675 2171 734 Gen.
2184 672 2442 810 v.‚3.·13bi
2463 671 2732 810 Adamtigg

646 779 717 800 -a
938 771 993 810 cl
1230 771 1387 811 mssa
1560 772 1662 811 um
1795 771 2097 828 tmafflnem
2116 771 2295 827 suam,
2324 772 2347 809 1
2391 795 2404 810 .
2429 769 2598 810 corru

316 828 647 898 corruptum
668 846 683 883 ε
711 831 999 908 corrumpi
1024 771 1231 890 autgeffi1
1246 832 1305 890 in
1326 832 1700 907 generatione
1721 831 1838 890 alia
1855 830 2080 890 ratione
2096 849 2214 888 non
2233 831 2439 908 potuit,
2459 771 2636 906 quanli
2654 849 2730 888 ex

316 908 611 960 contracta
625 904 757 964 labe
778 907 1063 986 originali.
1093 909 1213 968 Ubi
1232 909 1488 968 notanda
1497 910 1806 969 antithesis
1825 911 1978 969 inter
1991 909 2304 988 imaginem
2317 909 2448 983 Dei,
2461 908 2537 966 ad
2555 925 2731 984 quam

314 981 593 1040 formatus
610 982 795 1045 fuerat
810 986 1091 1062 Adamus,
1112 987 1185 1046 de
1204 1007 1321 1064 qua
1338 1008 1398 1047 v.
1425 992 1480 1063 1,
1498 996 1559 1046 et
1576 988 1894 1064 imaginem
1911 988 2145 1063 Adami,
2165 987 2240 1046 ad
2260 1007 2436 1064 quam
2455 988 2734 1046 formatus

322 1061 551 1120 Setbus.
583 1062 668 1121 Ut
682 1083 822 1140 ergo
832 1064 937 1123 illa
952 1066 1245 1124 moraliter
1254 1065 1616 1144 designabat,
1628 1075 1756 1125 tum
1773 1067 2116 1143 sapientiam
2133 1066 2360 1141 mentis,
2375 1075 2498 1124 tum
2523 1065 2731 1124 sancti-

315 1147 497 1200 tatem
516 1139 867 1202 vohmtatis:
911 1145 1007 1202 Ita
1030 1163 1105 1202 ex
1133 1145 1397 1222 opposito
1424 1146 1619 1222 imago
1648 1145 1872 1206 Adami
1895 1145 2069 1204 debet
2088 1152 2288 1203 notare
2309 1144 2733 1221 corruptionem

314 1219 689 1278 inhaemntem
706 1229 766 1279 et
782 1221 1201 1281 haereditariam
1229 1231 1348 1282 tam
1376 1225 1604 1298 mentis,
1637 1243 1812 1301 quam
1833 1223 2168 1297 vohmtatis,
2191 1230 2260 1282 ut
2275 1222 2596 1299 Apostolus
2623 1223 2734 1280 hoc

318 1297 593 1374 exprimit
622 1300 651 1355 1
685 1299 901 1358 Corint.
930 1319 1030 1358 xv.
1060 1303 1157 1376 49,
1186 1302 1289 1361 ubi
1316 1303 1557 1379 opponit
1581 1303 1897 1379 imaginem
1925 1301 2142 1359 Adami
2167 1301 2340 1378 primi
2371 1309 2432 1360 et
2459 1299 2732 1375 secundi3

318 1377 481 1434 illam
526 1376 760 1452 quidem
787 1386 1070 1438 terrenam
1098 1387 1157 1438 et
1182 1381 1635 1458 corruptibilem,
1663 1381 1840 1440 istam
1863 1399 2004 1438 vero
2032 1380 2324 1438 coelestem
2353 1388 2413 1438 et
2437 1380 2734 1454 incorrup-

318 1454 561 1514 tibilem.
646 1455 887 1514 Frustra
911 1476 1052 1515 vero
1078 1457 1189 1516 hoc
1216 1457 1476 1534 refertur,
1510 1459 1627 1517 Vel
1655 1458 1731 1517 ad
1757 1459 2070 1535 imaginem
2093 1459 2396 1550 physicam
2425 1467 2484 1516 et
2511 1457 2734 1534 specifi-

320 1551 449 1592 cam
477 1532 710 1609 Admi,
740 1535 857 1594 Vel
882 1534 961 1594 ad
988 1535 1423 1596 similitudinem
1452 1538 1514 1594 in
1530 1536 1733 1612 forma,
1753 1537 1960 1614 figura,
1982 1545 2041 1596 et
2065 1536 2432 1594 hneamentis
2449 1535 2735 1595 externis:

322 1612 473 1686 Quia
498 1631 617 1670 non
643 1612 759 1670 alia
800 1614 1021 1672 ratione
1047 1613 1221 1674 debet
1262 1614 1515 1692 intelligi
1540 1615 1754 1691 imago,
1807 1616 1882 1674 ad
1929 1634 2102 1691 quam
2145 1615 2341 1672 Adam
2367 1614 2640 1672 formavit
2665 1614 2735 1671 li-

318 1690 491 1750 beros
518 1710 673 1766 suos,
702 1711 877 1768 quam
903 1712 1021 1769 quo
1048 1711 1225 1752 sensu
1252 1693 1513 1768 sumitur,
1544 1713 1726 1770 quum
1751 1695 1926 1752 homo
1953 1693 2165 1752 dicitur
2203 1692 2390 1752 factus
2431 1692 2508 1750 ad
2533 1691 2736 1768 imagi·

320 1788 456 1828 nem
486 1768 615 1845 Dei,
646 1789 763 1828 non
794 1771 1053 1847 physice,
1084 1771 1191 1830 sed
1216 1773 1529 1832 moraliter.
1613 1772 1770 1847 Quid
1795 1792 1936 1832 vero
1963 1790 2110 1849 opus
2136 1770 2249 1830 fuit
2271 1768 2585 1850 διαςιτηὸς
2619 1778 2739 1828 tam

323 1848 649 1924 emphatica
672 1849 886 1925 phrasi,
918 1858 978 1908 et
1005 1851 1301 1926 geminata
1325 1870 1469 1910 voce
1498 1851 1561 1908 id
1606 1869 2072 1924 commemorare,
2102 1848 2262 1926 quod
2299 1869 2404 1926 per
2431 1869 2494 1908 se
2521 1857 2739 1908 certum

324 1934 465 2000 erat,
512 1933 572 1984 et
617 1926 837 1984 homini
884 1947 1017 1986 cum
1059 1928 1247 1986 brutis
1296 1947 1597 1988 commune
1612 1934 1643 1988 ⁴?
1688 1930 1806 1988 Sed
1847 1929 1994 1988 ratio
2037 1929 2150 1987 fuit
2191 1928 2500 2004 peculiaris
2539 1947 2642 1986 cur
2667 1927 2740 1986 de

329 2005 507 2064 Setbo
533 2004 645 2064 hoc
671 2005 1009 2083 praedicaret
1034 2007 1229 2084 potius
1256 2025 1429 2083 quam
1457 2006 1533 2064 de
1576 2008 1767 2066 Abele
1811 2008 1912 2084 qui
1939 2007 2048 2065 fuit
2095 2005 2308 2081 dmm,
2353 2016 2412 2065 et
2439 2007 2512 2065 de
2541 2005 2736 2080 Cain0,

326 2083 421 2143 cui
446 2090 682 2160 propter
706 2085 887 2142 vitam
916 2083 1265 2160 flagitiosam
1293 2085 1484 2162 potuit
1524 2086 1748 2144 censeri
1774 2086 1886 2144 hoc
1925 2085 2218 2161 proprium
2245 2085 2424 2144 fuisse
2449 2107 2464 2143 ε
2503 2085 2644 2142 nim.
2673 2092 2745 2143 ut

326 2161 659 2238 designaret
688 2163 937 2239 Spiritus
969 2164 1217 2223 Sanctus
1244 2163 1687 2240 praerogativam
1720 2163 1970 2222 Seminis
1997 2162 2200 2238 sancti,
2230 2163 2400 2240 cujus
2427 2163 2616 2239 Caput
2641 2161 2739 2222 de-

326 2240 622 2316 buitgesse,
653 2260 771 2300 non
796 2241 1111 2318 obstitisse,
1142 2243 1455 2319 quominus
1480 2251 1786 2319 corruptus
1813 2249 2020 2301 natura
2045 2247 2214 2315 esset,
2245 2249 2444 2318 utpote
2471 2261 2550 2300 ex
2577 2239 2737 2298 Ada-

327 2337 425 2376 mo
451 2328 723 2397 corrupto
752 2319 828 2377 ad
854 2321 981 2397 ejus
1008 2321 1447 2380 similitudinem
1474 2321 1724 2398 genitus.

932 2400 1051 2458 IX.
1095 2399 1308 2474 Tertio,
1341 2400 1436 2457 Ex
1465 2399 1509 2458 J
1511 2399 1610 2458 obi
1634 2400 1760 2457 xiv.
1790 2402 1847 2457 4.
1896 2399 2038 2465 Quis
2063 2400 2198 2457 edat
2221 2401 2488 2458 mundum
2525 2417 2598 2456 ex
2637 2399 2739 2456 im·

850 2481 1057 2536 mundo
1074 2480 1103 2536 ,²
1142 2497 1213 2536 ne
1238 2497 1381 2536 umes
1410 2478 1649 2554 quidem.
1735 2477 1858 2538 Ubi
1883 2477 1956 2535 ab
1985 2477 2314 2536 hominibus
2355 2477 2624 2535 omnibus
2665 2496 2739 2535 ne

329 2571 447 2614 uno
487 2552 721 2631 quidem
764 2564 1009 2635 excepto
1034 2564 1365 2617 removetur
1390 2557 1627 2635 puritas,
1659 2564 1718 2616 et
1743 2555 1860 2615 illis
1887 2554 2162 2616 tribuitur
2187 2555 2594 2633 immundities,
2624 2575 2742 2615 non
2799 2597 2810 2606 .

330 2640 573 2691 externa
592 2636 849 2710 corporis
876 2636 1229 2713 simpliciter,
1259 2656 1390 2713 quoe
1416 2644 1608 2713 potest
1634 2635 1804 2695 facile
1831 2635 1976 2710 tolli,
2008 2635 2111 2694 sed
2137 2635 2364 2693 interna
2388 2636 2583 2709 animi,
2612 2655 2744 2712 qum

330 2720 426 2771 est
448 2711 817 2788 inevitabilis,
848 2722 908 2773 et
927 2734 1063 2790 ,quae
1090 2714 1329 2807 purgari
1354 2714 1555 2790 nequit
1580 2734 1685 2791 per
1710 2721 1992 2789 naturam,
2023 2732 2152 2790 quse
2197 2714 2512 2773 obnoxium
2553 2713 2745 2772 reddit

325 2790 549 2866 judicio
572 2790 701 2867 Dei,
720 2810 779 2849 v.
798 2795 855 2867 3,
878 2811 997 2851 non
1017 2793 1259 2852 actualis
1286 2802 1509 2852 tantum
1531 2801 1589 2852 et
1608 2794 1912 2868 transiens,
1937 2792 2042 2851 sed
2057 2810 2396 2869 permanens
2423 2802 2483 2851 et
2501 2792 2742 2851 haeredi-

333 2868 497 2945 taria,
528 2868 789 2929 derivata
814 2891 851 2929 a
875 2878 1115 2949 parente
1142 2872 1203 2929 in
1232 2872 1506 2946 sobolem,
1537 2891 1670 2948 quae.
1694 2872 1812 2930 alia
1837 2890 1966 2930 esse
1991 2871 2194 2948 nequit
2241 2889 2276 2928 a
2301 2879 2540 2948 peccato
2567 2871 2742 2947 origi·

334 2947 471 3022 nali,
513 2948 789 3025 quicquid
829 2949 1381 3026 subintelligendum
1408 2950 1485 3008 sit
1530 2950 1763 3009 nomine
1798 2968 1924 3025 unu,
1969 2950 2094 3008 sive
2139 2969 2340 3023 sennen,
2389 2949 2514 3009 sive
2561 2951 2740 3007 homo.

336 3024 541 3101 Neque
567 3027 663 3085 hic
690 3029 883 3105 excipi
910 3029 1101 3104 debet,
1114 3029 1231 3087 Vel
1257 3028 1680 3087 immunditiem
1707 3028 1867 3085 illam
1893 3048 2012 3087 non
2039 3046 2166 3087 esse
2193 3027 2594 3101 universalem,
2607 3028 2745 3104 quia

336 3102 381 3163 J
383 3101 531 3161 obus
555 3104 712 3180 alibi,
744 3126 869 3182 cap.
898 3107 1087 3181 xxxi„
1116 3107 1292 3165 talem
1340 3126 1401 3165 se
1441 3125 1560 3165 non
1602 3106 1782 3165 fuisse
1811 3108 1952 3166 satis
1996 3106 2266 3166 ostendit.
2311 3106 2384 3163 R.
2413 3106 2563 3180 Quia
2608 3106 2748 3164 licet

337 3179 471 3239 talis
498 3199 615 3239 non
642 3182 815 3241 fuerit
846 3203 949 3260 per
976 3184 1221 3259 gratiam
1250 3205 1327 3243 ex
1352 3202 1467 3262 qua
1493 3186 1788 3261 regenitus
1831 3194 1937 3260 est,
1965 3185 2101 3243 talis
2147 3193 2341 3243 tamen
2365 3192 2492 3243 erat
2513 3202 2620 3261 per
2643 3204 2745 3243 na·

336 3266 543 3331 turam,
562 3278 637 3316 ex
655 3280 771 3336 qua
789 3261 1021 3336 genitus
1040 3262 1177 3337 fuit3
1197 3263 1315 3320 Vel
1332 3262 1750 3321 immimditiem
1769 3282 1895 3321 esse
1917 3271 2320 3339 comparatam,
2335 3262 2524 3339 qualis
2543 3262 2746 3323 tribui-

338 3345 433 3395 tur
454 3334 719 3413 Angelis,
749 3358 868 3395 non
894 3338 1236 3397 absolutam.
1282 3340 1357 3397 R.
1387 3340 1539 3413 Quia
1565 3358 1752 3397 sermo
1773 3348 1864 3399 est
1879 3342 1954 3399 de
1980 3340 2085 3398 tali
2103 3340 2449 3416 impuritate,
2472 3360 2602 3416 quae
2633 3340 2746 3399 Dei

338 3434 457 3473 non
480 3423 672 3491 potest
706 3417 853 3474 ferre
874 3415 1177 3492 judicium,
1208 3424 1275 3475 ut
1302 3425 1531 3475 constat
1570 3436 1647 3474 ex
1673 3416 1869 3475 verbis
1909 3418 2238 3475 immediate
2265 3417 2744 3493 praecedentibus.

342 3494 467 3552 Ista
492 3501 684 3551 autem
710 3494 1010 3571 impuritas
1037 3502 1127 3553 est
1154 3493 1491 3571 simpliciter
1529 3494 1944 3570 peccaminosa,
1975 3512 2093 3551 non
2119 3504 2448 3569 comparata
2472 3503 2747 3553 creaturae

340 3572 465 3631 sive
506 3573 771 3631 essentiae
810 3572 983 3631 unius
1024 3580 1291 3648 respectu
1337 3572 1573 3631 alterius
1616 3571 1988 3648 imperfectio.
2073 3571 2244 3629 Hanc
2287 3572 2440 3629 enim
2487 3590 2606 3629 non
2645 3571 2745 3631 ad-

340 3650 500 3709 ducit
528 3650 689 3708 Deus
715 3652 777 3708 in
797 3650 1101 3728 judicium,
1130 3650 1245 3709 nisi
1270 3651 1614 3709 condemnet
1639 3669 1786 3727 opus
1812 3668 1998 3709 suum.

399 3772 444 3817 ⁴-
463 3772 542 3817 22
733 3772 777 3819 ε·
863 3727 1310 3866 ..susm
1334 3725 2742 3883 stssfflssezafflwmqsw..

346 3882 467 3942 Ubi
496 3881 691 3942 David
718 3884 1081 3944 ascendendo
1108 3850 1145 3943 ἑ
1171 3884 1629 3944 consideratione
1669 3883 1892 3961 peccafi
1934 3884 2176 3942 actualis
2201 3903 2238 3941 a
2265 3902 2328 3941 se
2367 3882 2622 3959 admissi,
2667 3883 2744 3942 ad

342 3961 587 4037 primam
614 3962 753 4019 mali
778 3962 987 4037 labem,
1017 3962 1231 4023 fatetur
1256 3983 1447 4023 coram
1478 3963 1605 4021 Deo
1633 3980 1698 4021 se
1723 3962 1860 4020 inde
1887 3961 1962 4020 ab
1999 3970 2161 4021 utero
2187 3969 2520 4038 corruptum
2545 3962 2743 4038 fuisse,

342 4048 405 4097 et
429 4046 667 4116 peccato
692 4040 1027 4117 obnoxium,
1056 4042 1209 4101 unde
1237 4042 1521 4101 invictum
1558 4061 1666 4119 pro
1696 4041 1943 4100 Peccato
1983 4040 2250 4116 originali
2273 4039 2406 4099 fluit
2439 4060 2743 4117 argumen-

343 4124 469 4175 tum
490 4140 507 4192 ;
551 4118 702 4175 Nam
728 4120 829 4194 qui
856 4119 919 4177 in
944 4120 1251 4197 iniquitate
1278 4128 1591 4198 conceptus
1616 4120 1728 4179 fuit
1755 4128 1815 4178 et
1839 4118 1904 4176 in
1933 4126 2169 4195 peccato
2195 4118 2370 4195 sotus,
2396 4136 2516 4177 non
2555 4128 2748 4196 potest

342 4214 473 4253 esse
501 4195 626 4253 sine
653 4197 920 4273 originali
946 4207 1201 4275 peccato.
1285 4199 1410 4257 Nec
1436 4199 1515 4259 ad
1539 4199 1662 4257 vim
1688 4198 1858 4257 istius
1882 4198 1998 4256 loci
2034 4195 2379 4257 eludendam
2405 4196 2564 4257 valet
2588 4198 2747 4275 quod

345 4272 655 4333 Volkelius
680 4276 777 4333 hic
803 4277 1031 4353 reponit
1072 4296 1205 4336 cum
1232 4277 1443 4353 sociis;
1486 4277 1604 4336 Vel
1647 4276 1934 4335 Davidem
1975 4294 2092 4334 non
2121 4296 2291 4353 agere
2341 4276 2414 4335 de
2441 4276 2744 4352 quibusvis

343 4351 691 4427 hominibus,
722 4354 827 4412 sed
853 4354 925 4413 de
955 4374 1017 4414 se
1044 4363 1287 4430 tantum,
1317 4375 1424 4415 nec
1452 4355 1808 4432 simpliciter,
1827 4355 1931 4413 sed
1955 4354 2155 4414 habita
2171 4354 2394 4414 ratione
2414 4356 2612 4432 lapsus
2633 4354 2742 4412 sui.

346 4429 421 4487 R.
451 4430 600 4487 Nam
629 4431 895 4507 quamvis
920 4434 1191 4510 loquatur
1218 4434 1291 4493 de
1319 4453 1399 4508 se,
1428 4433 1633 4511 quidni
1653 4434 1837 4510 possit
1857 4433 2030 4492 etiam
2051 4433 2126 4491 ad
2146 4434 2291 4492 alios
2311 4433 2413 4509 qui
2433 4440 2567 4491 sunt
2589 4433 2740 4508 ejus-

344 4508 477 4566 dem
506 4508 851 4569 conditionis
894 4512 1147 4586 extendi,
1179 4520 1239 4571 et
1281 4513 1381 4588 qui
1408 4512 1535 4589 pari
1572 4512 1747 4571 modo
1789 4512 2188 4589 concipiuntur
2218 4520 2277 4571 et
2304 4517 2634 4582 nascuntur,
2678 4518 2744 4568 ut

344 4587 609 4662 genitura
634 4588 817 4665 ipsius
864 4598 986 4662 crat
1012 4589 1101 4648 illi
1147 4610 1278 4649 cum
1326 4592 1549 4651 caeteris
1597 4591 1932 4666 communis,
1963 4590 2046 4650 sic
2087 4599 2146 4649 et
2172 4590 2370 4649 nativa
2409 4588 2694 4665 corruptio
2715 4592 2745 4647 3

356 2447 403 2496 3.
416 2447 495 2494 Ex
514 2447 745 2508 Job.21iv.
763 2450 807 2495 4.
