3300 5225
560 330 635 389 64
1512 350 1695 395 meus
1723 350 2043 396 secessus.
2596 332 2845 416 [Qcaesr.
2877 354 2960 401 iv.

555 484 721 566 varii,
750 487 853 567 qui
880 491 924 552 J
926 488 1201 570 osephum
1230 490 1511 569 viderant,
1558 494 1727 571 cujus
1753 512 1960 573 parens
2005 495 2238 554 Semum
2266 492 2507 571 viderat,
2539 496 2640 573 qui
2667 517 2850 575 usque
2889 498 2965 557 sd

554 570 929 629 centesimum
956 590 1169 631 annum
1196 572 1333 631 vitae
1362 592 1481 632 suae
1506 574 1697 650 potuit
1723 574 1939 633 versari
1960 592 2091 635 cum
2114 573 2497 633 Methusalem
2520 575 2596 634 ad
2615 576 2760 635 illud
2781 598 2965 657 usque

556 656 785 725 tempus
824 651 1147 727 superstite,
1177 652 1279 729 qui
1318 660 1379 711 et
1418 653 1541 730 ipse
1587 651 1880 713 Adamum
1927 652 2189 727 viderat3
2233 652 2386 712 unde
2411 654 2578 714 nullo
2603 658 2840 733 negotio
2881 659 2970 717 rei

556 728 772 787 veritas
812 729 909 788 vel
948 729 1169 789 falsitas
1223 730 1573 807 deprehendi
1598 732 1806 809 potuit.
1913 735 1971 791 3.
2033 732 2098 791 Si
2140 732 2337 791 Moses
2377 732 2654 810 impostor
2693 735 2819 811 fuit,
2862 737 2964 814 qui

560 806 851 867 Israelitas
908 808 1173 886 decipere
1219 809 1485 886 voluerit,
1541 812 1798 889 speravit
1847 811 2245 889 proculdubi0,
2301 830 2366 870 se
2409 814 2710 873 mendacia
2752 834 2858 874 sua
2905 826 2966 875 et

556 885 789 946 fraudes
830 887 1107 949 Isra'e'litis
1147 908 1591 966 persuasurum:
1634 889 1739 949 sed
1777 910 1894 967 quo
1919 890 2153 949 tandem
2193 898 2364 969 pacto
2403 892 2595 969 potuit
2617 894 2680 950 in
2707 894 2962 953 animum

555 984 723 1025 suum
763 966 1051 1043 inducere,
1102 987 1165 1028 se
1206 987 1609 1045 persuasurum
1653 970 1771 1028 iuis
1817 978 1906 1029 tot
1949 978 2224 1047 tantaque
2261 970 2542 1049 prodigia,
2586 990 2718 1049 quse
2758 974 2857 1032 vel
2899 975 2962 1033 in

554 1044 824 1123 AEgypto
851 1047 948 1105 vel
986 1048 1048 1105 in
1088 1047 1315 1107 deserto
1354 1048 1508 1108 facta
1545 1048 1832 1124 dicuntur,
1863 1048 1914 1108 si
1941 1049 2088 1107 nihil
2129 1050 2245 1109 tale
2287 1050 2670 1129 contigisset?
2709 1053 2960 1113 maxime

552 1143 684 1183 cum
712 1125 789 1183 ad
815 1145 916 1184 eos
956 1126 1246 1202 scriberet,
1276 1128 1377 1205 qui
1403 1127 1501 1186 vel
1544 1127 1717 1188 auriti
1760 1128 1856 1187 vel
1897 1128 2112 1188 oculati
2151 1136 2331 1189 testes
2365 1149 2564 1189 eorum
2591 1150 2718 1190 esse
2745 1132 2958 1193 debue-

550 1212 702 1277 runt,
734 1212 794 1263 et
820 1224 950 1263 cum
978 1205 1051 1264 de
1078 1206 1152 1264 iis
1191 1206 1482 1283 scriberet,
1512 1226 1631 1266 non
1659 1226 1790 1285 quse
1815 1208 2002 1267 multa
2040 1214 2176 1267 ante
2217 1208 2414 1267 secissa
2439 1218 2608 1287 gesta
2631 1218 2810 1287 erant,
2856 1212 2959 1270 sed

548 1280 651 1340 illo
676 1282 805 1360 ipso
844 1292 1115 1361 tempore,
1158 1304 1277 1343 non
1315 1286 1465 1344 clam
1508 1295 1568 1345 et
1610 1287 1674 1343 in
1719 1286 1952 1364 angulo,
1983 1296 2044 1346 et
2091 1306 2282 1346 coram
2307 1290 2508 1365 paucis
2551 1289 2814 1366 testibus,
2858 1291 2958 1367 qui

546 1359 716 1420 facile
742 1364 1030 1441 corrumpi
1066 1365 1405 1441 potuissent,
1450 1364 1555 1423 sed
1593 1366 1786 1442 palam
1827 1373 1886 1425 et
1924 1366 2154 1443 publice
2183 1366 2292 1425 sub
2331 1367 2516 1425 oculis
2556 1377 2958 1429 sexcentorum

545 1440 789 1501 millium
820 1441 1135 1519 hominum,
1165 1451 1226 1503 et
1247 1444 1503 1503 hostium
1543 1444 1720 1503 etiam
1759 1444 2014 1522 ipsorum
2055 1444 2586 1522 infensissimorum,
2615 1447 2714 1524 qui
2754 1457 2954 1525 potue-

546 1527 681 1579 runt
706 1522 1005 1581 mendacia
1031 1522 1212 1600 ipsius
1238 1540 1480 1600 arguere
1498 1526 1529 1582 Ρ
1609 1524 1710 1581 An
1737 1523 1925 1601 potuit
1965 1542 2194 1601 sperare
2232 1524 2457 1586 nullum
2481 1535 2768 1603 repertum
2796 1526 2864 1583 iri
2893 1527 2954 1585 in

546 1600 761 1676 populo
787 1600 890 1678 qui
916 1600 989 1661 de
1014 1600 1143 1660 istis
1170 1601 1476 1679 dubitaret,
1505 1602 1604 1662 vel
1630 1602 1732 1680 qui
1759 1602 1834 1662 ab
1862 1602 2167 1681 AEgyptiis
2207 1622 2398 1664 rerum
2426 1612 2714 1683 gestarum
2742 1606 2950 1665 verita-

547 1686 665 1737 tem
692 1697 809 1738 non
834 1680 1149 1757 requireret
1162 1684 1193 1740 Ρ
1273 1680 1374 1741 An
1414 1681 1690 1743 credibile
1718 1690 1824 1759 est,
1853 1702 1931 1743 ex
1971 1690 2134 1742 tanto
2172 1683 2469 1743 hominum
2509 1703 2762 1759 numero,
2805 1703 2954 1762 quos

546 1757 793 1851 subinde
818 1758 1123 1819 durissime
1148 1767 1423 1855 tanquam
1450 1770 1682 1855 gentem
1707 1762 1983 1855 rebellem
2010 1772 2070 1822 et
2094 1762 2432 1858 indomitam
2459 1762 2804 1840 increpabat,
2835 1766 2952 1824 imo

546 1856 1192 1979 ffiutiinfflnfflssiffs
1218 1840 2954 2000 {tffiffetffizffimfflffifflffi
3002 1887 3011 1896 '

544 2004 855 2075 potuerunt
881 1998 1159 2059 adversus
1185 1999 1391 2076 ipsum,
1420 2000 1708 2060 neminem
1748 1999 2004 2061 futurum
2031 2000 2208 2061 fuisse
2247 2002 2348 2079 qui
2377 2022 2541 2061 suam
2565 2002 2655 2061 illi
2693 2002 2952 2062 fiaudem

543 2084 605 2134 et
630 2075 1003 2154 imposturam
1030 2097 1151 2137 non
1178 2078 1504 2157 objecisset,
1547 2098 1681 2140 cum
1707 2080 1881 2139 toties
1907 2080 2188 2141 adversus
2213 2081 2402 2159 ipsum
2429 2090 2549 2141 tam
2577 2081 2772 2160 inique
2799 2102 2951 2142 mur-

544 2173 770 2216 murare
796 2165 857 2216 et
881 2157 1161 2217 rebellare
1188 2166 1494 2219 cernantur
1511 2162 1541 2218 Ρ
1622 2159 1890 2237 Denique
1917 2160 1969 2219 si
2007 2160 2378 2240 impostorem
2417 2162 2556 2239 egit,
2589 2162 2954 2222 commodum

466 2250 475 2257 ·
542 2234 779 2312 aliquod
804 2236 929 2295 sine
968 2236 1163 2313 dubio,
1194 2238 1292 2297 vel
1333 2238 1577 2316 gloriam
1618 2240 1718 2299 vel
1761 2258 1900 2317 opes
1927 2238 2062 2299 inde
2105 2240 2377 2319 captavit,
2407 2248 2474 2301 ut
2501 2240 2598 2299 vel
2639 2241 2952 2319 Imperium

541 2312 656 2373 sibi
680 2322 742 2373 et
766 2316 1011 2393 posteris
1038 2316 1417 2395 confirmaret,
1448 2318 1545 2377 vel
1570 2318 1804 2379 laudem
1831 2319 2126 2397 sapientise
2165 2328 2227 2379 et
2261 2319 2511 2379 herotem
2539 2319 2770 2378 virtutis
2795 2320 2952 2396 apud

540 2393 803 2454 homines
842 2406 1320 2474 consequeretur;
1364 2398 1469 2458 sed
1514 2417 1689 2476 quam
1729 2398 1953 2459 alienus
1989 2418 2026 2456 a
2069 2398 2218 2458 lucri
2255 2398 2354 2457 vel
2394 2396 2594 2474 glorias
2635 2397 2950 2474 cupiditate

544 2472 742 2532 Moses
768 2473 956 2551 fuerit,
986 2483 1047 2535 et
1070 2494 1166 2535 res
1202 2476 1333 2553 ipsa
1370 2477 1599 2553 clamat,
1626 2486 1690 2537 et
1729 2477 2026 2537 sinceritas
2053 2495 2169 2554 qua
2205 2475 2436 2554 propria
2459 2484 2698 2553 peecata
2723 2494 2844 2552 sua,
2889 2484 2950 2536 et

542 2550 1001 2614 incredulitatem
1028 2553 1290 2634 inprimis
1316 2564 1435 2616 tam
1460 2558 1712 2636 ingenue
1738 2556 2058 2633 confitetur,
2090 2554 2232 2615 satis
2255 2561 2518 2616 testatur.

625 2631 781 2692 XX.
826 2633 944 2694 Sed
982 2634 1131 2694 forte
1174 2635 1451 2696 Isra'e'litae
1494 2637 1803 2698 falsitatem
1849 2655 2040 2696 rerum
2087 2654 2218 2713 quae
2265 2655 2302 2694 a
2345 2635 2512 2695 Mose
2555 2633 2950 2694 referebantur

540 2721 937 2790 agnoscentes,
983 2724 1395 2776 consenserunt
1435 2717 1497 2775 in
1539 2717 1800 2777 fraudem
1840 2724 1900 2776 et
1941 2716 2330 2795 imposturam,
2361 2715 2440 2774 ad
2483 2714 2760 2793 majorem
2786 2715 2948 2792 genti

541 2790 787 2868 gloriam
813 2793 1246 2854 conciliandam.
1332 2795 1451 2856 Sed
1466 2797 1596 2874 quis
1614 2797 1848 2856 credere
1867 2796 2020 2856 ausit
2047 2794 2342 2855 Isra'e‘litas
2357 2803 2478 2854 tam
2493 2794 2727 2853 insanos
2745 2793 2945 2871 fixisse,

539 2879 605 2930 ut
630 2873 952 2933 consentire
976 2893 1096 2933 non
1120 2875 1438 2936 recusarint
1476 2877 1537 2934 in
1576 2885 1696 2936 tam
1723 2875 2012 2953 insignem
2052 2874 2426 2953 imposturam
2451 2893 2556 2952 per
2591 2893 2764 2951 quam
2797 2873 2948 2952 jugo

536 2952 855 3030 ἀριστέως-ᾳ
884 2953 1061 3032 Legis
1086 2954 1408 3015 durissimas
1448 2956 1917 3034 subjiciebantur,
1949 2955 2000 3015 si
2038 2955 2298 3032 persuasi
2325 2973 2462 3014 vere
2501 2953 2745 3014 fiiissent
2771 2953 2946 3012 talem

541 3029 759 3108 Legem
799 3033 977 3092 fuisse
1015 3052 1235 3093 merum
1284 3035 1471 3094 Mosis
1506 3042 1892 3094 commentmn
1905 3037 1936 3093 Ρ
2017 3033 2134 3093 Vel
2176 3053 2252 3094 an
2277 3034 2400 3093 ulla
2437 3033 2564 3093 veri
2605 3032 2796 3110 specie
2829 3032 2948 3092 diei

538 3119 731 3187 potest
768 3131 845 3171 ex
885 3114 1173 3173 sexcentis
1212 3115 1509 3174 hominum
1549 3115 1808 3174 millibus
1833 3111 1911 3172 ad
1935 3133 2116 3172 unum
2157 3132 2357 3172 omnes
2383 3113 2445 3171 in
2470 3111 2646 3172 talem
2685 3111 2946 3171 fraudem

538 3191 916 3269 consensisse,
946 3200 1013 3253 ut
1050 3212 1220 3252 nemo
1259 3203 1520 3272 repertus
1559 3193 1732 3253 fuerit
1771 3193 1870 3269 qui
1899 3191 2004 3251 tali
2043 3193 2286 3252 consilio
2323 3211 2386 3250 se
2429 3191 2760 3270 opposuerit
2777 3195 2808 3251 Ρ
2885 3195 2944 3250 2.

536 3268 788 3330 Tantum
815 3271 979 3332 abest
1016 3281 1084 3333 ut
1124 3272 1369 3351 gloriam
1409 3281 1469 3333 et
1506 3272 1738 3332 laudem
1778 3270 1934 3348 apud
1961 3270 2106 3330 alios
2147 3272 2260 3330 sibi
2286 3270 2422 3330 inde
2449 3269 2837 3346 conciliarent,
2879 3278 2947 3331 ut

536 3357 736 3408 contra
761 3351 957 3410 odium
982 3359 1043 3412 et
1068 3359 1463 3430 contemptmn
1490 3352 1746 3410 omnium
1785 3349 1990 3408 merito
2017 3349 2079 3408 in
2105 3368 2170 3408 se
2196 3357 2591 3409 accerserent:
2631 3349 2764 3424 quis
2791 3350 2946 3408 enim

536 3425 751 3488 dixerit
776 3429 852 3489 ad
877 3428 1053 3491 decus
1080 3431 1275 3510 gentis
1312 3429 1674 3509 pertinuisse,
1705 3437 1772 3488 ut
1803 3447 1999 3487 eorum
2041 3447 2335 3487 murmura
2359 3435 2420 3486 et
2441 3434 2682 3504 peccata
2719 3428 2942 3504 gravis-

535 3507 683 3568 sima
708 3509 891 3570 oculis
922 3511 1219 3571 hominum
1246 3517 1688 3589 exponerentur,
1717 3514 1786 3568 ut
1809 3513 2187 3584 arguerentur
2205 3513 2480 3582 tanquam
2507 3506 2944 3586 αληςοτςιίχηλοι

532 3595 593 3646 et
618 3588 992 3667 ingratissimi
1018 3590 1364 3668 mortalium,
1394 3598 1463 3650 ut
1486 3607 1674 3668 poenae
1702 3585 2082 3648 severissimae
2107 3584 2321 3663 quibus
2351 3585 2511 3645 Deus
2522 3604 2736 3678 ‘eorum
2751 3587 2942 3679 pervi-

530 3668 747 3728 caciam
788 3677 849 3731 et
886 3671 1258 3730 rebellionem
1298 3671 1458 3731 ultus
1498 3675 1622 3729 erat
1646 3687 1766 3727 non
1814 3666 1992 3727 semel
2027 3673 2475 3740 recenserentur,
2519 3684 2636 3723 imo
2667 3684 2800 3743 qms
2825 3684 2944 3726 non

530 3746 691 3808 videt
717 3749 841 3808 haec
868 3748 931 3807 in
956 3758 1233 3810 aeternum
1250 3751 1441 3828 gentis
1466 3749 1742 3843 probrum
1763 3745 1966 3806 cedere
1983 3747 2016 3805 Ρ
2084 3744 2220 3838 Uno
2239 3743 2436 3821 verbo,
2463 3762 2642 3838 causa
2656 3744 2817 3805 nulla
2832 3753 2940 3822 est,

532 3843 635 3882 cur
684 3827 933 3904 populus
970 3835 1090 3887 tam
1138 3827 1299 3888 durae
1346 3829 1607 3905 cervicis,
1646 3835 1709 3888 et
1732 3823 2001 3901 φιλέδονος,
2039 3823 2219 3902 Legis
2253 3824 2672 3885 molestisslmoe
2707 3832 2769 3884 et
2809 3844 2942 3902 quae

530 3901 825 3962 minimam
876 3907 1391 3984 transgressionem
1444 3916 1563 3967 tam
1618 3927 1818 3968 severe
1872 3904 2272 3980 ulciscebatur,
2309 3904 2520 3982 jugum
2574 3903 2720 3964 adeo
2773 3903 2941 3964 facile

530 3979 723 4042 subire
764 3983 1059 4060 voluisset,
1102 3985 1215 4044 nisi
1242 3985 1315 4046 de
1356 3985 1662 4045 divinitate
1688 3985 2008 4046 vocationis
2035 3983 2239 4061 Mosis,
2289 3992 2348 4043 et
2374 3983 2617 4045 veritate
2655 3983 2940 4044 dictorum

528 4060 659 4139 ejus
682 4080 990 4140 persuasus
1015 4063 1236 4125 fiiisset.

531 4181 772 4227 convmio
854 4185 1010 4228 mm„
1132 4143 1323 4204 XXI.
1368 4143 1671 4205 Conversio
1709 4145 1920 4204 Mundi
1955 4154 2010 4203 et
2047 4145 2353 4223 Evanyek'i
2385 4165 2662 4205 sacceum
2687 4144 2936 4204 clarissi-

586 4241 826 4293 soeipm-
886 4243 1009 4285 mvi-
1050 4242 1208 4292 mum
1236 4231 1327 4284 est
1354 4223 1695 4283 Divinitatis
1721 4223 1850 4301 ejus
1875 4233 2312 4302 argumentum;
2357 4223 2507 4284 Nam
2523 4224 2636 4282 nisi
2662 4224 2794 4282 Viri
2825 4223 2939 4283 Dei

584 4297 775 4342 ”stum
794 4301 969 4353 9¹0¹*-
1049 4301 1296 4364 fuissent
1335 4303 1625 4382 Apostoli,
1655 4311 1717 4363 et
1741 4303 2032 4363 eoelestem
2073 4305 2375 4364 veritatem
2417 4303 2762 4376 attulissent,
2806 4303 2938 4379 capi

524 4380 719 4441 animo
744 4401 861 4442 non
888 4389 1081 4461 potest
1102 4383 1207 4522 gui
1233 4383 1358 4444 fieri
1384 4383 1652 4463 potuerit,
1681 4390 1749 4442 ut
1773 4401 1970 4443 eorum
1996 4382 2258 4443 doctrina
2271 4383 2346 4442 iis
2362 4381 2628 4440 omnibus
2653 4381 2939 4472 pmsidiis

525 4461 819 4538 destituta,
850 4462 1063 4541 quibus
1144 4464 1365 4524 octrina
1399 4462 1596 4540 aliqua
1633 4462 1964 4523 humanitus
2003 4461 2390 4523 commendari
2417 4467 2476 4518 et
2501 4477 2806 4535 propagari
2833 4478 2934 4535 po-

524 4552 655 4619 test,
686 4551 747 4603 et
772 4543 845 4602 iis
872 4543 1140 4604 omnibus
1167 4543 1341 4604 rebus
1366 4541 1820 4622 pertinacissime
1859 4551 2192 4622 oppugnata
2216 4540 2428 4618 quibus
2457 4536 2734 4596 doctrinm
2759 4537 2935 4596 alicui

523 4623 713 4683 resisti
741 4631 948 4701 potest,
979 4625 1328 4686 authoritate
1357 4621 1666 4701 Majorum,
1696 4620 2110 4683 consuetudine
2141 4620 2509 4698 Populorum,
2539 4616 2736 4676 favore
2767 4615 2930 4674 Prin-

523 4701 731 4782 cipum,
762 4703 1091 4783 eloquentia
1130 4704 1451 4782 Oratorum,
1496 4701 1814 4764 subtilitate
1857 4700 2354 4778 Philosophorum,
2398 4693 2923 4758 accommodatione
