3300 5225
1153 396 1313 431 txnnx
1335 397 1507 434 annun
1532 398 1595 432 m·
1616 399 1904 434 vnnaoauu.
2642 391 2732 436 627

386 520 683 585 ignorantias
718 526 981 586 peccatum
1014 521 1097 572 vel
1130 522 1235 573 late
1268 523 1487 574 sumitur
1617 525 1876 576 Judicium
1900 527 2114 591 privatae
2133 525 2450 577 discretionis
2477 527 2720 591 competit

450 601 543 650 pro
564 584 793 648 quolibet
824 591 1046 651 peccate,
1079 586 1165 637 vel
1197 588 1373 638 stricte
1394 603 1486 653 pro
1683 589 1901 666 sing-ulis
1924 590 2171 652 fidelibus,
2350 594 2457 651 144,
2481 595 2519 639 t.
2545 593 2622 652 33,
2648 594 2714 641 34

451 665 511 699 eo
550 651 685 713 quod
726 651 1242 716 contradistinguitur
1277 659 1485 717 peccato
1615 654 1652 703 J
1655 655 1879 704 udimum
1901 656 2156 731 privatum
2171 655 2386 720 Spiritus
2408 654 2608 716 dicitur,
2625 655 2712 704 vel

448 720 629 764 contra
650 715 929 777 scientiam,
1096 753 1108 764 .
1304 716 1365 766 ib.
1390 722 1427 765 t.
1452 719 1483 766 5
1571 783 1573 785 ‚
1681 719 2008 782 originahter,
2027 719 2109 768 vel
2129 719 2422 784 subjective,
2478 722 2557 778 83,
2583 723 2620 768 t.
2649 722 2709 771 15

320 776 490 842 Imago
513 779 611 828 Dei
632 779 918 844 multiplex,
1179 784 1291 842 414,
1315 785 1354 830 t.
1379 783 1425 841 2,
1450 783 1479 830 3
1548 781 1714 832 Judaei
1731 783 1958 849 religiosi
1979 784 2114 834 circa
2136 784 2372 834 codicem
2393 797 2608 844 sacrum,

386 843 633 906 quomodo
657 843 819 894 Filius
842 845 941 895 Dei
961 843 1161 895 dicatur
1191 845 1360 908 imago
1382 845 1480 894 Dei
2440 851 2518 909 97,
2543 853 2582 896 t.
2607 849 2653 909 5,
2679 852 2710 898 6

448 906 738 970 invisibilis,
878 912 990 970 266,
1014 915 1053 958 t.
1083 913 1157 964 17,
1183 909 1229 958 &
1250 913 1361 968 414,
1387 915 1424 958 t.
1448 913 1476 958 2
1610 910 1780 961 fontes
1799 927 1903 962 non
1931 917 2276 977 corruperunt,
2307 927 2403 962 nec
2434 918 2711 978 potuerunt

381 970 553 1036 imago
575 973 673 1022 Dei
696 973 761 1022 ad
781 989 936 1036 quam
956 974 1109 1023 homo
1128 973 1361 1023 conditus
1383 977 1476 1034 est,
1675 981 1767 1024 aut
1787 976 2059 1026 voluerunt
2080 991 2167 1026 eos
2189 991 2521 1041 corrumpere,

446 1051 549 1084 non
572 1043 653 1086 est
672 1037 728 1086 in
749 1039 971 1114 corporis
992 1037 1173 1102 figura,
1208 1037 1293 1086 vel
1314 1052 1479 1088 essen·
2439 1044 2518 1100 98,
2541 1046 2580 1088 t.
2606 1043 2650 1102 6,
2677 1045 2705 1090 7

446 1100 533 1149 tiae
556 1101 654 1151 Dei
676 1103 1075 1168 participatione,
1101 1103 1189 1151 sed
1210 1101 1267 1150 in
1298 1101 1477 1150 animas
1610 1103 1930 1154 Traditiones
1951 1103 2356 1164 introduxerunt,
2451 1108 2556 1164 123,
2581 1111 2618 1153 t.
2649 1108 2708 1155 10

447 1168 685 1226 essentia,
721 1167 832 1229 ejus
865 1165 1165 1216 rectitudine
1188 1171 1241 1216 et
1254 1167 1475 1230 justitia,
1542 1166 1638 1216 Jus
1661 1167 1759 1216 Dei
1779 1167 2070 1218 absolutum
2091 1172 2144 1217 et
2159 1167 2460 1229 ordinatum,
2485 1171 2596 1228 226,
2620 1175 2658 1218 t.
2675 1171 2708 1219 5

446 1235 501 1278 et
521 1231 743 1280 dominio
760 1246 819 1280 ac
835 1230 1231 1292 immortalitate,
1256 1235 1369 1290 414,
1384 1231 1473 1279 διο.
1607 1232 1842 1281 naturale
1863 1238 1915 1282 et
1936 1232 2226 1294 positivum,
2270 1235 2381 1291 210,
2407 1238 2444 1281 t.
2469 1235 2515 1290 2,
2540 1238 2593 1281 et
2611 1237 2705 1284 228

315 1291 615 1343 Immensitas
662 1295 761 1344 Dei
816 1295 1069 1360 probatur,
1124 1309 1221 1345 nec
1276 1301 1475 1344 tantum
1609 1311 1868 1346 summum
1890 1303 1944 1346 et
1965 1301 2320 1362 temperatum,
2474 1300 2584 1357 213,
2611 1302 2648 1345 t.
2673 1300 2707 1346 4

445 1359 610 1421 quoad
632 1359 877 1409 virtutem
910 1366 963 1410 et
1000 1359 1356 1425 operationem,
1389 1359 1475 1408 sed
1608 1375 1710 1426 quo
1733 1375 1888 1410 sensu
1908 1361 2074 1422 liceat,
2099 1359 2184 1410 vel
2205 1376 2308 1410 non
2330 1359 2482 1410 liceat
2503 1361 2565 1410 de
2587 1361 2705 1424 jure

445 1429 497 1472 et
521 1424 687 1486 quoad
708 1425 997 1484 essentiam,
1166 1461 1177 1472 .
1382 1426 1473 1473 178
1673 1439 1764 1474 suo
1787 1425 2055 1487 remittere,
2235 1461 2248 1473 .
2444 1428 2554 1486 216,
2579 1431 2616 1473 t.
2645 1427 2705 1475 16

315 1485 661 1537 Immortalitas
694 1487 931 1539 absoluta
952 1495 1007 1539 et
1028 1487 1345 1554 participata,
1368 1493 1476 1551 pat-
1541 1485 1745 1536 Justitia
1768 1489 1864 1538 Dei
1887 1487 2167 1566 quotuplex
2189 1489 2273 1550 sit,
2333 1492 2443 1550 212,
2467 1495 2504 1537 t.
2535 1494 2576 1549 1,
2601 1493 2647 1550 2,
2673 1491 2703 1538 3

444 1552 528 1602 riae
552 1557 605 1601 et
626 1553 737 1614 viae,
826 1591 837 1602 .
1037 1590 1049 1602 .
1245 1556 1357 1613 422,
1382 1557 1419 1599 t.
1444 1555 1471 1599 2
1606 1553 1878 1602 Justitiam
1913 1553 2298 1603 vindicatricem
2321 1553 2432 1602 Deo
2469 1567 2580 1602 esse
2619 1567 2707 1600 na·

378 1615 545 1677 qualis
568 1617 688 1666 data
705 1618 775 1666 sit
788 1618 951 1682 primo
966 1617 1175 1678 homini,
1379 1618 1475 1665 423
1673 1617 1890 1667 turalem
1912 1615 2167 1682 probatur,
2397 1653 2410 1665 .
2609 1621 2703 1665 212

376 1679 733 1732 immortalitas
754 1682 938 1731 animae
994 1681 1212 1742 robatur,
1379 1683 1476 1729 430
1607 1695 1677 1729 an
1727 1681 1942 1732 liberum
1986 1681 2055 1730 sit
2113 1682 2226 1746 ejus
2283 1681 2598 1742 exercitium,
2652 1687 2707 1730 et

313 1741 681 1794 Immutabz'litas
720 1747 819 1795 Dei
857 1761 947 1810 pro
1016 1751 1113 1806 tur,
1160 1750 1267 1794 tam
1310 1744 1477 1808 quoad
1675 1745 1922 1808 quomodo
1943 1745 2142 1796 differat
2163 1744 2228 1795 ab
2251 1745 2494 1794 exercitio
2515 1745 2707 1795 miseri-

442 1814 694 1868 naturam,
719 1825 875 1873 quam
893 1809 1227 1871 voluntatem,
1383 1810 1476 1858 185
1673 1810 1870 1872 cordiae,
2003 1847 2016 1858 .
2195 1846 2206 1857 .
2342 1813 2452 1870 216,
2477 1814 2515 1858 t.
2543 1813 2618 1870 18,
2642 1813 2702 1858 21

311 1869 609 1947 Impossibile
631 1873 908 1938 quotuplex
932 1874 1015 1934 sit,
1246 1877 1356 1932 221,
1381 1878 1419 1922 t.
1446 1877 1474 1922 7
1608 1875 1645 1923 J
1646 1875 1838 1925 ustitiae
1859 1873 2052 1938 regula,
2077 1873 2324 1937 quomodo
2345 1874 2584 1924 voluntas
2607 1873 2707 1923 Dei

376 1937 685 2000 impossibile
717 1944 929 1997 naturae,
964 1942 1017 1986 et
1048 1941 1247 1996 natura,
1280 1953 1313 1984 a
1332 1941 1475 2001 parte
1673 1939 1884 1998 dicatur,
2082 1974 2095 1987 .
2295 1974 2307 1986 .
2464 1974 2477 1986 .
2609 1941 2705 1987 210

440 2001 528 2062 rei,
554 2005 607 2054 et
628 2018 661 2049 a
680 2007 820 2064 parte
844 2001 957 2061 Dei,
1175 2003 1285 2060 222,
1309 2005 1347 2048 t.
1374 2003 1431 2072 8,
1446 2002 1477 2049 9
1542 2000 1746 2050 Justitia
1767 2000 2014 2065 oriyinaBs
2035 2001 2158 2064 quid
2180 2001 2263 2060 sit,
2405 2004 2516 2061 415,
2540 2007 2578 2050 t.
2603 2005 2650 2062 8,
2676 2003 2706 2052 9

376 2079 479 2113 ιιοιι
494 2070 661 2129 potest
674 2067 851 2116 cadere
869 2064 967 2115 sub
977 2064 1253 2126 potentiam
1268 2063 1380 2123 Dei,
1410 2062 1473 2111 ab.
1608 2065 1707 2114 fuit
1727 2065 1980 2130 praecipua
2001 2079 2118 2129 pars
2143 2064 2392 2128 Imaginis
2417 2065 2528 2124 Dei,

312 2129 623 2193 Impotentia
670 2130 949 2194 peccatoris
996 2143 1099 2176 non
1142 2133 1222 2177 est
1272 2131 1475 2176 tantum
2469 2130 2581 2187 416,
2608 2128 2699 2177 &c.

440 2193 645 2242 moralis
669 2194 757 2244 sed
780 2194 935 2243 etiam
956 2191 1220 2252 naturalis,
1380 2194 1474 2242 616
1606 2207 1674 2240 an
1695 2191 1849 2242 fuerit
1869 2190 2134 2254 naturalis,
2158 2207 2225 2240 an
2247 2190 2663 2256 supernaturalis,

375 2255 608 2308 absoluta
629 2263 723 2322 est,
748 2263 801 2307 et
823 2257 1010 2314 totalis,
1157 2255 1217 2304 ib.
1243 2259 1353 2317 610,
1379 2258 1470 2305 611
2606 2259 2704 2305 419

374 2336 474 2383 quo
510 2337 665 2372 sensu
698 2323 762 2372 ad
800 2319 1111 2387 impossibile
1153 2335 1301 2369 nemo
1340 2325 1474 2370 tene·
1604 2321 1640 2370 J
1643 2319 1822 2369 ustitia
1837 2324 2033 2369 naturae
2045 2325 2098 2369 et
2121 2319 2299 2383 gratiae
2315 2319 2570 2379 differunt,

440 2391 569 2446 atur,
791 2425 802 2434 .
1002 2423 1013 2434 .
1212 2387 1322 2445 613,
1348 2389 1384 2432 t.
1410 2387 1473 2434 25
2437 2385 2548 2442 417,
2575 2386 2611 2430 t.
2641 2386 2698 2431 17

312 2449 389 2498 De
422 2447 742 2513 Imputations
775 2449 925 2516 primi
966 2449 1162 2514 peccati
1218 2447 1473 2498 sententia

438 2515 677 2578 partium,
876 2552 887 2562 .
1095 2551 1107 2562 .
1306 2549 1319 2561 .
1375 2514 1473 2563 555

374 2592 473 2642 quo
495 2577 605 2629 loco
628 2579 696 2629 sit
718 2578 950 2629 habenda
981 2578 1037 2627 in
1070 2577 1167 2629 hac
1193 2577 1471 2641 quastione
2103 2559 2163 2617 K

438 2644 697 2693 distinctio
734 2642 1085 2708 imputationis
1124 2642 1472 2691 antecedentis

375 2770 388 2783 ,
436 2713 489 2756 et
509 2708 882 2784 consequentis,
970 2772 983 2785 ,
1069 2743 1095 2783 ;
1242 2708 1354 2767 556,
1378 2711 1414 2755 t.
1441 2709 1471 2756 6
1540 2716 1666 2769 Keri
1683 2724 1736 2769 et
1758 2717 1904 2767 Ketib
1926 2717 2047 2782 quid
2069 2718 2188 2777 sint,
2321 2721 2324 2724 ·
2369 2720 2446 2779 99,
2473 2722 2509 2765 t.
2540 2722 2612 2779 11,
2644 2722 2700 2767 1⁷

374 2777 643 2837 imputatio
677 2772 763 2821 vel
800 2777 880 2821 est
914 2788 988 2821 rei
1016 2770 1211 2831 ahenae,
1246 2769 1331 2819 vel
1364 2785 1472 2835 pro-

435 2836 573 2900 priae,
771 2873 782 2885 .
993 2872 1006 2885 .
1200 2836 1312 2895 557,
1337 2840 1377 2882 t.
1406 2836 1466 2884 10

372 2900 439 2948 im
446 2901 644 2966 putatio
665 2900 969 2951 antecedens
992 2898 1248 2965 probatur,
2097 2893 2146 2949 L

372 3027 613 3095 imputari
648 3045 781 3106 saepe
803 3034 1012 3095 peceata
1036 3028 1205 3078 aliena
1226 2964 1473 3091 &IS-,1533-
1540 3028 1780 3078 Lectiones
1799 3029 1954 3078 variae
1975 3029 2030 3078 in
2054 3029 2311 3105 Scriptura
2331 3043 2436 3077 non
2472 3035 2700 3093 arguunt

436 3094 517 3143 cio
538 3096 835 3155 ostenditur,
969 3132 981 3143 .
1181 3129 1193 3141 .
1374 3094 1466 3142 561
1665 3094 2036 3159 corruptionem
2056 3094 2290 3153 fontium,

306 3157 625 3207 lucr-edulitas
646 3157 749 3207 alia
769 3158 1033 3219 naturalis,
1068 3156 1170 3206 alia
1202 3155 1467 3218 acquisita,
2156 3161 2234 3218 97,
2259 3164 2295 3207 t.
2322 3160 2367 3215 3,
2392 3162 2444 3208 et
2469 3160 2576 3219 104,
2601 3162 2639 3206 t.
2666 3162 2698 3209 8

1223 3223 1333 3279 348,
1359 3225 1397 3268 t.
1422 3223 1467 3267 2.
1536 3221 1694 3287 Legis
1731 3236 1858 3287 opus
1897 3222 2020 3286 quid
2057 3222 2126 3272 sit
2163 3222 2298 3287 apud
2332 3221 2566 3282 Paulum,

368 3285 697 3335 incredulitas
736 3286 980 3333 adversus
1004 3282 1347 3347 Evangelium
1368 3297 1469 3331 non
2473 3290 2546 3347 14,
2573 3290 2609 3335 t.
2638 3289 2700 3336 16

434 3349 842 3415 praesupponitur
864 3354 924 3397 ut
957 3362 1113 3397 causa
1150 3346 1205 3395 in
1244 3362 1297 3395 re
1333 3345 1471 3395 roba-
1601 3350 1711 3398 Lex
1745 3350 1991 3413 quomodo
2026 3350 2224 3401 dicatur
2258 3365 2438 3399 norma
2471 3349 2700 3398 omnium

434 3414 585 3473 tione,
816 3449 828 3461 .
1028 3450 1039 3459 .
1339 3446 1351 3459 .
1376 3416 1414 3459 t,
1438 3411 1470 3460 5
1665 3413 1938 3474 actionum,
2073 3451 2086 3461 .
2285 3451 2298 3461 .
2466 3417 2576 3472 211,
2600 3419 2640 3462 t.
2667 3416 2699 3464 8

304 3478 645 3544 Indfflrentm
668 3476 851 3526 Adami
876 3475 1043 3541 qualis
1064 3475 1231 3535 fuerit,
1600 3477 1710 3527 Lex
1733 3492 1866 3542 saepe
1887 3477 2094 3541 ponitur
2127 3490 2218 3541 pro
2239 3477 2520 3526 oeconomia
2543 3478 2604 3524 V.
2632 3476 2694 3525 T.

369 3606 603 3657 Libertas
622 3622 727 3656 non
750 3610 828 3655 est
850 3605 1016 3670 posita
1036 3604 1091 3652 in
1112 3540 1469 3719 ἱιιᾱὶἢδοιιέιὲιόιὲ
1598 3606 1709 3655 Lex
1732 3604 1852 3655 data
1873 3605 2028 3655 etiam
2049 3604 2150 3654 fuit
2175 3620 2208 3653 a
2230 3603 2432 3653 Christo
2465 3542 2556 3715 ἕξει·
2570 3544 2698 3717 {Mi}

1996 3706 2008 3717 .
2219 3704 2232 3717 .
2484 3684 2502 3715 ι
2533 3704 2545 3715 .

302 3735 561 3851 Ιηάανᾳξὶ)
572 3735 819 3800 quomodo
836 3734 947 3783 Deo
964 3732 1217 3783 tribuatur
1238 3738 1301 3846 {tl
1309 3732 1468 3846 {108112-
1597 3684 1846 3798 quzffddo
1867 3733 2098 3783 Christ-us
2122 3733 2191 3782 sit
2211 3731 2329 3781 finis
2351 3730 2530 3846 116ςὶξὲ
2573 3800 2596 3843 t
2639 3799 2698 3847 19
2742 3783 2751 3793 ,

428 3816 483 3848 ιιι
518 3816 580 3849 us
808 3836 819 3847 .
1018 3835 1031 3847 .
1454 3833 1465 3844 .
2597 3832 2610 3844 .

300 3863 533 3928 Infinita-s
556 3838 837 3930 q'uotuplex
859 3862 941 3923 sit,
1076 3900 1089 3911 .
1173 3864 1281 3922 175,
1301 3834 1349 3909 t.’
1364 3864 1409 3920 2,
1436 3864 1465 3909 3
1597 3862 1707 3911 Lex
1730 3861 1850 3911 data
1873 3861 2068 3911 Adamo
2082 3860 2183 3911 fuit
2202 3859 2468 3921 naturalis,
2493 3832 2547 3909 et'
2563 3874 2698 3924 sym-

365 3928 600 3979 absoluta
612 3929 840 3977 infinitas
856 3926 951 3974 Dei
966 3926 1220 3990 probatur,
1288 3924 1349 3974 ib.
1374 3926 1463 3975 &e
1661 3924 1838 3987 bolica,
2042 3962 2055 3975 .
2254 3962 2266 3973 .
2461 3927 2574 3984 522,
2599 3929 2638 3973 t.
2663 3926 2698 3973 4

300 3992 592 4042 Imm-cessar
612 3998 785 4042 noster
817 3990 956 4040 solus
989 3996 1069 4039 est
1091 3990 1339 4049 Christus,
1362 4004 1465 4037 non
1596 4004 1753 4053 quare
1769 3989 1890 4039 data
1905 3990 1974 4039 sit
1988 3988 2066 4038 illi
2084 3989 2194 4039 Lex
2211 3986 2504 4055 symbolica,
2531 3988 2590 4037 ib.
2611 3993 2648 4037 t.
2663 3990 2696 4037 5

430 4057 635 4121 Angeli,
832 4091 845 4103 .
1025 4092 1036 4102 .
1235 4090 1247 4104 .
1368 4056 1465 4103 503
1530 4053 1680 4103 Liber
1713 4052 1958 4103 bellorum
1996 4052 2222 4115 Jehovae,
2267 4058 2320 4103 et
2363 4052 2517 4102 Liber
2553 4053 2590 4102 J
2593 4052 2698 4101 usti

298 4121 532 4182 Joaelaim,
558 4137 659 4185 quo
680 4136 813 4169 anno
836 4117 1003 4168 aetatis
1028 4132 1246 4182 regnum
1268 4117 1463 4179 adierit,
1661 4117 1783 4181 quid
1802 4118 2007 4180 fuerint,
2206 4154 2218 4166 .
2427 4120 2506 4175 89,
2532 4122 2569 4165 t.
2594 4122 2639 4177 7,
2665 4120 2696 4166 8

1234 4185 1314 4240 73,
1338 4186 1377 4230 t.
1400 4185 1466 4230 24
1596 4180 1748 4232 Liber
1771 4180 1981 4241 Enochi,
2212 4218 2224 4230 .
2479 4180 2543 4229 ib.
2569 4186 2606 4230 t.
2637 4183 2698 4230 10

299 4250 463 4301 Judex
500 4249 967 4299 Controversiamm
1004 4246 1136 4296 alius
1180 4260 1463 4311 supremus,
1595 4246 1737 4296 Libri
1771 4245 1909 4295 Sacri
1945 4262 2048 4296 non
2083 4246 2388 4296 interierunt
2408 4245 2464 4295 in
2487 4243 2696 4309 eaptivi-

428 4313 561 4363 alius
582 4314 943 4375 ministerialis,
975 4312 1107 4363 alius
1129 4311 1377 4377 privatus,
1659 4316 1782 4372 tate,
2190 4347 2202 4359 .
2401 4347 2413 4358 .
2479 4310 2541 4357 ib.
2569 4314 2606 4358 t.
2636 4312 2692 4356 12

1234 4378 1343 4435 139,
1370 4381 1407 4424 t.
1434 4378 1463 4424 3
1594 4373 1751 4423 Liber
1771 4374 1894 4424 ἤτω
1911 4348 2035 4438 quid
2057 4373 2139 4435 sit,
2307 4410 2319 4422 .
2466 4376 2576 4432 329,
2601 4374 2692 4421 sm.

365 4442 627 4507 Scriptura
640 4441 749 4491 sola
765 4447 844 4493 est
858 4442 895 4493 J
898 4442 1033 4493 udex
1054 4455 1337 4506 supremus,
1362 4454 1465 4487 non
1596 4437 1750 4488 Liber
1762 4438 2244 4499 Praedestinationis,
2263 4442 2315 4486 et
2339 4435 2692 4494 Providentiae,

430 4506 677 4568 Ecclesia,
717 4522 823 4556 non
862 4508 1057 4567 Patres,
1092 4505 1257 4555 multo
1292 4504 1464 4553 minus
2433 4502 2543 4559 331,
2567 4504 2605 4548 t.
2637 4502 2696 4549 19

430 4572 683 4631 Pontifex,
882 4609 893 4621 .
1092 4608 1103 4620 .
1240 4572 1347 4630 140,
1372 4569 1461 4619 διο.
1593 4582 1660 4615 an
1684 4565 1799 4630 quis
1821 4566 1982 4631 possit
2003 4565 2159 4616 deleri
2183 4564 2244 4615 de
2266 4563 2396 4615 libro
2416 4563 2553 4623 vitae,

363 4638 401 4687 J
406 4636 536 4687 udex
557 4636 783 4712 visibilis.
798 4641 979 4701 praeter
1013 4635 1322 4701 scripturam
1360 4647 1464 4681 non
2419 4668 2424 4672 .
2475 4626 2539 4676 ib.
2563 4632 2601 4676 t.
2632 4630 2695 4677 20

430 4706 511 4785 est
532 4716 865 4763 necessarius,
1015 4737 1027 4749 .
1208 4702 1314 4760 142,
1339 4702 1377 4747 t.
1401 4700 1465 4747 20
1594 4694 1716 4760 quid
1739 4693 1808 4743 sit
1829 4694 2037 4745 inscribi
2060 4694 2113 4743 in
2137 4660 2224 4743 illo
2245 4692 2388 4755 libre,
2430 4694 2541 4753 335,
2565 4696 2603 4739 t.
2635 4694 2693 4741 10
