3300 5225
539 312 553 319 -
588 270 707 331 240
1576 284 1760 330 cocus
1787 283 2054 329 marrus.
2555 262 2816 350 ’[ριωετ.
2847 290 2998 333 παν.

586 425 733 507 ipse,
758 436 821 490 et
844 428 1162 489 mansionis
1184 421 1350 507 quies
1382 448 1555 507 super
1592 422 1884 488 Christum
1924 426 2068 487 satis
2104 418 2352 506 probant
2378 426 2821 491 descendentem
2861 451 2994 510 per-

588 528 788 569 sonam
828 528 973 585 esse,
1022 528 1139 568 non
1182 508 1503 588 simplicem
1549 508 1921 586 qualitatem:
1970 507 2026 565 N
2027 526 2096 566 ec
2137 507 2332 567 obstat
2372 504 2530 584 quod
2573 509 2670 568 iao
2713 512 2998 587 bapazzm'

586 589 879 665 dicamur3
913 608 1032 649 non
1058 589 1249 648 minus
1276 589 1431 649 enim
1457 608 1766 666 possumus
1785 586 1900 646 dici
1924 588 2204 663 baptismi
2225 586 2464 664 Spiritus,
2494 587 2758 665 figurate
2769 592 2993 652 scilicet

585 678 646 728 et
672 670 931 747 mystice,
962 689 1135 746 quam
1162 668 1411 729 dicimur
1440 668 1664 729 Christo
1687 666 1848 726 indui
1871 675 1926 726 et
1948 666 2174 742 matris-i,
2199 666 2339 725 licet
2365 667 2444 726 sit
2467 685 2730 745 persona.

595 745 599 752 '
916 812 928 826 ,
1187 747 1371 807 VIII.
1415 746 1706 823 Secundo,
1729 746 1885 805 idem
1911 745 2280 806 confirmatur
2303 764 2382 805 ex
2408 748 2708 823 Baptismo
2733 758 2924 809 nostro
2950 772 2990 811 a

592 812 655 865 ²·
683 813 761 861 Ε*
786 812 1035 873 Baptana
1106 825 1337 887 Christo
1378 826 1662 903 instituto,
1711 826 1855 885 Mat.
1901 824 2108 883 xxviii.
2160 827 2255 885 19.
2298 828 2510 885 Docere
2552 846 2740 887 omnes
2776 840 2983 907 qenoes,

736 875 917 917 ΜΝ·
1100 908 1441 983 sapam
1466 926 1559 965 ω,
1583 906 1643 964 in
1668 905 1888 964 amasae
1918 905 2124 980 Pam-a,
2155 904 2310 981 Fas,
2342 914 2398 964 et
2432 906 2684 983 spirim
2717 910 2780 967 ,3.
2867 910 2986 969 um

580 987 755 1046 etiam
790 994 909 1045 tres
950 994 1257 1046 occurrunt
1283 987 1553 1046 Personae
1592 984 1896 1059 distinctae,
1939 983 2200 1061 ejusdem
2239 992 2476 1061 naturae,
2521 986 2886 1048 authoritatis
2925 998 2988 1049 et

582 1066 831 1141 virtutis,
859 1064 1072 1143 quibus
1110 1064 1345 1125 nomina
1378 1073 1577 1124 nostra
1612 1083 1690 1123 ex
1715 1082 1884 1141 aequo
1909 1062 2116 1123 damus
2141 1071 2204 1123 et
2229 1064 2580 1141 spondemus
2607 1066 2946 1145 obsequium
2965 1090 2986 1129 ε

579 1144 938 1221 baptizamur
964 1152 1155 1203 autem
1182 1144 1245 1203 iu
1270 1164 1471 1204 nomen
1494 1142 1636 1222 ipsis
1665 1162 1983 1219 commune,
2013 1162 2130 1201 non
2150 1143 2212 1201 in
2237 1144 2482 1220 nomina,
2514 1145 2672 1222 quod
2699 1147 2986 1207 Essentioe

578 1224 858 1283 unitatem
912 1230 1093 1283 notat.
1176 1224 1264 1284 Ut
1330 1232 1523 1283 autem
1562 1222 1845 1299 baptizari
1881 1223 1942 1281 in
1997 1223 2220 1282 nemim
2274 1224 2406 1299 Dei,
2450 1224 2567 1283 tria
2619 1226 2982 1303 potissimum

576 1302 734 1379 dicit,
782 1306 837 1363 1.
864 1302 1276 1362 Authoritatem
1300 1303 1421 1363 Dei
1441 1302 1784 1377 inanimentis,
1815 1308 1878 1361 et
1893 1300 2084 1361 foedus
2111 1301 2270 1380 quod
2294 1303 2596 1363 nobiscum
2621 1305 2846 1383 pepigit
2871 1308 2984 1367 hoc

580 1382 967 1459 sacramento,
996 1382 1161 1442 velut
1186 1382 1397 1460 sigillo,
1428 1380 1836 1441 confirmantis.
1906 1385 1963 1440 2.
1991 1380 2424 1441 Promis-donem
2445 1385 2653 1459 ,φναίίω
2679 1394 2732 1443 et
2755 1395 2982 1461 protecta

574 1462 737 1521 tionis
762 1482 905 1539 erga
928 1480 1046 1538 eos,
1074 1480 1223 1539 quos
1263 1461 1547 1541 baptismo
1574 1461 1637 1520 in
1663 1461 2122 1520 communionem
2151 1480 2314 1521 suam
2341 1462 2561 1539 recipit.
2642 1465 2698 1523 3.
2727 1464 2979 1541 Sapala-

575 1540 779 1601 tionem
803 1544 979 1601 culm
1000 1550 1055 1599 et
1091 1542 1349 1619 obsequii,
1379 1542 1456 1601 ad
1481 1540 1643 1619 quod·
1677 1540 1954 1618 baptizati
1993 1558 2071 1599 ex
2110 1540 2328 1601 foedere
2367 1540 2842 1620 adstringuntur*
2883 1545 2982 1605 Ita

576 1636 813 1689 necesse
838 1629 929 1681 est·
957 1621 1207 1697 Patrem,
1237 1620 1469 1697 Filium,
1513 1629 1573 1681 et·
1616 1620 1894 1714 Spiritum
1939 1620 2001 1680 S.
2041 1621 2278 1680 unicum
2317 1621 2482 1680 illum
2509 1630 2569 1682 et
2606 1640 2807 1681 verum
2847 1638 2980 1684 esse

577 1700 785 1776 Deum,
816 1700 917 1778 qui
942 1708 1009 1759 ut
1033 1702 1241 1760 author
1266 1699 1501 1761 foederis
1524 1708 1743 1779 gratzae,
1773 1699 2182 1759 authoritatem
2208 1701 2385 1761 habet
2410 1700 2746 1761 instituendi
2777 1702 2978 1763 Sacra-

574 1786 775 1839 menta
796 1780 873 1838 ad
899 1781 1029 1857 ejus
1068 1779 1544 1859 obsignationem,
1587 1779 1690 1857 qui
1729 1778 1976 1857 gratiam
2016 1778 2349 1840 foederalem
2388 1788 2582 1859 potest
2620 1781 2878 1859 polliceri
2917 1792 2980 1843 et

574 1867 865 1935 praestare,
908 1867 969 1919 et
1013 1859 1090 1918 ad
1128 1860 1299 1938 cujus
1334 1860 1555 1920 cultum
1594 1878 1664 1919 ac
1705 1858 2047 1936 obsequium
2090 1857 2354 1920 findet-ati
2394 1860 2694 1921 initiantur
2732 1869 2796 1921 et
2833 1862 2979 1921 obli-

574 1946 819 2015 gantur-3
862 1936 1019 2015 quod
1046 1938 1119 1998 de
1158 1938 1320 1999 nullo
1346 1938 1675 1999 mortalium
1701 1936 1819 1997 dici
1843 1956 2015 2015 posse
2045 1938 2262 1999 Paulus
2291 1938 2430 1999 satis
2457 1948 2718 2017 testatur,
2764 1944 2817 1999 1.
2847 1942 2976 2001 Cor.

572 2016 611 2075 iz
647 2020 739 2077 13.
769 2037 951 2097 quum
987 2026 1165 2095 negat
1193 2017 1521 2077 Corinthios
1546 2016 1608 2076 in
1633 2035 1846 2076 nomen
1889 2016 2058 2076 Pauli
2095 2036 2226 2077 esse
2265 2018 2606 2096 baptizatos.
2691 2020 2815 2079 Nec
2855 2020 2976 2079 vim

571 2096 743 2157 istius
768 2097 1092 2174 argumenti
1116 2106 1310 2175 potest
1334 2097 1580 2174 elevare,
1610 2097 1770 2175 quod
1798 2096 2082 2156 Israeliten
2107 2097 2378 2158 dicuntur
2403 2098 2465 2155 in
2503 2098 2731 2158 Mosem
2757 2098 2977 2177 baptiz-

571 2176 673 2251 ati,
725 2180 755 2234 1
790 2178 919 2236 Cor.
948 2194 1008 2235 x.
1050 2180 1126 2253 23
1170 2175 1357 2236 Aliud
1395 2185 1487 2237 est
1523 2176 1739 2255 quippe
1779 2176 1842 2235 in
1895 2176 2130 2235 nomine
2173 2177 2286 2237 Dei
2332 2177 2649 2256 baptizari3
2694 2177 2879 2238 Aliud
2917 2179 2982 2237 in

570 2257 791 2315 Mosem
814 2256 1108 2333 baptizari,
1136 2255 1216 2315 id.
1234 2256 1333 2315 vel
1361 2254 1547 2315 Mosis
1565 2256 1902 2331 ministerio,
1931 2276 2042 2314 ττι-υ
2067 2278 2151 2315 *a
2170 2277 2284 2333 per
2301 2276 2532 2317 manum
2545 2257 2740 2333 Μοοίς,
2759 2266 2828 2316 ut
2846 2276 2977 2317 ver-

571 2342 703 2395 tunt
718 2328 901 2411 Syrus
924 2344 979 2395 et
991 2334 1196 2411 Arabs,
1215 2336 1311 2395 vel
1334 2331 1491 2414 quod
1516 2334 1742 2411 meliuS,
1765 2335 1826 2394 in
1845 2336 2162 2395 docmham
2175 2336 2370 2412 Moris,
2389 2336 2467 2395 ad
2487 2336 2978 2395 confirmationem

572 2414 848 2474 doctrinas
889 2434 927 2473 a
952 2415 1120 2475 Mose
1146 2414 1389 2491 traditae,
1420 2414 1712 2493 quomodo
1739 2434 1891 2493 saepe
1918 2416 2108 2474 Moses
2145 2434 2250 2492 pro
2280 2415 2456 2491 Lege,
2486 2413 2583 2471 vel
2611 2413 2874 2473 doctrina
2898 2415 2978 2474 ab

572 2492 700 2569 ipso
740 2494 953 2553 tradita
990 2502 1315 2571 usurpatur,
1358 2494 1407 2555 J
1405 2514 1461 2554 o.
1488 2512 1548 2553 v.
1576 2497 1673 2570 45,
1703 2498 1802 2554 46.
1844 2496 2034 2553 Moses
2058 2494 2120 2553 in
2145 2513 2308 2570 quem
2344 2492 2600 2571 speratis,
2645 2501 2700 2550 et
2737 2492 2830 2551 cui
2851 2512 2982 2553 cred

572 2572 703 2631 ditch
727 2592 825 2632 vos
865 2573 1161 2650 accusabit,
1204 2572 1285 2634 id.
1315 2572 1577 2634 doctrina
1604 2574 1808 2649 Mosis,
1850 2582 1912 2634 et
1940 2573 2082 2633 Luc.
2105 2573 2226 2632 xvi.
2255 2574 2354 2632 29.
2396 2572 2626 2632 Habent
2663 2573 2884 2632 Mosem
2923 2582 2982 2634 et

570 2653 903 2732 Prophetas,
934 2671 1050 2712 non
1076 2653 1277 2730 utique
1302 2653 1364 2713 in
1388 2653 1652 2732 personis
1677 2653 1950 2732 ipsorum,
1995 2651 2098 2712 sed
2124 2653 2186 2712 in
2212 2651 2489 2712 doctrina.
2575 2650 2679 2710 Sic
2699 2653 2984 2730 baptism-s*

572 2731 635 2790 in
684 2733 957 2809 baptismo
1008 2732 1289 2792 Johmma
1342 2742 1431 2794 est
1473 2733 1755 2811 baptizari
1806 2733 1884 2792 ad
1929 2731 2417 2793 confirmationem
2471 2731 2748 2791 doctrinae
2801 2751 2978 2810 quam·

572 2810 617 2871 J
620 2812 876 2872 ohannes
901 2813 1188 2890 baptismo
1216 2833 1321 2874 suo
1349 2812 1710 2890 obsignabat,
1741 2812 1878 2873 Act.
1908 2811 2034 2872 xix.
2064 2814 2121 2872 3.

603 2943 705 2990 3AE
762 2942 790 2988 1
810 2942 842 2988 J
975 2941 1029 2990 7,
1177 2892 1297 2950 IX.
1340 2891 1535 2952 Tertio
1550 2891 1830 2970 probatur
1843 2911 1919 2952 ex
1944 2895 1974 2950 1
1999 2891 2098 2951 Jo.
2117 2909 2176 2950 v.
2206 2893 2262 2949 7.
2289 2889 2393 2949 ubi
2409 2907 2688 2967 expresse·
2716 2897 2835 2949 tres
2855 2907 2976 2950 me-

710 2957 743 2988 ¹
843 2958 888 2988 ⁰'
907 2957 955 2992 v.
1006 2977 1019 2991 ‘
1094 2980 1405 3049 morantur,
1426 2971 1527 3049 qui
1552 2991 1734 3032 unum
1760 2991 1889 3032 esse
1917 2971 2202 3045 dicuntur,
2236 2973 2377 3028 Tres
2400 2979 2532 3030 sunt
2555 2971 2656 3048 qut·
2684 2969 2976 3048 toeraflcan-

572 3056 667 3106 tur
693 3048 751 3107 in
770 3050 920 3123 coelo,
940 3050 1133 3126 Pater,
1164 3053 1401 3110 Verbum
1428 3061 1483 3111 et
1499 3051 1761 3128 »ἕρὺ-ἰιιιε,
1791 3059 1848 3110 et
1871 3051 1933 3108 hi
1955 3059 2068 3109 ινοε
2089 3069 2258 3109 unum
2284 3059 2428 3110 sunt.
2511 3049 2656 3106 Tres
2682 3056 2975 3125 ponuntur

570 3127 789 3202 Testes,
833 3147 951 3186 non
975 3129 1174 3206 utique
1201 3131 1525 3207 qualitates,
1557 3129 1662 3190 sed
1685 3131 1987 3205 Personoe3
2029 3147 2164 3187 nam
2192 3137 2259 3188 ut
2287 3129 2461 3188 Pater
2486 3136 2578 3188 est
2594 3127 2866 3202 Persona,
2889 3127 2973 3188 ita

568 3215 630 3265 et
656 3205 932 3282 Verbum,
972 3215 1033 3266 et
1076 3209 1117 3267 S
1156 3209 1341 3286 iritus,
1371 3209 1472 3288 qui
1501 3211 1563 3268 in
1606 3209 1812 3270 eodem
1851 3207 2053 3266 ordine
2095 3216 2158 3267 et
2196 3207 2384 3285 gradu
2421 3209 2720 3267 locantur:
2765 3207 2968 3266 Testes

565 3303 683 3344 non
709 3285 1072 3362 humani,yel
1160 3289 1390 3366 ngelici,
1420 3287 1522 3367 qui
1546 3287 2236 3348 vocanturtestimonium
2259 3286 2521 3346 divinum
2537 3306 2595 3345 v.
2620 3287 2712 3344 10.
2742 3285 2970 3362 opposi-

562 3373 686 3424 tum
702 3365 941 3442 proinde
960 3366 1212 3426 humano
1229 3375 1291 3428 et
1302 3377 1514 3428 creato·
1556 3367 1653 3426 Ita
1667 3375 1861 3427 tamen
1877 3365 2148 3426 distincte
2163 3365 2559 3441 testificantur,
2579 3373 2644 3422 ut
2655 3383 2828 3423 unum
2843 3365 2968 3439 sint,

563 3461 679 3503 non
696 3453 1218 3506 consensu-tantum
1235 3456 1295 3507 et
1310 3447 1624 3523 voluntate,
1646 3445 1751 3506 sed
1767 3446 2032 3520 essentia,
2051 3453 2118 3504 ut
2133 3465 2306 3504 unum
2324 3444 2609 3518 dicuntur,
2623 3443 2668 3502 J
2669 3461 2779 3502 oan
2796 3463 2856 3502 x.
2871 3445 2968 3503 30.

566 3525 805 3584 Frustra
833 3523 1173 3585 Adversarii
1198 3527 1275 3587 ad
1302 3525 1481 3587 telum
1507 3527 1619 3585 hoc
1652 3525 2058 3585 declinandum
2093 3523 2266 3582 fidem
2294 3523 2464 3583 istius
2502 3521 2618 3582 loci
2659 3522 2970 3582 sollicitare

559 3611 854 3680 conantur,
878 3605 1045 3682 quasi
1064 3605 1422 3666 adulterinus
1450 3606 1541 3682 sit,
1571 3605 1708 3683 quia
1729 3603 2087 3664 desideratur
2105 3603 2167 3661 in
2193 3603 2372 3661 variis
2394 3601 2703 3662 Codicibus
2725 3601 2966 3678 Graecis,

560 3702 665 3742 nec
687 3682 840 3760 apud
858 3683 1066 3759 Syrum
1084 3694 1144 3744 et
1161 3685 1417 3744 Arabem
1437 3683 1788 3762 Interpretes
1807 3683 2038 3762 legitur,
2058 3691 2118 3742 et
2133 3703 2169 3740 a
2183 3682 2360 3740 variis
2374 3680 2646 3740 Patribus
2666 3680 2964 3739 omittitur.

562 3761 710 3819 Nam
732 3762 949 3820 faciunt
974 3781 1079 3839 pro
1106 3765 1275 3824 nobis
1295 3764 1679 3842 antiquissimi
1699 3773 1760 3824 et
1777 3761 2168 3840 probatissimi
2190 3761 2448 3836 Codices,
2472 3760 2573 3837 qui
2598 3760 2792 3820 locum
2811 3759 2967 3818 hunc

558 3840 821 3914 retinent,
836 3847 901 3898 ut
912 3843 979 3896 H
976 3843 1111 3901 iero,
1130 3843 1371 3920 prologo
1387 3843 1448 3900 in
1461 3843 1645 3919 Epist.
1662 3844 1837 3902 Cano,
1857 3843 1918 3901 in
1937 3839 2246 3900 Codicibus
2265 3839 2486 3900 Graecis
2503 3839 2766 3897 extitisse
2781 3846 2960 3913 notat,

558 3925 619 3976 et
644 3919 930 3975 Erasmus
954 3918 1165 3979 fatetur
1190 3929 1389 3980 extare
1416 3922 1478 3978 in
1500 3921 1712 3981 Codice
1741 3920 2076 3980 Britannico
2117 3919 2537 3993 vetustissimo;
2581 3919 2662 3977 Et
2685 3916 2962 3976 laudatis-

559 3995 721 4052 simae
749 3995 1067 4071 Editiones,
1088 3998 1527 4076 Complutensis,
1572 3999 2034 4078 Antuerpiensis,
2066 3999 2226 4057 Arius
2255 3997 2538 4072 Montani,
2564 3997 2637 4056 R.
2665 3996 2960 4073 Stephani,

560 4073 817 4148 Valtoni,
847 4092 977 4150 quae
1005 4075 1237 4152 optimis
1264 4077 1575 4136 Codicibus
1612 4097 1736 4152 usse
1769 4089 1919 4154 sunt,
1964 4081 2118 4138 hunc
2157 4078 2406 4154 habent3
2455 4075 2628 4136 Unde
2669 4076 2718 4134 si
2747 4076 2808 4132 in
2835 4075 2963 4151 qui-

560 4152 805 4211 busdam
847 4152 1219 4230 desideratur,
1249 4155 1359 4215 hoc
1386 4157 1483 4214 vel
1502 4157 1694 4216 fraudi
1733 4167 1793 4217 et
1819 4158 1954 4217 dolo
1973 4159 2127 4216 malo
2146 4157 2496 4216 Arianorum
2519 4154 2962 4214 adscribendum

561 4239 668 4305 est,
698 4239 765 4290 ut
796 4232 997 4290 Hiero.
1040 4235 1336 4310 agnoscit3
1380 4236 1476 4294 vel
1517 4237 1868 4296 anteriorum
1907 4237 2323 4312 haereticorum,
2368 4253 2516 4313 quos
2553 4251 2760 4292 manus
2789 4233 2960 4292 sacri-

560 4309 725 4386 legas
765 4309 1029 4369 intulisse
1056 4311 1117 4369 in
1149 4311 1497 4388 scripturam
1526 4325 1774 4374 constat.
1839 4314 2087 4375 Accedit
2112 4317 2336 4375 'sextus
2371 4314 2554 4392 ipsius
2581 4313 2882 4388 connexio,
2904 4319 2964 4370 et

560 4389 739 4448 series
768 4389 1045 4448 sermonis
1067 4389 1408 4468 Apostolici,
1428 4412 1557 4471 quse
1574 4395 1738 4454 illum
1755 4396 2037 4472 postulat,
2067 4415 2198 4452 nam
2217 4395 2412 4453 nullus
2433 4402 2587 4452 esset
2613 4411 2817 4452 sensus
2833 4411 2972 4450 ver-·

558 4467 765 4528 borum
774 4469 1133 4545 sequentium
1146 4479 1200 4529 et
1213 4479 1325 4529 tres
1338 4483 1469 4531 sunt
1484 4474 1585 4550 qui
1601 4483 1872 4533 testantur
1889 4475 1950 4533 in
1967 4483 2141 4548 terra,
2154 4473 2267 4532 nisi
2288 4479 2706 4550 supponeretur
2719 4479 2837 4530 tres
2848 4479 2962 4529 tes-

558 4555 647 4607 tes
672 4547 1033 4625 praecessisse
1060 4558 1339 4611 testantes
1354 4552 1416 4610 in
1436 4554 1600 4630 coelo,
1620 4554 1964 4632 quibuscum
1973 4553 2235 4612 Testium
2262 4553 2504 4615 interra
2519 4551 2683 4612 fieret
2708 4549 2960 4610 collatio.
