3300 5225
579 325 697 382 592
1533 337 1719 380 Locus
1747 337 1960 379 nonus.
2598 315 2864 399 [Quinam.
2899 337 3004 377 xv.

570 492 765 562 potest
792 481 1055 561 spectari,
1087 481 1186 540 vel
1212 479 1433 540 ratione
1461 500 1647 540 causoe
1667 481 2032 558 producentis
2071 481 2321 557 intemae,
2352 480 2451 540 vel
2490 480 2713 539 ratione
2755 481 3002 540 ordina·

574 567 737 624 tionis
763 585 861 622 seu
871 562 1083 640 judicii
1104 562 1283 622 divini
1306 562 1543 620 externi.
1628 561 1924 640 Injustum
1952 569 2042 620 est
2073 571 2131 620 et
2159 561 2447 638 culpabile
2475 569 2743 639 respectu
2763 561 3002 638 prior-ie,

574 654 863 724 quatenus
910 643 986 702 ad
1029 643 1322 702 hominem
1371 641 1800 702 inobedientem
1850 642 2112 701 refertur.
2219 641 2535 702 Posteriori
2577 662 2717 700 vero
2767 643 3002 700 ratione

573 735 769 804 potest
794 724 1007 784 habere
1033 723 1512 796 laudabilitatem,
1538 731 1824 800 quatenus
1851 721 1928 780 ad
1957 722 2147 781 Deum
2177 722 2538 781 ordinantem
2557 731 2617 782 et
2627 721 3005 798 judicantem

576 806 844 883 pertinet.
931 805 1088 862 Hinc
1119 803 1266 879 Biel,
1302 804 1338 836 “
1362 803 1584 862 Eadem
1612 803 1863 880 privatio
1893 823 2022 880 quae
2049 811 2352 880 peccatum
2379 812 2470 863 est
2511 803 2740 862 ordinat
2788 812 2850 863 et
2895 801 3002 861 de·

578 886 823 960 ordinat,
856 884 1163 962 culpabilis
1192 891 1281 942 est
1308 891 1369 942 et
1394 882 1704 942 laudabilis
1726 905 1741 960 ;
1787 883 2107 958 deordinat,
2124 891 2410 961 quatenus
2437 892 2705 960 peccator
2728 902 2836 960 per
2865 903 3006 941 eam

574 965 795 1024 recedit
822 984 858 1023 a
882 964 1228 1025 rectitudine
1248 964 1455 1042 Legae,
1479 973 1538 1022 et
1566 962 1639 1021 ab
1659 963 1858 1022 ordine
1871 963 2117 1041 justitiae
2137 964 2506 1042 preemiantis,
2529 962 2774 1038 ordinat,
2789 972 3002 1040 quate·

522 1078 529 1086 ·
576 1065 690 1105 nus
716 1053 985 1124 peccator
1012 1045 1248 1122 punitur
1274 1045 1383 1104 sub
1412 1042 1872 1140 ordjxw‘ustitiae
1899 1044 2226 1122 punientis;
2258 1044 2564 1122 culpabilis
2592 1052 2682 1102 est
2707 1052 3004 1121 quantum

580 1125 658 1186 ad
676 1135 1037 1205 peccatorem
1064 1125 1391 1186 voluntarie
1418 1124 1798 1201 deserentem,
1826 1124 2138 1184 laudabilis
2161 1124 2354 1202 quoad
2383 1124 2573 1184 Deum
2596 1124 2756 1201 juste
2783 1124 3002 1182 cadere

620 1206 1067 1266 ermittentem.”
2686 1255 2692 1259 .

578 1227 619 1286 P
662 1287 783 1346 XI.
808 1285 995 1345 Aliud
1021 1295 1110 1346 est
1135 1286 1353 1345 bonum
1380 1285 1690 1345 honestum
1715 1293 1776 1346 et
1801 1284 2036 1361 morale,
2067 1283 2222 1363 quod
2253 1284 2566 1363 respondet
2593 1281 2757 1362 Legi,
2789 1292 2850 1343 et
2890 1305 2999 1362 op-

578 1368 815 1445 ponitur
840 1367 993 1426 malo
1020 1367 1209 1445 turpi3
1256 1365 1441 1424 Aliud
1480 1366 1699 1425 bonum
1727 1366 1870 1426 utile
1899 1375 1958 1425 et
1985 1364 2352 1424 commodum
2370 1365 2634 1444 justitiae.
2718 1364 2859 1423 Alia
2903 1374 3002 1423 est

581 1447 1000 1526 complacentia
1026 1446 1406 1525 approbativa
1432 1447 1751 1505 voluntatis
1781 1446 1934 1524 signi
1959 1469 1972 1506 ε
2017 1446 2158 1525 Alia
2190 1445 2608 1523 complacentia
2647 1444 3000 1522 permissive.

582 1537 642 1588 et
670 1527 951 1597 directiva
983 1527 1301 1586 voluntatis
1341 1525 1718 1604 beneplaciti3
1766 1527 2076 1587 Peccatum
2117 1546 2236 1584 non
2261 1535 2453 1604 potest
2483 1526 2608 1584 Deo
2648 1524 2895 1602 placere,
2927 1535 2998 1585 ut

578 1609 797 1668 bonum
826 1609 1132 1666 honestum
1159 1616 1218 1667 et
1244 1605 1477 1681 morale,
1510 1606 1930 1683 complacentia
1967 1607 2382 1684 approbativa;
2431 1605 2548 1665 Sed
2587 1606 2698 1664 hoc
2727 1625 2843 1664 non
2882 1604 2992 1662 im-

578 1688 758 1766 pedit,
790 1687 1099 1764 quominus
1140 1687 1366 1764 placeat
1408 1686 1830 1764 complacentia
1868 1687 2228 1764 permissive,
2258 1695 2325 1746 ut
2365 1687 2582 1745 bonum
2625 1685 2995 1745 conducibile

578 1768 656 1827 ad
686 1769 920 1827 'ustitiae
946 1765 1485 1829 manifestationem.
2982 1819 2988 1822 ,

734 1848 818 1907 ΙΙ.
863 1846 1040 1905 Actio
1070 1855 1129 1905 et
1166 1846 1360 1923 passio
1404 1853 1541 1906 sunt
1580 1865 1762 1905 unum
1803 1853 1862 1906 et
1902 1845 2057 1906 idem
2084 1847 2315 1906 realiter
2341 1854 2399 1906 et
2427 1845 2600 1906 modo
2627 1853 2853 1907 tantum
2881 1845 2996 1904 dif-

577 1927 802 1988 ferunt:
831 1927 967 1986 hinc
995 1933 1295 2004 peccatum
1325 1925 1556 1986 diverso
1584 1917 2072 2005 respectu'potest
2099 1947 2226 1986 esse
2255 1936 2315 1987 et
2341 1928 2492 1987 actio
2520 1937 2580 1986 et
2606 1927 2818 2004 passio,
2839 1928 2996 1986 actio

575 2009 639 2068 in
667 2015 947 2085 quantum
976 2007 1368 2083 committitur,
1399 2007 1593 2085 passio
1621 2007 1685 2066 in
1712 2015 1992 2084 quantum
2019 2007 2317 2086 infligitur,
2348 2015 2407 2066 et
2433 2008 2650 2066 malum
2676 2007 2843 2068 triste
2865 2015 2994 2086 est;

576 2097 645 2148 ut
665 2087 991 2148 verberatio
1019 2096 1109 2147 est
1135 2087 1287 2146 actio
1315 2097 1599 2165 quatenus
1626 2087 2011 2166 proficiscitur
2037 2087 2111 2146 ab
2140 2097 2366 2166 agente,
2397 2097 2456 2148 et
2481 2087 2675 2165 passio
2703 2096 2996 2166 quatenus

578 2169 855 2246 recipitur
882 2168 941 2226 in
967 2168 1242 2246 patiente.

660 2249 851 2307 XIII.
884 2249 973 2308 De
1002 2248 1224 2307 ratione
1250 2267 1437 2324 poenae
1466 2256 1571 2325 est,
1604 2257 1670 2308 ut
1698 2248 1774 2308 sit
1801 2247 1954 2308 mala
1979 2247 2202 2326 punito,
2233 2247 2330 2307 vel
2360 2247 2420 2306 in
2449 2267 2511 2307 se
2539 2256 2599 2307 et
2617 2255 2753 2307 actu
2778 2248 2992 2326 primo,

576 2330 676 2388 vel
702 2329 906 2406 punito
935 2329 1018 2387 sic
1046 2328 1306 2406 opinanti
1334 2337 1393 2387 et
1419 2337 1553 2388 actu
1582 2329 1855 2388 secundo,
1940 2329 2108 2388 Licet
2129 2348 2300 2406 poena
2320 2347 2438 2386 non
2461 2348 2686 2405 semper
2707 2329 2996 2387 sentiatur

576 2409 651 2467 ab
693 2410 925 2468 homine
966 2417 1033 2468 ut
1074 2408 1216 2486 quid
1256 2408 1529 2468 nocivum
1572 2416 1630 2467 et
1672 2409 2030 2485 damnosum,
2063 2409 2166 2468 sed
2208 2409 2672 2485 apprehendatur
2709 2408 2785 2466 ab
2827 2429 2899 2467 eo
2929 2417 2998 2468 ιιι

574 2488 719 2567 quid
746 2498 976 2567 gratum
1004 2497 1063 2547 et
1081 2488 1423 2566 jucundum,
1453 2509 1559 2566 per
1584 2489 1792 2548 falsum
1822 2489 2152 2548 intellectus
2173 2488 2477 2566 judicium,
2502 2510 2620 2547 non
2641 2488 2771 2548 ideo
2793 2495 2994 2547 tamen

574 2569 767 2629 minus
793 2589 966 2647 poena
994 2569 1167 2629 debet
1192 2569 1255 2628 in
1283 2588 1345 2627 se
1374 2569 1621 2647 censeri3
1667 2569 1809 2647 quin
1835 2569 2071 2648 gravior
2111 2569 2284 2630 debet
2325 2569 2540 2646 haberi,
2573 2568 2730 2647 quod
2757 2589 2991 2648 poenam

574 2670 703 2710 esse
732 2649 890 2709 haud
918 2650 1144 2723 sentiat,
1175 2650 1293 2709 imo
1319 2670 1423 2727 pro
1451 2650 1606 2709 bono
1634 2650 1763 2709 utili
1792 2659 1850 2709 et
1871 2649 2133 2728 jucundo
2163 2670 2288 2709 eam
2319 2650 2582 2711 aestimet.
2670 2649 2768 2709 Sic
2797 2650 2994 2710 Deum

574 2750 693 2789 non
739 2730 943 2810 punire
992 2730 1304 2807 Virginum
1352 2730 1748 2791 Israelitarum
1797 2732 2188 2805 scortationes,
2241 2729 2621 2791 denunciatur
2667 2750 2704 2789 a
2754 2730 2882 2789 Deo
2931 2732 2994 2788 in

574 2831 806 2949 poena}
848 2811 1277 2887 scortationum,
1329 2810 1477 2870 Hos.
1527 2811 1605 2871 iv.
1658 2814 1750 2889 14,
1803 2812 1906 2871 sed
1945 2831 2063 2870 non
2109 2810 2300 2889 puniri
2343 2830 2380 2869 a
2429 2811 2557 2871 Deo
2597 2818 2690 2871 est
2728 2810 2995 2888 inprimis

608 2911 763 2951 ucun
807 2913 923 2952 um.

570 2914 597 2970 J
657 2971 838 3030 XIV.
883 2971 1016 3030 Non
1044 2979 1134 3030 est
1160 2970 1233 3029 de
1262 2970 1514 3029 essentia
1539 2989 1727 3047 poenae
1757 2990 1983 3049 semper
2007 2980 2074 3031 ut
2102 2970 2178 3031 sit
2204 2970 2547 3047 voluntaria,
2577 2978 2643 3031 ut
2669 2990 2776 3031 nec
2806 2970 2880 3030 de
2901 2992 2991 3030 ra-

508 3052 511 3055 ’
574 3052 732 3111 tione
758 3051 983 3128 peccati
1010 3058 1099 3109 est
1126 3070 1353 3142 semper
1379 3059 1445 3109 ut
1472 3050 1548 3109 sit
1567 3050 1984 3143 voluntarium3
2017 3052 2228 3111 sufficit
2253 3060 2320 3111 ut
2345 3052 2479 3111 talis
2507 3052 2582 3111 sit
2603 3052 2695 3111 cui
2719 3050 2994 3111 voluntas

574 3129 1457 3286 f?1ss}¹0{”32{.352’22‡‘.{¹p22555
1476 3137 1872 3285 ὥῗέιῗίωέιῑ
1899 3131 2642 3290 νέἷὲἓὲεἶῐῖῗῖῗέῥὲὲῃῖὶ
2657 3135 2994 3287 ξζιῗέιέ·οἶί

574 3309 704 3349 esse
732 3289 908 3348 talem
935 3289 1030 3348 cui
1056 3298 1405 3367 repugnaret
1422 3290 1473 3349 si
1500 3290 1660 3348 illam
1678 3300 1833 3351 recte
1855 3293 2166 3352 aestimaret
2187 3301 2244 3352 et
2263 3292 2700 3371 perpenderet‚”
2725 3301 2786 3352 et
2807 3293 2990 3371 Greg.

574 3369 649 3429 de
670 3369 907 3429 Valent.
928 3369 990 3428 in
1021 3372 1073 3444 1,
1105 3373 1161 3445 2,
1190 3378 1269 3429 ιο.
1299 3367 1337 3428 i.
1368 3388 1425 3447 q.
1451 3372 1546 3445 84,
1572 3373 1607 3404 “
1629 3371 1785 3431 Satis
1812 3374 1959 3449 est,'’
1990 3372 2194 3449 inquit,
2229 3374 2265 3405 “
2283 3382 2348 3431 ιιι
2368 3393 2540 3451 poena
2561 3380 2764 3451 suapte
2784 3381 2996 3432 natura

575 3450 916 3509 adversetur
942 3450 1300 3510 inclinationi
1329 3451 1595 3528 hominis,
1628 3452 1889 3531 adeoque
1918 3453 1992 3512 sit
2020 3453 2409 3512 involuntaria
2437 3452 2496 3510 in
2525 3462 2658 3511 actu
2686 3453 2932 3532 prim0.''

658 3531 804 3591 XV.
866 3529 939 3589 Id
967 3531 1125 3608 quod
1172 3541 1261 3591 est
1302 3533 1499 3608 ἀνομία,
1528 3552 1646 3591 non
1694 3541 1885 3610 potest
1933 3554 2059 3592 esse
2089 3534 2270 3608 ἐννομῖκ
2307 3533 2508 3593 eodem
2537 3542 2840 3612 respectu3
2889 3534 2994 3593 sed

574 3610 827 3672 divers0.
912 3612 1221 3673 Peccatum
1252 3624 1340 3672 est
1358 3615 1539 3691 aiv-pah
1565 3613 1625 3671 in
1656 3611 1857 3672 ordine
1876 3613 1953 3672 ad
1979 3616 2149 3689 Leqis
2169 3616 2515 3689 mandatum,
2540 3621 2599 3672 et
2627 3634 2694 3674 eo
2723 3624 2992 3692 respectu

540 3716 545 3723 ·
574 3712 777 3753 verum
806 3700 895 3751 est
924 3712 1217 3771 nunquam
1244 3712 1416 3771 posse
1458 3714 1586 3753 esse
1616 3694 1856 3769 implam
1903 3694 1986 3753 sic
2015 3694 2168 3753 enim
2209 3702 2269 3753 et
2295 3695 2538 3755 vetitum
2582 3702 2736 3753 esset
2762 3704 2822 3755 et
2859 3695 2990 3772 jus-

576 3793 723 3849 sum,
754 3773 911 3849 qnod
938 3772 1214 3850 implicat.
1301 3772 1419 3832 Sed
1456 3784 1650 3853 potest
1677 3784 1870 3833 tamen
1914 3774 2029 3833 dici
2059 3776 2258 3851 inumata,
2289 3775 2467 3834 relate
2512 3774 2587 3832 ad
2615 3775 2786 3851 Leqis
2823 3795 2989 3834 sanc-

575 3855 795 3929 tionem,
826 3860 892 3911 ut
920 3852 1079 3929 quod
1104 3861 1193 3912 est
1221 3862 1421 3913 contra
1450 3854 1668 3931 Legem
1709 3854 2156 3933 praecipientem,
2189 3856 2266 3914 sit
2307 3863 2500 3914 tamen
2531 3855 2846 3915 secundum
2877 3856 2989 3915 Le-

574 3954 709 4009 gem
738 3932 1110 3993 sancientem.
1195 3932 1289 3991 Ita
1316 3933 1527 3995 dicitur
1552 3954 1740 4012 poena,
1771 3943 2056 4013 quatenus
2097 3934 2239 3994 dicit
2267 3936 2480 3994 malum
2531 3934 2802 3995 nocivum
2831 3956 2990 3995 crea-

575 4021 721 4071 turae
741 4012 919 4089 juxta
946 4012 1302 4073 sanctionem
1331 4013 1525 4090 LegiS,
1557 4034 1687 4091 quse
1716 4014 1844 4074 vult
1871 4024 2191 4075 creaturam
2219 4015 2400 4093 affligi
2428 4016 2501 4075 ob
2530 4015 2779 4093 culpam.

659 4092 842 4151 XVI.
887 4092 1099 4153 Nullus
1119 4094 1315 4170 justus
1342 4094 1386 4153 J
1390 4093 1546 4153 udex
1587 4094 1885 4153 ulciscitur
1931 4096 2448 4173 transgressionem
2477 4104 2536 4155 et
2564 4096 2832 4172 injuriam
2877 4096 2991 4155 sibi

574 4171 804 4247 factam,
835 4172 950 4231 alia
976 4173 1433 4249 transgressione
1460 4174 1557 4232 vel
1584 4173 1796 4252 injuria
1823 4194 1996 4251 quam
2025 4176 2148 4253 ipsc
2177 4176 2350 4236 faciat
2377 4176 2474 4235 vel
2502 4196 2675 4253 quam
2703 4176 2831 4235 fieri
2856 4195 2986 4254 per-

576 4252 785 4326 mittat,
816 4252 953 4329 quia
998 4260 1229 4311 tenetur
1275 4271 1503 4311 omnem
1551 4252 1820 4331 injuriam
1869 4254 2148 4333 impedire
2173 4278 2186 4315 :
2255 4256 2374 4316 Sed
2400 4255 2548 4314 nihil
2575 4256 2768 4315 obstat
2800 4256 2988 4315 Deum

574 4332 777 4393 ulcisci
806 4331 1077 4409 injuriam
1106 4331 1217 4390 sibi
1244 4330 1455 4391 factam
1482 4352 1585 4411 per
1612 4334 1786 4392 aliam
1814 4335 2100 4413 injuriam,
2126 4356 2300 4414 quam
2329 4337 2453 4415 ipse
2483 4336 2908 4413 sapientissimo
2931 4344 2990 4395 et

568 4412 895 4491 justissimo
922 4411 1166 4471 consilio
1192 4411 1487 4489 permittat
1514 4414 1639 4475 fieri
1680 4415 1758 4474 ad
1784 4414 2056 4475 damnum
2100 4426 2376 4477 creaturae
2399 4440 2414 4493 ς
2459 4416 2599 4493 quia
2624 4416 2787 4475 nulla
2829 4416 2989 4493 Lege

574 4492 956 4571 adstringitur
982 4492 1058 4551 ad
1099 4512 1225 4551 eam
1254 4492 1718 4573 impediendam3
1779 4496 1896 4555 imo
1937 4496 2312 4573 gravissimas
2353 4496 2608 4557 rationes
2642 4496 2821 4556 habet
2861 4516 2988 4555 eam

573 4573 943 4653 permittendi
973 4573 1049 4633 ad
1074 4575 1351 4654 majorem
1372 4575 1617 4652 justitiae
1646 4598 1766 4636 suae
1795 4575 2256 4637 illustrationem.

654 4654 871 4715 XVII.
916 4654 1083 4717 Licet
1112 4654 1495 4735 Magistratus
1522 4657 1712 4735 civilis
1753 4678 1870 4717 non
1898 4656 2101 4736 puniat
2141 4666 2378 4736 peccata
2419 4656 2692 4737 peccatis,
2725 4656 2856 4717 Non
2900 4674 2987 4717 sc·
