3300 5225
321 342 550 393 QuAEs‘r.
581 319 696 405 vn]
1299 342 1379 384 nn
1405 343 1763 386 cananeus.
2306 381 2313 387 .
2620 326 2739 385 399

323 503 396 547 ea
421 502 458 543 a
487 483 616 543 Deo
642 490 780 545 ante
804 482 1192 543 hexaemeron
1224 492 1418 545 creata
1457 492 1761 561 statuetur,
1793 484 1891 543 vel
1929 482 2187 543 increata
2211 490 2271 543 et
2297 488 2583 543 consterna
2610 483 2739 543 Deo

321 564 612 643 fingetur:
657 563 786 641 Quo
821 562 1095 623 videntur
1131 564 1410 625 inclinare
1449 585 1568 625 non
1609 566 1855 625 obscure
1899 562 2208 639 Sociniani,
2252 562 2392 622 dum
2432 562 2743 623 creationis

323 644 510 721 ipsius
535 643 790 705 materiae
817 642 878 701 in
905 643 1250 705 hexaemero
1280 645 1466 705 Mosis
1493 645 1715 705 nullam
1741 645 2092 705 mentionem
2118 644 2245 703 fieri
2276 642 2643 721 pertendunt,
2672 652 2741 703 ut

323 724 438 785 hac
463 724 686 787 ratione
713 744 784 783 eo
811 722 1038 783 facilius
1065 735 1486 803 argumentum,
1518 725 1677 803 quod
1716 726 1967 803 petimus
1996 724 2071 783 ad
2112 722 2479 783 asserendam
2509 724 2738 783 Divini-

323 812 505 863 tatem
535 804 750 865 Christi
777 824 854 863 ex
881 804 1194 871 existentia
1219 805 1347 884 ejus
1375 815 1508 866 ante
1536 806 1887 866 creationem
1920 804 2143 881 mundi,
2185 812 2481 865 enervent.
2566 803 2745 865 Unde

338 885 570 945 Volkeli.
609 884 711 945 lib.
740 883 820 945 iv.
851 904 901 948 c.
931 887 988 959 4,
1033 904 1304 961 expresse
1346 886 1489 945 dicit
1533 888 1568 919 “
1591 885 1665 946 de
1706 886 1901 947 Terrse
1940 894 2000 945 et
2028 884 2221 961 Aquae
2260 884 2551 945 creatione
2592 884 2742 943 nihil

325 963 550 1025 dixisse
595 964 842 1041 Mosem,
887 984 998 1025 nec
1041 984 1236 1026 sacras
1276 966 1504 1027 Literas
1539 965 1699 1041 alibi,
1739 986 1847 1025 nec
1887 965 2040 1026 male
2078 964 2266 1025 facere
2307 983 2427 1041 eos,
2468 963 2571 1043 qui
2612 984 2741 1039 sen-

325 1045 569 1105 tentiam
607 1045 720 1105 hac
756 1044 830 1105 de
857 1064 919 1103 re
957 1064 1120 1105 suam
1149 1044 1246 1105 vel
1290 1045 1669 1124 suspendunt,
1714 1065 1835 1104 non
1876 1044 2157 1105 audentes
2194 1043 2435 1105 definire
2475 1044 2539 1103 id
2580 1040 2741 1123 quod

331 1124 642 1202 Scriptura
670 1144 787 1185 non
815 1123 1179 1202 definierunt,
1201 1126 1300 1185 vel
1327 1126 1390 1185 id
1415 1126 1575 1203 quod
1593 1126 1805 1185 rationi
1832 1125 2083 1185 maxime
2110 1132 2558 1185 consentaneum
2579 1124 2743 1185 vide-

325 1212 422 1265 tur
443 1204 525 1264 ita
541 1214 876 1283 sequuntur,
899 1212 967 1264 ut
983 1205 1112 1265 aliis
1129 1204 1480 1283 ambigendi,
1499 1204 1598 1265 vel
1616 1204 1997 1265 dissentiendi
2011 1204 2341 1281 relinquant
2355 1204 2740 1265 libertatem.”

328 1284 474 1359 Quae
501 1305 620 1345 non
645 1285 760 1347 alio
789 1293 1065 1362 spectare,
1097 1305 1272 1362 quam
1299 1285 1376 1347 ad
1403 1284 1807 1349 infirmandam
1829 1284 2193 1348 Creationem
2212 1283 2415 1346 mundi
2440 1303 2517 1349 ex
2537 1284 2761 1361 nihilo,

316 1364 585 1442 judicare
613 1365 798 1428 cuivis
825 1364 1084 1442 proclive
1111 1374 1218 1427 est.

931 1444 1043 1503 IV.
1105 1445 1348 1505 Rectius
1395 1464 1536 1523 ergo
1583 1465 1688 1523 per
1735 1444 1951 1505 C'oelum
1996 1452 2057 1505 et
2108 1444 2353 1508 Tmam
2396 1442 2747 1521 intelligitur

849 1524 1123 1587 universa
1151 1525 1360 1585 Mundi
1386 1526 1566 1604 hujus
1585 1525 1872 1600 machina,
1904 1524 2009 1585 sed
2036 1533 2243 1585 ornatu
2262 1542 2387 1599 suo,
2418 1523 2743 1601 splendore,

849 1612 908 1665 et
935 1604 1286 1682 perfectione
1306 1604 1496 1667 adhuc
1516 1605 1811 1680 destituta,
1842 1624 2019 1683 quam
2040 1605 2293 1681 recipere
2318 1612 2523 1681 postea
2541 1603 2747 1664 debuit

326 1685 390 1744 in
434 1684 864 1765 particularium
909 1704 1146 1761 operum
1187 1685 1462 1750 distincta
1501 1685 1791 1747 creatione
1831 1704 1938 1763 per
1981 1682 2237 1746 sextidui
2280 1684 2529 1761 spatium
2571 1682 2743 1743 facta.

329 1767 410 1827 Et
447 1786 552 1845 per
581 1765 794 1827 Ooezum
821 1764 1058 1843 quidem
1095 1784 1216 1825 non
1255 1765 1429 1826 modo
1455 1766 1669 1827 Ooehm
1708 1766 2009 1825 ‹ether-eum
2046 1772 2297 1840 notatur,
2341 1764 2513 1823 astris
2555 1762 2749 1823 adhuc

850 1843 1210 1921 destitutum,
1256 1846 1360 1905 sed
1400 1846 1690 1924 proecipue
1735 1845 1951 1906 O'aelum
1986 1864 2331 1921 supremum,
2372 1844 2745 1921 Empyraeum

331 1912 467 2016 “iffi
489 1910 809 2028 ωἶξξζὶζῗ·
850 1923 1087 2016 dictum,
1131 1923 1290 2001 quod
1331 1924 1476 1991 alias
1521 1926 1734 1990 Goelum
1782 1925 2086 2000 Oculorum,
2137 1927 2167 1982 l
2202 1924 2351 2017 Reg.
2381 1924 2505 1983 viii.
2546 1928 2642 2018 27,
2684 1932 2745 1984 et

853 2011 1078 2063 tertium
1116 2007 1328 2081 ooelum,
1373 2009 1411 2063 2
1455 2005 1584 2066 Cor.
1625 2006 1729 2065 xii.
1769 2009 1829 2079 2,
1866 2012 1927 2065 et
1966 2004 2355 2081 metaphorice
2402 2005 2742 2080 Paradwus,

332 2086 476 2145 Luc.
516 2082 684 2145 xxiii.
724 2084 824 2159 43,
852 2092 1112 2159 vocatur,
1156 2084 1324 2161 cujus
1366 2085 1528 2145 Deus
1569 2085 1782 2145 dicitur
1818 2086 2035 2162 τεχνίτης
2074 2088 2165 2143 καὶ
2205 2082 2512 2163 Rapa-omia
2558 2085 2746 2147 Hebr..

328 2166 410 2225 xi.
439 2168 532 2241 10,
575 2163 736 2241 quod
771 2171 862 2225 est
888 2163 1081 2240 quoad
1119 2165 1486 2223 substantiam
1513 2163 1973 2239 subtilissimum,
2003 2163 2199 2241 quoad
2234 2164 2561 2241 qualitatem
2599 2164 2745 2225 luci-

333 2246 652 2319 dissimum,
678 2243 871 2323 quoad
899 2244 1256 2303 durationem
1279 2243 1673 2308 indefectibile
1700 2244 1773 2303 ab
1794 2243 2127 2318 intrinseco,
2148 2243 2344 2320 quoad
2368 2244 2555 2319 situm,
2574 2262 2752 2320 supra

330 2346 532 2386 omnes
552 2325 732 2386 coelos
753 2324 1132 2401 aspectabiles
1150 2324 1544 2399 constitutum,
1573 2327 1604 2383 1
1629 2324 1779 2385 Tim.
1798 2324 1878 2383 vi.
1902 2327 2005 2399 163
2036 2322 2224 2400 Apoc.
2247 2322 2371 2383 xxi.
2395 2325 2499 2398 103
2529 2322 2573 2383 J
2576 2323 2749 2387 ohan.

328 2407 451 2465 xiv.
482 2410 556 2481 33
601 2405 752 2482 Eph.
781 2404 862 2463 iv.
896 2406 990 2465 10.
1076 2403 1250 2465 Unde
1279 2405 1442 2465 Deus
1467 2404 1739 2465 babitans
1766 2404 1827 2461 in
1854 2404 2003 2465 caelo
2030 2402 2242 2463 dicitur
2267 2402 2529 2465 habitare
2555 2402 2617 2461 in
2645 2423 2747 2463 ex-

327 2485 516 2561 celsis,
548 2484 846 2559 altissime,
879 2484 1115 2546 Denter.
1145 2484 1225 2543 iv.
1249 2487 1346 2561 39,
1374 2485 1471 2545 ΡΒ.
1501 2484 1596 2544 cii.
1630 2487 1725 2559 19,
1757 2484 1899 2545 Luc.
1928 2483 1989 2545 ii.
2024 2486 2119 2558 14,
2148 2490 2207 2543 et
2226 2482 2391 2542 xxiv.
2414 2485 2513 2559 49,
2537 2482 2749 2543 Jacob.

325 2566 365 2627 i.
400 2570 504 2643 173
547 2573 608 2628 et
636 2564 900 2626 Christus
940 2563 1260 2632 ascendens
1299 2564 1362 2624 in
1403 2564 1613 2632 coelurn
1656 2564 1867 2626 dicitur
1892 2564 1955 2624 in
1982 2564 2164 2624 altum
2201 2570 2261 2624 et
2298 2563 2544 2624 sublime
2573 2582 2748 2642 supra

328 2667 530 2711 omues
557 2646 736 2706 coelos
756 2645 1102 2721 ascendisse,
1130 2646 1227 2704 Ps.
1248 2645 1438 2706 lxviii.
1467 2649 1570 2722 183
1603 2645 1754 2724 Eph.
1777 2645 1857 2705 iv.
1881 2647 1937 2722 8,
1966 2647 2068 2720 103
2112 2644 2266 2704 Heb.
2289 2643 2391 2704 vii.
2414 2648 2511 2704 26.
2578 2645 2749 2719 Quod

329 2725 736 2805 opponendum
759 2725 1122 2800 LutheraniS,
1149 2726 1250 2802 qui
1271 2726 1482 2786 coelum
1509 2725 1670 2794 istud
1689 2725 1895 2786 volunt
1916 2745 2044 2786 esse
2065 2725 2403 2800 increatum,
2433 2734 2493 2784 et
2519 2725 2749 2787 illocale

328 2815 388 2867 et
413 2807 814 2884 incorporeum
853 2805 1100 2883 fingunt,
1131 2815 1192 2866 et
1217 2805 1376 2883 quod
1418 2807 1495 2866 sit
1519 2806 1755 2883 ubique,
1784 2814 1851 2867 ut
1878 2813 2280 2882 argumentum
2309 2804 2383 2863 ab
2411 2805 2749 2866 ascensione

330 2887 546 2950 Christi
571 2887 633 2948 in
660 2887 870 2948 coelum
897 2886 1144 2964 petitum
1169 2885 1452 2946 adversus
1483 2886 1885 2963 Ubiquitatem
1914 2886 2185 2963 Corporis
2214 2884 2447 2960 Christi,
2479 2885 2727 2946 elevent.

798 3033 810 3046 ⁸
935 2967 1013 3026 V.
1062 2966 1184 3026 Sub
1214 2967 1382 3028 Coelo
1417 2967 1532 3028 isto
1569 2987 1840 3044 supremo
1866 2967 2113 3044 Angelos
2152 2965 2283 3044 ejus
2326 2965 2549 3026 incolas
2591 2985 2745 3026 com-

330 3032 814 3138 sugonlffeuffussgeh
854 3046 1138 3124 prehendi
1163 3065 1482 3122 censemus,
1511 3067 1759 3125 quorum
1789 3047 2169 3120 creationem,
2212 3045 2351 3104 licet
2390 3046 2589 3106 Moses
2616 3065 2745 3106 sen-

716 3122 730 3136 '
857 3126 1113 3186 sibilium
1155 3135 1216 3188 et
1255 3127 1574 3188 visibilium
1617 3126 1993 3205 descriptioni
2038 3125 2229 3204 magis
2273 3126 2577 3202 inhaerens,
2627 3147 2747 3187 non

327 3214 736 3269 commemoret
762 3225 1050 3282 expresse,
1090 3206 1164 3266 ab
1203 3227 1274 3268 eo
1315 3207 1456 3267 satis
1496 3215 1693 3268 tamen
1732 3207 1991 3268 innuitur
2018 3207 2129 3268 sub
2155 3208 2403 3266 exercitu
2444 3207 2743 3282 Coelorum,

328 3287 402 3346 de
430 3307 545 3363 quo
574 3286 781 3363 agitur,
815 3285 964 3346 Gen.
993 3285 1054 3343 ii.
1089 3287 1142 3359 1,
1172 3295 1232 3344 et
1272 3285 1383 3345 sub
1423 3287 1548 3362 ipso
1583 3287 1749 3360 coelo,
1788 3287 1947 3364 quod
1986 3286 2189 3346 debuit
2226 3305 2355 3346 esse
2381 3287 2614 3346 illorum
2641 3286 2745 3346 do·

328 3367 626 3440 micilium,
649 3365 792 3426 Jud.
817 3368 889 3440 6;
928 3365 1069 3423 Luc.
1098 3365 1158 3424 ii.
1193 3367 1266 3424 13
1288 3387 1302 3440 ;
1335 3365 1506 3424 Matt.
1529 3365 1697 3424 xxiv.
1722 3369 1819 3425 36.
1885 3365 2059 3427 Unde
2086 3365 2358 3426 dicuntur
2384 3367 2745 3444 applausisse

332 3447 478 3520 Deo,
509 3453 574 3506 ut
609 3447 736 3523 jam
763 3444 958 3519 creati,
988 3464 1120 3503 cnm
1148 3444 1417 3504 fundaret
1442 3453 1673 3520 terram,
1704 3445 1845 3506 Job.
1874 3445 2124 3504 xxxviii.
2156 3447 2211 3519 6,
2244 3449 2298 3519 7,
2330 3445 2488 3522 quod
2527 3445 2743 3506 factum

329 3525 426 3584 die
452 3526 671 3603 prim03
704 3533 764 3585 et
793 3524 948 3585 Psal.
977 3523 1198 3584 cxlviii.
1230 3529 1286 3600 2,
1315 3532 1689 3585 recensentur
1708 3525 1894 3602 primo
1926 3523 2057 3586 loco
2084 3524 2235 3584 inter
2256 3523 2577 3601 creaturas,
2608 3533 2744 3584 ante

334 3605 547 3682 Solem,
580 3606 822 3682 Lunam,
853 3613 913 3665 et
945 3603 1174 3664 Stellas.

930 3685 1046 3744 VI.
1088 3683 1359 3746 Alterum
1384 3682 1556 3761 primi
1584 3683 1707 3743 diei
1729 3702 1875 3761 opus
1912 3691 2002 3744 est
2032 3684 2235 3758 Terra,
2264 3699 2385 3758 quo
2407 3680 2639 3742 nomine
2679 3690 2741 3743 et

853 3784 1020 3842 aquae
1047 3763 1456 3843 comprehendi
1483 3764 1697 3838 solent,
1717 3783 1891 3840 quam
1922 3763 2126 3824 Moses
2146 3783 2251 3840 per
2276 3778 2384 3822 *ena-1
2410 3785 2501 3824 nnn
2534 3761 2613 3822 id.
2656 3762 2741 3823 in-

327 3845 596 3904 anitatem
623 3852 682 3906 et
705 3844 1020 3904 vastitatem
1045 3844 1336 3920 describit,
1366 3864 1486 3904 non
1512 3843 1687 3904 modo
1714 3845 1852 3921 quia
1890 3851 2043 3904 terra
2068 3844 2466 3906 habitantibus
2493 3849 2554 3907 et
2578 3843 2737 3904 inco-

326 3925 404 3984 lis
429 3925 540 3987 fuit
566 3925 860 4002 destituta,
892 3924 998 3986 sed
1023 3925 1216 4000 etiam,
1245 3925 1384 4003 quia
1407 3924 1622 4001 herbis,
1653 3923 1911 3999 floribus,
1942 3924 2261 4003 arboribus,
2291 3933 2352 3987 et
2390 3924 2547 3986 omni
2588 3925 2739 4002 luce,

326 4013 549 4081 ornatu,
580 4017 642 4068 et
682 4006 908 4080 decore,
937 4005 1095 4083 quod
1141 4014 1346 4083 postea
1385 4004 1500 4083 ipsi
1543 4005 1805 4081 accessit,
1835 4003 1947 4064 fuit
1973 4004 2303 4084 denudata3
2344 4026 2477 4085 quse
2520 4005 2741 4067 ibidem

325 4087 636 4164 exponitur
677 4106 782 4165 per
823 4089 1082 4162 abyssum
1121 4085 1378 4146 tenebris
1421 4092 1719 4162 opertam3
1779 4083 1979 4162 Atque
2019 4086 2104 4146 ita
2128 4085 2389 4148 innuitur
2419 4106 2613 4148 massa
2637 4088 2745 4147 illa

325 4167 588 4227 informis
616 4187 692 4227 ex
719 4186 870 4244 aqua
897 4175 957 4227 et
982 4174 1138 4228 terra
1163 4166 1336 4227 simul
1364 4173 1648 4242 concreta,
1672 4166 1827 4226 unde
1852 4166 2043 4226 Postae
2072 4187 2241 4226 suum
2266 4168 2453 4229 chaos
2468 4167 2739 4249 desump-

328 4255 543 4326 serunt,
575 4248 734 4327 quod
767 4247 998 4309 Ovidius
1023 4266 1143 4306 non
1169 4246 1530 4324 ineleganter
1556 4245 1844 4324 expressit
1869 4246 1965 4306 his
1989 4247 2187 4310 verbis
2212 4248 2315 4308 lib.
2344 4247 2383 4308 i.
2416 4249 2655 4310 Metam.

327 1508 456 1561 Quid
493 1524 581 1569 per
621 1508 810 1557 Coelnm

459 1568 692 1615 notetur?

443 3737 490 3784 2.
526 3739 694 3786 Terra.

725 4406 874 4468 Ante
899 4421 1062 4466 mare
1088 4416 1146 4469 et
1169 4415 1372 4482 terras,
1403 4415 1460 4466 et
1481 4407 1638 4482 quod
1662 4406 1796 4482 tegit
1826 4406 2017 4470 omnia
2042 4410 2255 4486 eoelum,

735 4488 893 4547 Unus
919 4496 1049 4546 erat
1072 4496 1184 4549 toto
1211 4496 1434 4546 namra
1458 4489 1642 4546 vuum
1668 4485 1729 4546 in
1754 4487 1903 4562 orbe,

732 4568 1139 4636 Quendam
1170 4567 1374 4642 Chaos,
1403 4566 2216 4644 rudieindiyeataquemoloe;
2310 4607 2319 4622 ,

727 4650 852 4708 Nec
955 4647 1180 4725 icquam
1205 4648 1320 4708 nei
1331 4649 1560 4723 pondus
1587 4646 1756 4723 iners,
1786 4656 2153 4724 conpactaque
2179 4651 2372 4710 codem

724 4730 862 4788 Non
923 4747 1022 4790 ene
1033 4730 1368 4806 junctarum
1390 4727 1677 4787 discordia
1702 4728 1917 4787 semina
1943 4743 2154 4788 rerum.
