3300 5225
385 378 608 428 Qufflsr.
641 359 754 442 x1.]
1229 381 1308 420 ns
1337 376 1863 450 rwgss‘nxsriox
1873 382 1923 421 s.
2662 364 2779 420 323

383 520 512 580 titia
541 519 676 580 fidei
717 540 893 597 quam
937 521 1158 582 Gentes
1199 533 1524 582 consecutae
1565 533 1719 602 sunt,
1764 543 1880 582 non
1922 521 2141 582 evincit
2184 521 2429 580 Paulum
2470 521 2631 597 egiss
2672 521 2782 578 hoc

379 601 566 678 capite
594 601 668 660 de
695 601 738 661 J
741 601 1139 678 ustificatione‚
1185 603 1288 662 sed
1315 605 1733 664 consectarium
1762 613 1851 662 est
1891 623 1967 664 ex
2007 600 2465 682 praecedentibus
2506 599 2779 674 elicitum,

377 700 584 758 nempe
611 699 688 743 ex
728 681 838 740 hac
879 681 1158 746 electione
1198 692 1256 743 et
1298 685 1600 744 vocatione
1640 683 1896 761 gratuite
1934 689 2141 760 gentes
2179 679 2516 754 obtinuisse,
2558 688 2623 740 ut
2656 678 2781 756 jus-

377 760 521 819 titiae
561 780 666 838 per
691 760 864 820 fidem
892 761 1096 822 fierent
1134 763 1460 841 participes,
1487 765 1534 826 J
1535 764 1736 824 udaeos
1774 783 1915 826 vero
1942 783 2159 840 magna
2182 765 2259 822 eri
2299 769 2459 838 parte
2499 767 2785 819 sectantes
2903 801 2907 806 -

378 860 554 917 opera
579 841 776 920 Legis,
810 843 974 919 justo
1004 843 1118 903 Dei
1149 842 1374 920 judicio
1401 844 1586 904 salute
1629 842 1951 904 excidisse:
1996 843 2170 904 Unde
2198 840 2427 901 elicitur
2453 839 2626 898 fidem
2656 857 2783 898 esse

375 920 632 982 medium
658 922 892 983 unicum
921 923 1142 997 salutis,
1173 923 1278 983 sed
1301 944 1420 984 non
1449 944 1681 984 causam
1708 922 2025 984 electionis.

460 1000 652 1062 XXI.
697 1002 864 1062 Licet
899 1003 1136 1080 rejectio
1177 1013 1237 1064 et
1283 1003 1508 1080 electio,
1553 1024 1685 1080 quse
1722 1004 2061 1082 proponitur
2107 1003 2168 1061 in
2206 1021 2455 1080 persona
2498 998 2680 1058 Esavi
2728 1006 2786 1057 et

378 1081 423 1141 J
424 1081 608 1157 scobi,
651 1082 838 1159 possit
875 1083 1300 1159 quodammodo
1339 1092 1602 1160 posteros
1643 1084 1897 1164 ipsorum
1944 1083 2229 1161 respicere
2268 1079 2627 1156 secundarie,
2669 1077 2785 1156 pri-

378 1161 560 1220 mario
585 1169 780 1223 tamen
820 1163 978 1241 ipsos
1017 1173 1258 1256 spectat,
1303 1171 1370 1224 ut
1410 1163 1747 1224 ostendatur
1787 1181 2019 1224 eausam
2058 1161 2409 1222 discriminis
2448 1161 2598 1220 inter
2633 1158 2785 1218 filios

379 1242 569 1302 carnis
611 1250 672 1301 et
713 1242 1126 1319 promissioms,
1169 1263 1300 1321 quae
1339 1244 1697 1321 proponitur,
1738 1263 1798 1302 v.
1845 1246 1901 1304 6.
1949 1245 2005 1318 7,
2048 1262 2165 1302 non
2204 1241 2267 1300 in
2308 1239 2579 1319 operibus
2616 1237 2786 1297 bonis

381 1322 480 1382 vel
507 1321 678 1380 malis
702 1321 1162 1400 praecedentibus
1189 1332 1250 1384 et
1275 1324 1540 1402 praevisis
1567 1321 1937 1400 quaerendam
1977 1341 2122 1398 esse,
2168 1321 2275 1380 sed
2313 1321 2375 1378 in
2415 1327 2630 1380 aeterno
2674 1317 2787 1378 Dei

378 1402 689 1478 preposite,
731 1403 777 1462 J
778 1401 1024 1462 acobum
1053 1422 1128 1460 ex
1168 1404 1358 1482 gratia
1389 1403 1679 1480 eligentis,
1720 1413 1781 1464 et
1810 1403 2069 1462 Esavum
2102 1401 2498 1478 reprobantis:
2540 1399 2636 1458 Ita
2672 1397 2787 1460 ista

375 1501 494 1539 non
519 1491 918 1559 proponuntur
945 1489 1170 1542 tantum
1209 1485 1404 1560 typice,
1445 1483 1550 1542 sed
1587 1483 1763 1542 etiam
1795 1481 2267 1558 paradigmatice,
2302 1477 2785 1558 quemadmodum

377 1561 646 1638 exempla
670 1561 862 1638 priora
893 1561 1128 1622 Israelis
1155 1571 1214 1624 et
1241 1563 1430 1624 Isaaci
1457 1581 1733 1640 personas
1761 1562 2083 1638 singulares
2110 1560 2441 1638 respiciunt.

458 1640 686 1700 XXII.
729 1641 943 1717 Ter-tie,
979 1641 1046 1702 Si
1071 1642 1298 1702 Electio
1325 1653 1416 1704 est
1441 1663 1518 1702 ex
1543 1642 1659 1701 fide
1688 1641 1953 1719 praevisa,
1997 1649 2223 1718 oportet
2249 1649 2315 1700 ut
2339 1640 2505 1698 illam
2528 1638 2591 1698 in
2618 1637 2787 1696 nobis

375 1719 708 1796 praeviderit
737 1721 914 1798 Deus,
947 1721 1044 1782 vel
1070 1730 1348 1800 tanquam
1374 1731 1566 1782 actum
1593 1732 1831 1798 naturae,
1863 1721 1965 1799 qui
1992 1741 2027 1780 a
2052 1720 2221 1780 nobis
2248 1718 2659 1797 proficiscatur,
2690 1715 2788 1775 vel

375 1808 442 1858 ut
469 1809 662 1860 actum
689 1801 911 1878 gratiss,
941 1801 1042 1879 qui
1069 1822 1106 1862 a
1133 1803 1262 1862 Deo
1300 1801 1565 1880 pendeat,
1610 1801 1711 1862 vel
1735 1810 1800 1860 ut
1833 1810 2027 1861 actum
2064 1818 2425 1860 communem
2464 1797 2567 1876 qui
2594 1796 2669 1858 ab
2695 1806 2787 1872 utf

375 1898 554 1956 reque
581 1881 954 1958 conjunctim,
996 1882 1205 1958 partim
1233 1903 1270 1941 a
1298 1883 1444 1956 Deo,
1467 1882 1676 1960 partim
1702 1881 1779 1940 ab
1811 1881 2043 1940 homine
2084 1880 2336 1954 oriatur;
2382 1878 2449 1938 Si
2486 1886 2554 1939 ut
2594 1885 2787 1938 actum

375 1958 508 2033 Dei,
538 1979 680 2036 ergo
705 1961 974 2036 praevidit
1001 1981 1128 2020 eam
1155 1970 1222 2022 ut
1247 1961 1463 2022 donum
1491 1979 1676 2034 suum,
1706 1960 1770 2020 id
1796 1969 1885 2020 est
1911 1981 1947 2020 a
1974 1979 2035 2020 se
2064 1959 2353 2019 decretam
2381 1978 2457 2032 ex
2484 1957 2786 2033 electione,

375 2047 435 2096 et
464 2038 547 2098 sic
575 2039 916 2100 electionem
943 2049 1232 2118 sequetur,
1261 2061 1380 2102 non
1419 2039 1739 2118 praecedet;
1788 2041 1851 2100 Si
1891 2049 1959 2100 ut
1984 2048 2176 2100 actum
2218 2047 2455 2113 namrae,
2498 2059 2640 2116 ergo
2680 2057 2789 2096 nos

373 2118 534 2194 ipsos
559 2117 958 2196 discernimus,
1001 2129 1203 2182 contra
1245 2121 1508 2196 Paulum,
1557 2125 1586 2178 1
1621 2119 1753 2179 Cor.
1781 2120 1860 2178 iv.
1893 2124 1948 2194 7,
1992 2129 2051 2178 et
2078 2118 2220 2180 vicit
2256 2118 2569 2196 Pelagius3
2617 2115 2682 2176 Si
2722 2125 2788 2177 ut

371 2206 569 2256 actum
597 2218 976 2274 communem,
1007 2200 1103 2258 vel
1131 2200 1494 2278 specificatur
1519 2209 1685 2260 actus
1716 2199 1827 2258 Dei
1854 2199 1930 2258 ab
1957 2207 2091 2258 actu
2116 2197 2383 2274 hominis,
2414 2205 2475 2256 et
2502 2198 2584 2257 sic
2610 2197 2785 2256 homo

375 2286 466 2336 est
494 2279 844 2339 architectus
871 2299 992 2338 suae
1019 2279 1240 2356 salutis,
1284 2291 1344 2340 et
1371 2279 1547 2340 habet
1571 2278 1731 2356 quod
1758 2278 2040 2340 sacrificet
2064 2277 2175 2337 reti
2202 2297 2325 2351 sue,
2371 2297 2505 2336 cum
2532 2275 2788 2336 conferat

373 2357 452 2416 ad
479 2358 571 2416 sui
597 2359 844 2418 salutem
871 2359 1028 2436 quod
1053 2360 1406 2439 praecipuum
1433 2367 1540 2433 est,
1569 2359 1667 2418 vel
1696 2359 2056 2436 specificatur
2082 2365 2247 2418 actus
2272 2356 2525 2416 hominis
2551 2355 2625 2415 ab
2652 2364 2787 2415 actu

377 2437 504 2512 Dei,
537 2446 598 2497 et
624 2439 706 2497 sic
734 2438 940 2498 electio
967 2441 1078 2498 erit
1105 2460 1279 2500 causa
1305 2439 1457 2514 fidei,
1480 2459 1598 2498 non
1619 2447 1855 2500 eontra:
1883 2438 1964 2497 ita
1980 2438 2077 2496 vel
2096 2436 2523 2496 ascendendum
2544 2445 2635 2495 est
2655 2455 2785 2496 cum

375 2516 674 2595 Scriptura
699 2517 776 2578 ad
805 2519 996 2578 Deum
1023 2519 1514 2580 discriminantem
1539 2519 1832 2578 hominem
1859 2517 2013 2576 dono
2040 2536 2163 2592 sue,
2194 2516 2291 2576 vel
2318 2515 2785 2575 descendendum

369 2616 504 2735 ἔξω
536 2597 776 2675 Pelagio
803 2599 880 2659 ad
917 2599 1210 2661 hominem
1253 2621 1314 2663 se
1342 2598 1763 2661 discernentem
1804 2597 1987 2661 libero
2020 2617 2127 2659 suo
2166 2595 2422 2672 arbitrie,
2466 2616 2574 2656 nec
2600 2595 2785 2657 ullum

450 2686 544 2737 tur
570 2678 844 2739 medium.

455 2757 716 2818 XXIII.
761 2758 998 2835 Quarto,
1031 2760 1095 2819 Si
1124 2760 1350 2821 Electio
1377 2770 1468 2819 est
1503 2780 1578 2819 ex
1619 2758 1735 2819 fide
1771 2755 2035 2836 praevisa,
2081 2758 2243 2817 Deus
2270 2776 2386 2815 non
2412 2756 2655 2834 eligeret
2680 2757 2783 2814 ho·

373 2837 606 2914 minem,
652 2838 758 2899 sed
783 2840 957 2900 homo
983 2840 1178 2919 potius
1205 2840 1448 2918 eligeret
1477 2840 1685 2915 Deum,
1728 2848 1789 2897 et
1816 2838 1901 2897 sic
1926 2836 2355 2915 praedestinatio
2397 2835 2642 2895 dicenda
2682 2856 2783 2914 po-

374 2918 492 2977 tius
518 2927 672 2979 esset
709 2919 1170 2997 postdestinafiQ
1213 2920 1398 2997 prima
1425 2939 1598 2979 causa
1623 2919 1789 2979 fieret
1816 2917 2087 2992 secunda,
2108 2926 2191 2977 -et
2218 2918 2380 2978 Deus
2404 2915 2683 2994 penderet
2710 2917 2785 2975 ab

371 2997 620 3074 boniine,
649 2999 810 3076 quod
835 2998 1044 3061 falsum
1071 3020 1218 3076 esse,
1248 3009 1309 3060 et
1333 3020 1426 3059 res
1453 3000 1580 3076 ipsa
1595 2998 1823 3073 clamat,
1854 3006 1915 3057 et
1936 2997 2201 3057 Christus
2227 3015 2499 3075 expresse
2520 3004 2780 3073 testatur,

371 3078 415 3137 J
419 3080 512 3137 oh.
567 3098 672 3137 xv.
721 3082 814 3139 16.
855 3082 994 3140 Non
1037 3100 1136 3141 voe
1194 3100 1282 3139 me
1319 3080 1572 3157 eleqistis,
1614 3082 1719 3138 sed
1768 3098 1868 3155 eqo
1922 3098 2020 3137 vos
2078 3077 2234 3155 eleqt’,
2278 3076 2437 3154 quod
2489 3075 2783 3137 oraculum

371 3154 526 3233 saepe
551 3157 628 3217 ab
670 3156 925 3235 August.
955 3160 1248 3237 repetitur,
1289 3160 1576 3236 praecipue
1614 3158 1719 3217 lib.
1758 3158 1831 3216 de
1872 3157 2375 3235 praedestinatione
2420 3156 2779 3232 Sanctorum,

367 3256 421 3296 c.
457 3239 550 3313 19,
596 3239 634 3270 “
653 3238 1014 3297 Electionem
1037 3258 1212 3316 quam
1239 3238 1527 3315 significat
1555 3238 1842 3297 Dominus
1862 3236 2077 3314 dicens,
2110 3238 2243 3296 Non
2264 3256 2372 3297 vos
2391 3256 2483 3295 me
2504 3236 2781 3313 elegistis,

373 3316 478 3375 sed
505 3336 616 3394 ego
643 3336 752 3376 vos
779 3317 950 3409 elegi,
979 3338 1088 3377 nec
1115 3318 1242 3395 ipsa
1255 3318 1402 3410 fides
1427 3318 1739 3395 praecedit:
1784 3318 1917 3409 lflon
1944 3317 2097 3410 enim
2124 3316 2263 3423 quia
2283 3315 2649 3391 credidimus,
2679 3314 2782 3375 sed

373 3404 438 3453 ‘¹‘
454 3396 986 3553 ffiss?⁸Q‘‡,¹ffi¹s‚
1001 3416 1124 3536 ¹¹3?
1139 3416 1634 3537 55033‘225222
1659 3396 2321 3551 Effffssffiiiffihus
2362 3473 2595 3533 dabitur
2617 3472 2781 3532 1001„

371 3555 798 3631 objectionibus
839 3576 968 3633 quse
997 3557 1152 3617 circa
1175 3576 1302 3615 eam
1329 3556 1550 3614 moveri
1579 3556 1785 3631 solent,
1828 3564 1889 3614 et
1914 3554 2061 3613 nihil
2102 3552 2417 3631 proclivius
2458 3553 2568 3611 erit
2607 3571 2779 3627 quam

371 3634 702 3695 satisfacere
729 3635 1052 3712 quaestioni,
1081 3656 1186 3695 cur
1211 3635 1310 3695 ille
1337 3636 1585 3713 eligatur
1610 3635 1805 3711 potius
1832 3652 2005 3709 quam
2032 3633 2161 3707 iste,
2185 3641 2245 3690 et
2264 3631 2477 3689 frustra
2493 3630 2778 3689 exclama·

373 3722 462 3773 ret
492 3713 726 3791 Paulus,
755 3712 800 3772 a*
835 3717 1004 3789 βάθος,
1039 3716 1148 3775 Ro.
1177 3715 1258 3775 xi.
1289 3716 1386 3775 33.
1471 3714 1715 3773 Frustra
1754 3712 1905 3771 idem
1948 3712 2111 3771 velut
2150 3710 2383 3787 injectis
2422 3709 2637 3786 lupatis
2676 3710 2779 3767 ho-

372 3792 546 3853 minis
573 3795 964 3855 curiositatem
991 3795 1324 3872 reprimeret
1350 3792 1719 3870 increpando,
1748 3793 1813 3851 σὺ
1846 3791 1919 3857 τίς
1956 3790 2009 3867 J,
2054 3800 2115 3851 et
2146 3810 2277 3849 cum
2304 3790 2428 3849 luto
2454 3788 2622 3866 figuli
2648 3808 2780 3849 eum

371 3875 792 3951 comparando;
835 3875 987 3935 Nam
1027 3874 1294 3952 quamvis
1333 3872 1673 3933 admiranda
1714 3872 1789 3937 sit
1824 3871 2145 3931 oeconomia
2172 3888 2287 3947 qua
2328 3876 2633 3929 servantur
2658 3887 2779 3927 cre-

371 3952 593 4029 dentes,
643 3954 926 4013 increduli
981 3954 1341 4028 damnantur,
1401 3952 1547 4011 adeo
1601 3960 1797 4011 tamen
1850 3952 2003 4011 clare
2049 3950 2221 4009 nobis
2273 3958 2365 4009 est
2410 3948 2666 4007 revelata
2718 3948 2780 4007 in
2836 3990 2853 4009 .

375 4032 716 4111 Evangelio,
761 4043 830 4093 ut
875 4034 1024 4093 nihil
1066 4053 1270 4110 supra3
1318 4033 1482 4109 Ergo
1521 4033 1582 4091 in
1625 4031 2142 4091 Praedestinatione
2186 4029 2407 4106 aliquid
2448 4026 2779 4105 ponendum

369 4121 462 4171 est
515 4112 977 4173 admirabilitatis
1019 4113 1270 4190 plenum,
1317 4112 1478 4191 quod
1523 4111 1669 4171 nihil
1722 4111 1882 4171 aliud
1924 4130 2053 4171 esse
2100 4118 2291 4186 potest
2345 4128 2519 4186 quam
2572 4107 2779 4167 electio

371 4191 616 4251 aliorum
651 4212 771 4269 prae
827 4194 960 4255 aliis
999 4200 1120 4253 ’non
1161 4192 1474 4269 pejoribus,
1521 4200 1581 4251 et
1625 4190 1953 4268 reprobatio
1996 4190 2242 4249 aliorum
2297 4208 2417 4266 prae
2474 4186 2605 4247 aliis
2660 4206 2779 4247 non

371 4270 745 4345 melioribusg,
807 4292 984 4331 causa
1033 4272 1188 4331 enim
1247 4272 1426 4350 hujus
1479 4270 1843 4346 discriminis,
1895 4290 2027 4331 cum
2080 4270 2142 4328 in
2196 4268 2427 4327 homine
2468 4266 2630 4325 nulla
2684 4267 2775 4342 sit,

371 4371 480 4408 nec
537 4350 907 4428 imaginando
956 4352 1099 4429 fingi
1140 4353 1340 4429 possit,
1387 4371 1620 4411 neccsse
1662 4359 1753 4409 est
1793 4358 2017 4411 mentes
2058 4349 2355 4409 hominum
2399 4347 2495 4407 hic
2541 4346 2776 4421 haerere,

367 4450 439 4489 ac
479 4430 664 4490 veluti
705 4431 816 4491 sub
854 4432 988 4491 velo
1028 4432 1264 4509 plenum
1303 4431 1560 4491 horroris
1598 4428 1915 4489 venerandi
1954 4430 2295 4507 mysterium
2336 4426 2610 4485 adorare:
2654 4426 2711 4482 N
2712 4444 2777 4483 ec

369 4510 658 4588 Apostolo
699 4510 1380 4605 confugiendum-fuisset
1420 4510 1496 4569 ad
1523 4510 1711 4571 solum
1741 4510 1853 4601 lJei
1878 4508 2321 4603 beneplacitum,
2360 4507 2463 4599 qui
2486 4507 2779 4597 miseretur

363 4610 538 4728 52‘1'3'2‘1‘2
545 4594 680 4729 ²3²1ss
702 4590 1721 4757 {zssffxsffssssfflfixfflffisszt
1742 4582 2777 4746 ἑίίξὲἒζῗὲᾶξέἓὼ,,ἳὲῗέῳῗᾛέἓξ

2441 4878 2525 4929 ”T
2604 4904 2657 4938 ,κ
