3300 5225
539 286 658 352 380
1471 300 1657 341 Locus
1684 297 1976 348 QUARTUS.
2496 273 2759 357 [eumer.
2790 294 2997 336 xv1n.

539 448 600 503 et
627 463 798 522 posse
825 442 1109 521 abrogari,
1131 442 1288 521 quod
1318 441 1639 520 Apostolus
1668 446 1998 499 constanter
2024 446 2215 515 negat,
2248 435 2401 502 Heb.
2433 434 2553 494 viii.
2567 458 2583 512 ;
2612 436 2711 495 vel
2740 437 2993 515 duplex

540 544 686 601 esse,
706 523 866 584 aliud
892 524 1205 583 universale
1233 544 1364 583 cum
1391 518 1677 597 omnibus,
1702 520 1763 578 in
1784 538 1899 596 quo
1926 518 2293 596 promittatur
2320 516 2477 575 salus
2499 516 2607 574 sub
2628 516 2989 575 conditione

538 603 692 677 fidei,
725 624 853 681 quae
895 603 1313 681 praescribatur,
1345 601 1448 662 sed
1489 621 1603 659 non
1647 600 1833 673 detur,
1862 597 2132 677 quodque
2172 596 2317 655 adeo
2360 604 2591 654 maneat
2632 596 2870 655 irritum
2920 606 2991 655 et

539 683 806 742 inefficax
828 706 843 760 ;
888 683 1047 741 aliud
1072 701 1212 741 vero
1229 684 1588 759 particulare
1615 700 1748 739 cum
1775 676 1915 737 solis
1956 676 2171 752 electis,
2202 676 2265 734 in
2290 694 2406 752 quo
2447 675 2819 753 promittatur
2848 694 2991 735 non

537 763 712 822 modo
741 763 896 823 salus
925 764 1032 823 sub
1061 761 1389 821 conditione
1415 760 1568 836 fidei,
1601 760 1705 819 sed
1732 766 1790 817 et
1817 759 1943 836 ipsa
1967 756 2128 833 fides,
2159 754 2430 834 quodque
2458 756 2647 832 reipsa
2674 756 2752 814 sit
2780 757 2987 839 ἔηςγι-

537 846 685 919 «aar,
716 851 776 902 et
803 842 1070 903 effectum
1097 862 1266 901 suum
1307 838 1686 901 infallibiliter
1727 838 1789 897 in
1830 836 2097 896 omnibus
2136 835 2429 895 foederatis
2458 836 2756 912 sortiatur;
2804 836 2985 914 quod

541 922 865 983 inauditum
908 930 996 982 est
1035 921 1096 979 in
1143 922 1454 1000 Scriptura,
1487 928 1546 978 et
1585 918 1646 976 in
1690 936 1831 977 sana
1857 916 2194 994 Theologia.
2256 915 2499 992 Rursus,
2531 934 2663 973 cum
2689 916 2751 973 in
2781 915 2981 975 desti-

542 1002 775 1062 natione
802 1010 862 1061 et
888 1000 1161 1061 missione
1191 1001 1423 1076 Christi,
1457 1000 1619 1057 Deus
1647 1016 1947 1072 summam,
1980 1003 2038 1055 et
2064 1015 2180 1073 qua
2206 996 2392 1073 major
2417 994 2543 1054 dari
2570 997 2790 1072 nequit,
2823 998 2981 1054 cha—

540 1082 770 1141 ritatem
799 1081 967 1141 nobis
1008 1081 1353 1157 exhibuerit,
1384 1088 1450 1139 ut
1489 1077 1707 1156 passim
1734 1084 1978 1136 testatur
2022 1076 2334 1153 Scriptura,
2365 1074 2410 1135 J
2412 1075 2506 1133 oh.
2534 1075 2617 1134 iii.
2652 1078 2744 1152 16,
2765 1084 2828 1135 et
2854 1096 2977 1137 xv.

547 1158 620 1221 13
646 1184 661 1239 ;
707 1162 876 1221 Rom.
907 1180 966 1220 v.
996 1162 1074 1238 83
1108 1208 1111 1211 .
1144 1164 1174 1219 1
1206 1160 1346 1221 Joh.
1376 1161 1455 1218 iv.
1487 1160 1564 1236 93
1622 1166 1683 1217 et
1722 1176 1998 1233 magnum
2038 1164 2100 1216 et
2137 1155 2677 1233 praestantissimum
2718 1154 2972 1231 donum,

539 1262 656 1319 quo
684 1242 908 1301 nullum
930 1240 1153 1317 concipi
1179 1248 1373 1319 potest
1392 1239 1598 1316 majus,
1619 1238 1789 1296 nobis
1814 1236 2061 1313 largitus
2088 1236 2181 1309 sit,
2196 1235 2353 1313 quod
2379 1243 2585 1293 caetera
2606 1236 2800 1294 omnia
2825 1246 2979 1314 post

539 1340 603 1381 se
631 1322 823 1396 trahit,
859 1320 1027 1379 Rom.
1057 1320 1180 1381 viii.
1211 1322 1323 1397 32;
1365 1320 1496 1397 quis
1539 1318 1755 1379 dixerit
1792 1317 1904 1374 hoc
1945 1314 2231 1393 proficisci
2270 1336 2306 1372 a
2334 1315 2461 1373 Deo
2488 1314 2869 1392 Legislatore,
2904 1326 2979 1377 et

539 1420 658 1459 non
698 1421 734 1460 a
765 1402 891 1459 Deo
922 1400 1096 1459 Patre
1114 1402 1143 1458 Ρ
1225 1398 1603 1477 Legislatoris
1645 1406 1735 1456 est
1775 1394 2024 1455 officium
2066 1404 2339 1454 creaturae
2380 1396 2789 1473 praescribere3
2840 1396 2973 1455 Sed

540 1480 678 1539 dare
741 1481 1123 1557 Servatorem,
1182 1479 1282 1556 qui
1324 1498 1469 1556 opus
1499 1476 1939 1553 Redemptionis
1996 1484 2331 1553 exequatur,
2376 1483 2435 1535 et
2484 1494 2545 1533 se
2584 1475 2716 1534 loco
2755 1484 2969 1537 nostro

539 1560 855 1619 substituat
894 1558 971 1617 ad
1015 1558 1302 1635 expianda
1341 1565 1578 1635 peccata
1619 1564 1833 1632 nostra,
1867 1563 1925 1614 et
1968 1554 2374 1633 acquirendam
2417 1555 2681 1629 salutem,
2709 1575 2825 1613 non
2868 1566 2969 1615 est

541 1639 938 1716 Legislatoris,
986 1638 1090 1697 sed
1119 1636 1344 1696 Patris:
1389 1638 1467 1695 Et
1515 1636 1813 1713 Scriptura
1853 1654 1961 1693 nos
2002 1651 2071 1693 eo
2112 1634 2289 1710 ducit,
2334 1653 2511 1713 quum
2556 1634 2849 1694 Christum
2888 1646 2965 1695 ut

539 1720 680 1777 novi
723 1717 986 1775 Foederis
1031 1716 1377 1795 Sponsorem
1423 1725 1481 1775 et
1523 1714 1905 1775 Mediatorem
1945 1734 1981 1773 a
2022 1714 2149 1773 Deo
2192 1713 2358 1773 nobis
2399 1714 2599 1773 datum
2639 1716 2861 1792 asserit,
2888 1724 2965 1774 ut

539 1817 682 1876 pace
707 1818 812 1875 per
839 1796 1178 1873 sanguinem
1205 1796 1356 1855 facta
1385 1796 1573 1855 Deum
1601 1795 1949 1871 hominibus,
1982 1803 2040 1853 et
2079 1794 2341 1853 homines
2372 1794 2499 1852 Deo
2540 1794 2956 1871 reconciliaret,

540 1886 726 1955 atque'
744 1876 825 1936 ita
852 1876 1289 1935 fundamentum
1317 1881 1470 1935 esset
1514 1885 1573 1935 et
1613 1892 1790 1933 causa
1833 1874 2268 1951 omnigenarum
2310 1872 2793 1950 benedictionum,
2824 1895 2957 1952 quae

541 1958 639 2016 vel
667 1956 727 2014 in
753 1957 956 2033 gratia,
980 1956 1077 2014 vel
1112 1956 1174 2014 in
1219 1956 1406 2033 gloria
1433 1954 1793 2013 conferendae
1820 1953 1989 2013 nobis
2019 1962 2169 2030 sunt,
2202 1954 2352 2033 Eph.
2381 1954 2420 2013 i.
2446 1956 2501 2031 3,
2522 1958 2577 2029 4,
2624 1954 2747 2014 Col.
2777 1955 2815 2015 i.
2854 1958 2950 2031 20,

541 2034 697 2096 Heb.
728 2036 808 2095 ix.
843 2038 951 2111 153
999 2056 1128 2112 quae
1171 2055 1308 2094 sane
1353 2034 1470 2093 dici
1497 2054 1615 2093 non
1641 2042 1895 2112 possent,
1928 2034 1978 2092 si
2006 2034 2221 2093 Christi
2258 2032 2459 2092 missio
2500 2052 2617 2092 non
2644 2043 2799 2094 esset
2822 2054 2953 2113 pro-

537 2116 726 2195 prium
752 2114 1096 2175 beneficium
1125 2115 1334 2189 Patris,
1366 2114 1440 2175 ad
1483 2114 1728 2173 salutem
1771 2130 2003 2172 suorum
2032 2114 2358 2173 omnimode
2387 2113 2819 2190 procurandam,
2850 2114 2957 2174 sed

536 2216 683 2274 opus
710 2203 935 2256 tantum
965 2195 1358 2273 Legislatoris,
1384 2194 1485 2273 qui
1512 2194 1875 2252 obstaculum
1901 2194 2011 2251 hoc
2040 2201 2209 2270 pacto
2234 2193 2486 2253 voluerit
2512 2212 2807 2252 removere
2825 2195 2954 2271 jus·

535 2276 680 2335 titiae
710 2294 845 2350 suae,
875 2282 941 2334 ut
968 2274 1235 2334 fundaret
1265 2274 1481 2353 Legem
1511 2273 1929 2350 Evangelicam
1970 2271 2105 2331 fidei
2145 2273 2205 2331 in
2234 2266 2543 2350 Christum‘,
2575 2280 2633 2331 et
2658 2274 2814 2331 viam
2842 2274 2955 2332 sibi

535 2354 782 2432 aperiret
809 2354 883 2415 ad
907 2354 1020 2413 hoc
1039 2354 1287 2414 officium
1309 2362 1584 2413 creaturae
1610 2351 2115 2429 praescribendum.
2198 2352 2338 2426 Nec,
2364 2352 2414 2411 si
2440 2353 2501 2409 in
2529 2350 2957 2429 dispensatione

540 2434 851 2511 Evangelii
877 2434 1104 2493 vocatio
1143 2443 1385 2492 externa
1431 2433 1507 2491 ad
1553 2432 1829 2510 reprobos
1874 2430 2093 2490 directa
2134 2432 2415 2490 rationem
2458 2431 2635 2491 habet
2671 2432 2955 2509 jussionis

537 2520 762 2572 tantum
789 2513 1013 2589 legalis,
1035 2513 1172 2589 quia
1197 2533 1316 2571 non
1342 2512 1584 2572 ulterius
1612 2511 1962 2586 extenditur,
1984 2530 2156 2588 quam
2185 2510 2258 2569 ad
2286 2511 2727 2588 praeceptionem
2750 2512 2951 2587 officii;

539 2593 799 2671 sequitur
824 2590 1042 2652 donum
1070 2592 1226 2668 Filii,
1257 2592 1382 2653 sive
1426 2591 1731 2666 consilium
1774 2590 2065 2651 missionis
2094 2590 2237 2669 ejus,
2282 2610 2408 2650 esse
2436 2609 2471 2649 a
2502 2590 2627 2650 Deo
2655 2600 2721 2650 ut
2750 2590 2953 2670 Legis-

537 2673 738 2747 latore,
769 2691 900 2732 cum
929 2681 1154 2732 constet
1179 2674 1472 2751 proprium
1503 2671 1616 2730 Dei
1642 2671 1815 2730 finem
1858 2671 1919 2729 in
1960 2690 2029 2730 eo
2056 2691 2171 2729 non
2200 2670 2377 2730 alium
2404 2689 2548 2746 esse,
2580 2691 2754 2748 quam
2782 2672 2951 2732 Elec-

539 2753 750 2826 torum,
783 2753 884 2829 qui
911 2751 1024 2829 ipsi
1051 2751 1172 2812 dati
1200 2760 1336 2811 sunt
1361 2750 1682 2812 redimendi
1709 2771 1745 2809 a
1772 2751 1963 2826 Patre,
1996 2751 2239 2810 salutem
2265 2769 2589 2828 procurare.

624 2829 780 2890 XX.
825 2831 972 2890 Cum
1001 2851 1141 2910 ergo
1171 2851 1246 2890 ex
1273 2831 1365 2889 his
1392 2830 1612 2908 liqueat
1649 2829 1909 2889 ordinem
1950 2831 2125 2889 istum
2170 2829 2547 2889 Decretorum
2588 2851 2707 2890 non
2748 2851 2949 2908 parum

543 2910 814 2970 recedere
843 2912 916 2969 ab
943 2910 1298 2988 hypotyposi
1327 2929 1596 2968 sanorum
1625 2927 1969 2985 sermonum,
2002 2917 2060 2969 et
2084 2910 2249 2968 varia
2275 2909 2526 2968 absurda
2552 2919 2685 2988 post
2724 2931 2787 2969 se
2834 2919 2947 2969 tra-

539 2991 696 3064 here,
725 2990 935 3048 mirum
963 2988 1150 3048 videri
1177 3009 1295 3048 non
1323 2989 1512 3064 debet,
1545 2988 1594 3046 si
1622 2989 1697 3046 ab
1726 2987 2007 3046 Ecclesiis
2036 2989 2248 3048 nostris
2287 2988 2465 3066 recipi
2508 3007 2625 3048 non
2672 2989 2936 3068 potuerit.

543 3069 666 3126 Nec
695 3068 931 3126 obtendi
951 3067 1124 3127 debet
1151 3067 1597 3128 commodiorem
1624 3065 1829 3142 videri,
1854 3071 1906 3126 1.
1922 3067 2023 3128 Ad
2050 3071 2426 3127 extollendam
2453 3070 2573 3127 Dei
2612 3070 2905 3128 bonitatem
2919 3093 2945 3140 ,-

539 3147 694 3222 Quia
721 3167 838 3205 non
867 3148 1182 3223 extollitur,
1215 3147 1317 3207 sed
1345 3146 1687 3207 obscuratur
1710 3146 1903 3223 potius
1932 3156 1992 3207 et
2017 3148 2309 3224 minuitur,
2331 3147 2563 3225 quando
2592 3168 2746 3206 vana
2772 3158 2829 3208 et
2855 3148 2937 3206 in·

547 3226 753 3286 efficax
781 3229 1070 3287 statuitur.
1153 3232 1210 3286 2.
1255 3227 1356 3285 Ad
1381 3229 1714 3286 salvandam
1755 3227 2044 3285 veritatem
2088 3227 2424 3286 invitationis
2461 3228 2718 3286 omnium
2764 3227 2943 3286 homi-

541 3325 684 3364 num
712 3305 788 3364 ad
815 3307 1058 3367 salutem
1081 3329 1096 3383 ;
1142 3306 1292 3382 Quia
1317 3327 1394 3365 ex
1419 3314 1552 3366 ante
1582 3305 1755 3365 dictis
1779 3314 1941 3383 patet
1966 3325 2128 3366 suam
2156 3307 2243 3364 illi
2272 3315 2532 3366 constare
2562 3307 2943 3366 sinceritatem

543 3385 670 3444 sine
698 3385 885 3464 gratia
910 3387 1242 3462 universali,
1272 3405 1381 3445 nec
1418 3405 1546 3445 eam
1593 3385 1823 3444 fundari
1873 3385 1933 3444 in
1978 3386 2414 3446 universalitate
2463 3387 2684 3463 gratiae,
2736 3385 2840 3446 sed
2885 3388 2943 3444 in

537 3466 864 3524 oeconomia
889 3465 1122 3524 foederis
1147 3465 1303 3542 novi,
1335 3485 1465 3544 qua,
1499 3464 1730 3524 sublata
1756 3465 1913 3522 omni
1938 3465 2281 3544 populorum
2304 3474 2543 3524 externa
2560 3466 2943 3542 distinctione,-

544 3545 732 3604 Filius
760 3543 871 3604 sibi
899 3546 1106 3606 ascivit
1134 3553 1338 3623 gentes
1366 3564 1565 3605 omnes
1592 3545 1653 3602 in
1680 3544 2093 3620 haereditatem,
2124 3544 2203 3603 id.
2234 3565 2374 3622 erga
2410 3545 2699 3622 quaslibet
2742 3553 2944 3622 gentes

538 3632 602 3684 et
627 3625 873 3704 populos
901 3626 1281 3685 communiter
1305 3645 1410 3703 pro
1438 3623 1675 3684 arbitrio
1704 3624 1948 3701 gratiam
1977 3624 2403 3701 praedicationis
2428 3625 2613 3702 aperit
2640 3633 2699 3684 et
2744 3624 2942 3700 defert,

541 3712 609 3763 ut
636 3723 712 3762 ex
739 3704 856 3764 illis
901 3705 1225 3764 Ecclesiam
1274 3704 1528 3781 colligat.
1635 3706 1692 3762 3.
1738 3702 1837 3761 Ad
1886 3707 2151 3762 tumidam
2189 3703 2471 3780 justitiam
2519 3705 2641 3762 Dei
2678 3707 2945 3763 adversus

539 3785 810 3856 reprobos
827 3808 851 3857 ,·
911 3785 1060 3859 Quia
1111 3783 1406 3860 inculpata
1459 3801 1685 3860 semper
1728 3783 2191 3860 deprehenditur,
2240 3783 2364 3841 sive
2406 3783 2671 3842 homines
2714 3783 2945 3842 damnet

541 3869 777 3937 propter
801 3870 1036 3938 peccata
1063 3861 1124 3919 in
1154 3862 1372 3939 Legem
1400 3859 1669 3938 admissa,
1712 3861 1837 3920 sive
1880 3881 2011 3921 reos
2058 3863 2191 3920 illos
2238 3871 2483 3939 peragat
2527 3862 2945 3921 incredulitatis

539 3938 822 3997 adversus
852 3940 1256 4017 Evangelium,
1288 3959 1418 3998 cum
1467 3939 1774 4015 utrobique
1800 3942 2125 4001 voluntarie
2174 3941 2485 4018 peccando,
2516 3961 2623 4000 sua
2672 3941 2789 4000 sint
2836 3941 2944 4002 sibi

541 4017 809 4076 interitus
831 4039 1021 4092 causa,
1052 4037 1168 4076 non
1199 4018 1377 4077 Deus.
1461 4021 1519 4076 4.
1565 4017 1665 4074 Ad
1692 4020 2045 4079 concilianda
2073 4023 2198 4079 loca
2224 4021 2553 4097 Scripturas,
2599 4041 2729 4097 quae
2774 4019 2943 4080 modo

539 4095 733 4170 latius,
765 4097 937 4155 modo
965 4097 1219 4156 strictius
1248 4095 1322 4154 de
1350 4097 1538 4172 gratia
1568 4096 1696 4170 Dei,
1728 4103 1787 4155 et
1829 4099 2103 4158 missione
2134 4101 2350 4159 Christi
2397 4100 2752 4178 loquuntur3
2798 4100 2945 4174 Quia

538 4175 869 4236 conciliatio
897 4177 998 4234 illa
1025 4173 1256 4233 aliunde
1285 4174 1454 4232 facile
1481 4175 1817 4253 instituitur,
1849 4197 1925 4236 ex
1952 4178 2185 4238 diversa
2226 4179 2461 4239 foederis
2497 4180 2666 4238 istius
2715 4179 2942 4256 dispen—

541 4253 780 4330 satione,
813 4263 870 4313 et
897 4273 973 4314 ex
1001 4253 1163 4312 varia
1189 4253 1595 4314 foederatorum
1624 4253 1809 4332 σχέο-ιι.
2842 4259 2847 4264 ’

540 4371 732 4422 Qun-ta
751 4371 784 4418 S
787 4371 1019 4428 autentim,
1087 4411 1102 4426 ο
1143 4332 1334 4392 ΧΧΙ.
1378 4333 1564 4392 Missa
1585 4351 1727 4428 ergo
1746 4335 1916 4394 tertia
1925 4337 2047 4430 ‘ista
2065 4338 2367 4414 sententia,
2400 4337 2675 4412 Quartam
2698 4337 2942 4427 amplec-

595 4444 700 4533 2222
715 4443 1018 4534 sam
1057 4419 2099 4571 suaseramus.
2122 4417 2941 4574 {terrama

595 4560 720 4590 ''¹¹¹¹'’
1061 4571 1172 4628 Dei
1193 4571 1428 4648 stamit3
1462 4572 1705 4632 alterum
1723 4575 2117 4653 Providentioe,
2140 4576 2386 4635 alterum
2406 4575 2939 4634 Praedestinatiom’s.
