3300 5225
529 374 645 432 190
1492 389 1680 432 Locus
1705 388 1976 432 rannus.
2541 368 2800 451 [quaer.
2829 390 2942 433 ιιι.

520 538 746 605 nuunt3
788 529 1085 610 prodictio
1112 529 1267 589 enim
1290 539 1384 590 est
1420 531 1676 590 narratio
1701 530 1786 589 rei
1811 530 2020 590 futurae
2045 527 2420 607 simpliciter;
2465 528 2554 588 At
2577 529 2822 589 monitio
2847 538 2944 591 est

522 612 775 671 hortatio
820 611 899 669 ad
939 630 1085 689 opus
1112 611 1363 685 virtutis,
1390 610 1493 669 vel
1534 610 1860 671 dehortatio
1899 630 1936 668 a
1980 609 2286 668 contrario.
2367 608 2542 683 Quod
2585 610 2638 668 si
2673 610 2942 687 quedam

522 691 926 769 proedictiones
952 698 1197 769 possunt
1221 690 1300 748 ad
1324 690 1710 749 hortationem
1748 689 2050 748 hominum
2089 688 2294 763 facere,
2337 708 2458 747 non
2499 690 2775 767 sequitur,
2819 710 2938 749 non

524 768 2942 910 {22⁰<mm3132?ssff.{{.⁶3mf22ssss?fffflssffls.mffiffifflsffi

606 930 753 989 XV.
796 934 854 990 3.
896 930 1047 1005 Quin
1072 929 1183 988 hoc
1208 895 1417 989 na’tura
1444 928 1557 987 Dei
1582 927 2002 1005 perfectissima
2021 927 2241 1004 exigit3
2283 947 2420 985 nam
2436 928 2489 987 si
2507 870 2937 1006 cognifigofiltu.

522 1028 720 1069 rorum
746 1018 836 1069 est
861 1009 1137 1089 perfectio
1177 1009 1239 1067 in
1278 1008 1573 1084 creaturis,
1602 1006 1788 1067 multo
1826 1006 2017 1085 magis
2057 1008 2168 1066 erit
2207 1006 2269 1065 in
2313 1008 2459 1067 Deo.
2543 1007 2770 1067 Deinde
2799 1009 2942 1086 quia

522 1098 614 1149 est
640 1089 909 1149 onmtiscia
926 1113 953 1162 ‚-
990 1088 1149 1167 quod
1174 1108 1292 1148 non
1319 1097 1474 1147 esset
1498 1094 1711 1163 tamen,
1741 1086 1857 1145 nisi
1882 1086 2138 1164 cognitio
2165 1087 2295 1164 ejus
2320 1086 2399 1144 ad
2423 1089 2618 1146 omnia
2645 1108 2707 1146 se
2733 1096 2938 1147 exten-

520 1168 701 1245 deret,
730 1190 847 1228 non
873 1168 1049 1228 modo
1074 1168 1365 1247 praeterita
1389 1176 1449 1227 et
1474 1166 1799 1245 praesentia,
1829 1166 1936 1226 sed
1959 1167 2136 1225 etiam
2155 1166 2365 1241 futura,
2393 1174 2514 1225 tam
2543 1167 2942 1261 contingentia

520 1266 694 1325 quam
722 1249 1063 1307 necessaria.
1107 1252 1164 1307 2.
1194 1248 1331 1325 quia
1358 1255 1447 1306 cst
1472 1244 1882 1328 ηςδιοιγνόηης,
1913 1245 2072 1323 quod
2097 1265 2214 1305 non
2239 1255 2438 1323 posset
2465 1245 2538 1304 de
2563 1266 2634 1305 ca
2661 1245 2794 1321 dici,
2823 1248 2942 1306 nisi

520 1328 889 1405 penetissime
916 1336 1130 1403 nosset,
1160 1346 1279 1387 non
1316 1326 1492 1386 modo
1518 1328 1920 1405 cogitationes,
1963 1326 2207 1385 consilia
2232 1335 2292 1384 et
2323 1325 2565 1385 affectus
2591 1327 2800 1402 cordis,
2831 1328 2938 1386 sed

519 1408 695 1467 etiam
722 1408 879 1486 ipsas
903 1408 1315 1487 propensiones
1341 1416 1402 1467 et
1428 1406 1837 1485 dispositiones
1876 1405 2212 1484 priusquam
2238 1405 2302 1463 in
2325 1414 2520 1465 actum
2547 1414 2776 1483 exeant,
2805 1407 2852 1466 J
2853 1428 2936 1467 er.

520 1487 665 1545 xvii.
696 1490 753 1563 9,
801 1490 914 1564 10;
958 1487 1099 1547 Job.
1142 1487 1351 1545 xxxiv.
1396 1488 1471 1545 21
1498 1508 1514 1562 3
1555 1487 1734 1546 Joan.
1763 1487 1824 1545 ii.
1853 1490 1952 1561 24,
1995 1488 2116 1561 253
2159 1485 2298 1545 Act.
2325 1486 2365 1544 i.
2395 1490 2510 1563 243
2553 1495 2613 1546 et
2653 1485 2842 1564 Apoc.
2872 1486 2936 1546 ii.

522 1570 620 1626 23.
676 1570 735 1627 3.
782 1567 1213 1643 onmiproesem,
1242 1586 1373 1645 quoe
1402 1566 1671 1626 omnibus
1697 1566 1974 1625 creaturis
1995 1565 2210 1642 ubique
2237 1573 2298 1625 et
2317 1564 2518 1625 intime
2543 1566 2726 1643 adest,
2751 1574 2810 1626 et
2835 1586 2938 1627 eas

520 1654 718 1706 movet
744 1654 805 1706 et
830 1647 970 1723 agit,
1002 1654 1309 1723 antequam
1338 1646 1558 1725 seipsas
1582 1654 1858 1706 moveant
1879 1646 1980 1704 vel
2012 1654 2209 1722 agant.

604 1726 784 1784 XVI.
826 1730 885 1785 4.
930 1727 1243 1785 Decretum
1273 1725 1664 1786 Providentia
1691 1745 1820 1785 eam
1845 1733 1978 1805 post
2005 1744 2068 1785 se
2107 1723 2286 1784 trahit
2315 1724 2661 1801 necessario,
2691 1725 2830 1803 quia
2867 1734 2938 1787 ut

521 1804 800 1882 quiequid
826 1805 903 1864 sit
928 1805 990 1863 in
1016 1814 1290 1883 tempore,
1324 1806 1487 1865 Deus
1518 1806 1958 1865 immutabiliter
1981 1804 2138 1883 apud
2177 1824 2240 1864 se
2281 1803 2556 1881 decrevit,
2587 1806 2685 1864 vel
2711 1805 2938 1865 efficere

520 1884 619 1943 vel
634 1885 963 1962 permittere
985 1906 1001 1962 ;
1046 1885 1143 1944 Ita
1162 1884 1336 1945 debet
1362 1884 1741 1945 infallibiliter
1757 1885 1908 1945 illud
1923 1904 2093 1945 omne
2112 1884 2380 1963 praescire
2399 1907 2415 1944 t
2433 1884 2598 1960 ratic,
2629 1886 2766 1962 quia
2783 1906 2934 1963 prae·

521 1964 764 2023 scientia
792 1965 905 2024 Dei
932 1965 1193 2044 sequitur
1218 1966 1347 2043 ejus
1373 1964 1686 2041 decretum,
1717 1974 1776 2025 et
1801 1973 1869 2025 ut
1909 1965 2204 2024 decretum
2230 1965 2444 2023 mutari
2467 1984 2586 2023 non
2611 1973 2820 2042 potest,
2851 1966 2937 2024 ita

520 2062 629 2103 nec
656 2045 899 2105 scientia
923 2046 1053 2123 ejus
1078 2045 1205 2105 falli
1228 2067 1243 2105 ε
1288 2045 1385 2105 Ps.
1415 2064 1550 2105 cxv.
1581 2048 1639 2105 3.
1667 2047 1830 2104 Deus
1867 2054 2058 2104 noster
2083 2046 2144 2103 in
2169 2044 2316 2103 coelt's
2343 2054 2438 2119 est,
2469 2045 2738 2121 quicquid
2757 2046 2936 2105 voluit

503 2125 681 2199 ,βαίη
710 2125 880 2184 Rom.
910 2126 992 2185 xi.
1006 2128 1105 2185 36.
1133 2127 1239 2184 Ex
1255 2146 1335 2200 ee,
1354 2145 1629 2202 pereum,
1649 2134 1704 2184 et
1721 2126 2004 2201 adipsum
2017 2134 2148 2183 sunt
2165 2126 2388 2198 omnia;
2413 2124 2567 2202 Eph.
2589 2125 2628 2183 i.
2657 2125 2750 2183 ll.
2799 2127 2937 2185 Om-

518 2204 619 2263 nia
644 2205 769 2282 agit
790 2225 866 2265 ex
890 2206 1117 2265 conm‘lio
1143 2206 1442 2265 voluntat&
1466 2225 1600 2264 suoe.
1686 2205 1890 2282 Neque
1919 2204 2047 2263 loca
2085 2214 2330 2282 possunt
2367 2204 2566 2264 referri
2605 2212 2830 2263 tantum
2857 2204 2936 2263 ad

518 2285 1089 2425 ‘'deffinnfflffiff
1108 2285 1407 2425 {⁰1³2}ssss
1422 2284 2770 2441 'ffifflssssffsffissffffiffifiiffibff
2803 2304 2936 2424 ‘¹¹:53

520 2386 910 2503 Providentia
931 2444 1144 2504 divinae
1162 2385 1463 2523 subj0eg⁰
1448 2453 1599 2521 sunt,
1622 2464 1732 2505 nec
1745 2444 1986 2504 libertas
2007 2444 2298 2503 actionum
2322 2446 2701 2503 humanarum
2719 2385 2930 2522 olzzat,

516 2523 827 2599 quominus
856 2525 963 2584 sub
992 2525 1121 2602 ejus
1150 2525 1447 2584 scientiam
1474 2534 1535 2583 et
1562 2524 1858 2584 decretum
1885 2524 2112 2599 cadant,
2141 2532 2210 2583 ut
2233 2533 2436 2601 postea
2462 2523 2702 2583 dicetur.

599 2602 817 2662 XVII.
862 2604 1027 2664 Licet
1054 2603 1285 2664 difficile
1312 2605 1389 2664 sit
1416 2604 1645 2682 assequi
1673 2603 1926 2682 modum,
1972 2625 2087 2683 quo
2117 2605 2280 2664 Deus
2318 2604 2511 2664 futura
2537 2604 2936 2682 contingentia

517 2690 676 2742 certo
702 2683 901 2760 novit3
942 2703 1061 2744 non
1084 2691 1281 2742 tamen
1307 2693 1611 2763 propterea
1627 2685 1900 2763 neganda
1918 2693 2008 2745 est
2025 2704 2119 2744 res
2145 2685 2289 2762 ipsa,
2313 2704 2444 2763 quae
2459 2693 2548 2744 tot
2571 2685 2717 2744 locis
2737 2685 2930 2764 Scrip-

516 2770 663 2822 turae
690 2771 750 2822 et
774 2763 1095 2823 rationibus
1122 2763 1509 2823 confirmatur.

906 2909 919 2921 ι
1120 2844 1373 2902 XVIII.
1418 2844 1780 2921 Praeeipuum
1797 2844 2233 2904 fundamentum
2258 2843 2527 2904 Scientiae
2547 2844 2760 2904 divinae
2777 2844 2934 2904 circa

557 2905 969 3012 Fontanugorutm-
1038 2922 1233 2982 futura
1286 2922 1698 3002 contingentia,
1743 2944 1862 2983 non
1909 2933 2014 3000 est,
2062 2925 2160 2982 vel
2203 2943 2503 2983 causarum
2547 2923 2930 2984 secundarum

812 2997 825 3010 '
1038 3011 1262 3078 natura,
1358 3023 1449 3061 uae
1508 3003 1852 3081 supponitur
1917 3023 2045 3063 esse
2099 3001 2380 3084 ὶδιιίφοςος,
2438 3003 2536 3064 vel
2590 3003 2930 3082 simpliciter

518 3079 790 3139 Essentia
818 3081 1051 3158 Divina,
1080 3091 1147 3142 ut
1174 3083 1337 3142 imita
1375 3083 1470 3142 ilis
1497 3103 1535 3142 a
1560 3083 1856 3159 creaturis,
1885 3092 1946 3143 et
1971 3091 2038 3143 ut
2056 3093 2262 3161 potens
2281 3085 2386 3142 illa
2409 3082 2741 3162 producere,
2771 3084 2932 3162 quod

516 3168 608 3219 est
634 3159 1071 3220 fundamentum
1110 3162 1510 3240 possibilitatis
1549 3183 1776 3240 rerum;
1821 3163 1927 3223 sed
1966 3165 2248 3223 decretum
2287 3164 2491 3238 solum,
2521 3183 2626 3240 per
2651 3163 2810 3242 quod
2833 3183 2930 3223 res

515 3258 554 3297 a
580 3247 735 3299 statu
760 3241 1162 3318 possibilitatis
1200 3251 1501 3303 transeunt
1540 3242 1618 3301 ad
1657 3251 1872 3303 statum
1911 3243 2282 3319 futuritionis,
2311 3244 2374 3302 in
2399 3263 2516 3322 quo
2543 3264 2615 3302 ea
2651 3253 2928 3322 tanquam

514 3317 797 3396 praefinita
824 3328 885 3380 et
910 3330 1067 3380 certo
1093 3322 1286 3381 futura
1312 3321 1509 3383 videtz
1593 3323 1674 3383 Et
1699 3324 1838 3402 quia
1865 3324 1978 3383 Dei
2019 3323 2312 3382 decretum
2338 3342 2456 3382 non
2483 3333 2749 3383 versatur
2775 3324 2928 3382 circa

514 3417 655 3475 rem,
686 3400 788 3459 sed
816 3400 991 3460 etiam
1018 3402 1171 3461 circa
1189 3401 1425 3461 modum
1452 3403 1554 3480 rei,
1584 3402 1665 3462 id.
1686 3411 1754 3463 ut
1779 3423 1872 3462 res
1899 3403 2002 3462 fiat
2022 3403 2196 3480 juxta
2210 3412 2475 3462 naturam
2493 3423 2696 3478 musae,
2729 3423 2926 3462 neces-

513 3479 666 3540 sario
694 3479 745 3540 si
768 3482 1110 3558 necessaria,
1138 3482 1319 3542 libere
1347 3483 1397 3541 si
1422 3483 1621 3558 libera,
1663 3484 1826 3542 Deus
1864 3482 2028 3542 videt
2053 3503 2123 3542 ca
2149 3484 2212 3542 in
2237 3483 2485 3560 decret0,
2515 3501 2633 3542 non
2659 3482 2832 3542 modo
2860 3490 2927 3542 ut

511 3569 670 3621 certo
698 3560 905 3638 futura,
938 3561 1041 3622 sed
1068 3562 1242 3623 etiam
1268 3571 1335 3623 ut
1361 3573 1517 3622 certo
1545 3562 1739 3625 futura
1765 3564 2183 3639 contingenter.

592 3641 783 3702 XIX.
828 3642 1084 3718 Quorum
1110 3663 1229 3702 non
1256 3650 1346 3702 est
1372 3643 1752 3703 determinata
1770 3643 2004 3719 veritas,
2027 3663 2226 3702 eorum
2253 3661 2370 3702 non
2397 3649 2588 3720 potest
2615 3661 2741 3702 esse
2769 3649 2927 3702 certa

510 3730 571 3781 et
597 3721 920 3783 infallibilis
960 3723 1217 3799 scientia,
1262 3723 1315 3782 si
1353 3723 1617 3783 absolute
1644 3731 1705 3782 et
1747 3723 2080 3782 omnimodo
2121 3731 2257 3782 sunt
2297 3722 2775 3797 indeterminata3
2819 3722 2925 3781 sed

510 3799 705 3861 futura
730 3803 1124 3880 contingentia
1150 3803 1291 3862 talia
1328 3822 1445 3862 non
1487 3811 1658 3862 sunt:
1742 3801 1894 3861 Nam
1923 3803 1974 3861 si
1983 3811 2151 3867 ,sunt
2176 3801 2618 3862 indeterminata
2657 3811 2924 3880 respectu

510 3899 700 3939 causae
729 3883 1013 3958 secundus,
1045 3890 1103 3940 et
1129 3881 1191 3941 in
1219 3881 1440 3958 seipsis,
1484 3901 1603 3942 non
1630 3890 1768 3942 sunt
1793 3890 2060 3960 respectu
2101 3901 2290 3942 causae
2316 3883 2534 3960 primae,
2564 3903 2694 3960 quae
2722 3901 2921 3941 eorum

510 3957 905 4020 futuritioneni
946 3961 1241 4035 decrevit3
1285 3962 1336 4020 si
1362 3960 1804 4021 indeterminata
1832 3972 1922 4022 est
1961 3982 2161 4022 eorum
2188 3963 2404 4022 veritas
2429 3972 2684 4039 respectu
2724 3963 2919 4037 nostri,

510 4038 613 4176 quti
626 4059 757 4176 goin
781 4039 1316 4178 possumustidere
1342 4060 1457 4118 quo
1484 4061 1549 4134 se
1564 4041 1923 4182 ἓξιᾘιιαειέη
1962 4043 2038 4102 sit
2071 4061 2259 4183 ἑξεῖ
2283 4041 2762 4182 εοοωιᾶαῇὲίὶιοη,
2804 4060 2922 4101 non

510 4136 575 4178 es
732 4128 1038 4195 srespcctu
1128 4139 1540 4194 egcuiomma
1695 4139 2070 4183 raoversan
2191 4144 2234 4183 u
2323 4141 2507 4182 raesen
2592 4166 2609 4181 .

592 4196 748 4256 XX.
792 4199 925 4258 Non
952 4207 1042 4258 est
1068 4197 1348 4258 ἵει-ὕπατοι
1374 4199 1529 4258 idem
1554 4200 1675 4259 dici
1699 4202 1973 4278 possibile
1991 4211 2050 4263 et
2075 4143 2434 4282 impossibile
2455 4202 2646 4280 simul,
2676 4201 2779 4262 sed
2805 4200 2925 4260 m·

509 4273 649 4336 ἄλλο
672 4281 763 4337 καὶ
786 4276 961 4356 ἄλλη
1004 4279 1281 4357 possibile
1308 4288 1572 4358 respectu
1613 4281 1884 4358 potentiss
1925 4302 2029 4343 sen
2057 4303 2246 4344 caussa
2274 4281 2560 4358 secundae,
2590 4283 2653 4340 in
2693 4299 2756 4341 se
2783 4303 2918 4341 con-

509 4357 773 4417 sideratoe
810 4368 871 4420 et
908 4361 971 4418 in
1014 4377 1189 4418 sensu
1230 4359 1437 4436 diviso,
1466 4367 1527 4420 et
1564 4358 1922 4438 impossibile
1963 4363 2282 4424 secundum
2318 4361 2478 4440 quid,
2509 4382 2585 4421 ex
2609 4361 2924 4439 hypothesi

509 4435 725 4496 decreti
766 4447 825 4498 et
864 4438 1241 4516 praescientiae
1283 4439 1413 4499 Dei.
1498 4440 1593 4500 Ita
1617 4441 1894 4518 possibile
1920 4443 2034 4503 fuit
2073 4444 2368 4504 Christum
2395 4462 2514 4501 non
2547 4441 2825 4519 crucifigi,
2869 4441 2922 4500 si

510 4516 672 4577 Deus
699 4519 995 4595 voluisset,
1026 4527 1086 4579 et
1113 4519 1467 4598 impossibile
1492 4529 1728 4600 propter
1753 4521 2083 4584 decretum:
2125 4523 2284 4603 quod
2309 4541 2451 4600 ergo
2479 4522 2540 4580 in
2561 4541 2736 4581 sensu
2763 4540 2920 4580 com-

506 4598 713 4674 posito,
742 4607 805 4660 et
831 4599 1129 4678 supposito
1152 4601 1264 4661 Dei
1291 4601 1522 4662 decreto
1549 4602 1623 4662 de
1650 4601 1987 4663 futuritione
2015 4602 2116 4679 rei,
2137 4613 2230 4664 est
2256 4603 2614 4681 impossibile
2635 4621 2754 4661 non
2773 4600 2916 4678 fieri,

506 4686 701 4740 tamen
726 4679 789 4740 in
816 4699 991 4744 sensu
1018 4681 1209 4742 diviso
1236 4691 1297 4743 et
1322 4683 1575 4760 seposito
1600 4703 1674 4743 eo
1701 4682 1951 4760 decreto,
1981 4684 2259 4764 possibile
2285 4692 2442 4745 esset
2468 4703 2586 4742 non
2609 4680 2754 4742 fieri.
