3300 5225
584 284 711 347 452
1508 300 1696 344 nocua
1722 300 1965 344 serrum
2625 279 2897 363 [oum-r.
2927 302 3040 343 tv.
3229 0 3264 416 ἵ

586 464 765 506 causa
787 443 944 521 boni,
974 460 1150 522 quam
1176 443 1332 521 mali,
1360 452 1563 523 utpote
1588 445 1692 523 qui
1718 442 1795 504 ad
1815 441 2066 523 speciem
2093 447 2194 501 aut
2219 439 2556 518 qualitatem
2583 460 2702 501 non
2729 440 3028 503 determi-

586 533 775 601 natur,
805 544 913 585 nec
941 523 1311 583 determinari
1356 543 1432 584 ex
1460 545 1523 585 se
1548 525 1778 603 poterit,
1827 523 1934 584 sed
1979 521 2456 581 determinabitur
2493 528 2553 581 et
2580 521 3036 600 specificabitur

586 625 625 664 a
649 606 948 665 voluntate
974 605 1260 681 humana3
1303 604 1461 682 quod
1506 605 1821 664 absurdum
1867 624 1995 663 esse
2039 601 2241 661 multis
2279 601 2468 660 modis
2493 610 2670 680 patet.
2757 606 2812 662 1.
2858 603 3032 678 Quia.

588 685 967 745 Providentia
994 686 1107 744 Dei
1134 686 1287 744 eirea
1313 705 1407 745 res
1442 685 1726 745 humanas
1767 685 1910 763 ipsis
1955 682 2303 758 hominibus,
2357 681 2482 741 sive
2523 702 2720 742 eorum
2763 683 3024 743 arbitrio

586 766 932 844 subjaceret.
1016 769 1073 823 2.
1118 765 1385 825 Potiores
1424 773 1483 827 et
1523 765 1745 843 priores
1789 772 1982 824 essent
2008 762 2327 821 voluntatis
2353 770 2564 839 partes,
2613 770 2673 821 et
2703 763 2816 822 Dei
2855 764 3018 822 infe-

587 845 787 920 riores,
818 845 921 923 qui
940 854 1276 922 sequeretur
1298 854 1525 905 tantum
1551 845 1929 904 voluntatem.
2012 846 2068 903 3.
2101 841 2519 902 Determinatio
2545 842 2802 903 influxus
2828 843 3018 902 indif-

588 924 828 985 ferentis
854 923 931 983 ad
956 926 1108 984 hanc
1134 926 1233 983 vel
1258 926 1417 983 illam
1446 926 1730 984 actionem
1758 925 1820 983 in
1848 923 2058 1002 specie,
2086 922 2325 1001 ipsaque
2367 922 2518 981 aetio
2543 923 2608 979 in
2635 924 2826 1001 specie
2853 922 3020 983 foret

588 1004 1003 1081 independens,
1033 1024 1109 1063 ex
1137 1006 1263 1064 sola
1301 1006 1555 1065 hominis
1579 1006 1884 1064 voluntate
1907 1002 2165 1082 pendens
2189 1026 2204 1062 ι
2249 1022 2384 1081 quae
2427 1003 2620 1061 omnia
2645 1003 3020 1081 blasphema,

592 1092 655 1144 et
678 1084 929 1156 ἇοιᾶλογα
954 1095 1105 1161 sunt,
1134 1094 1203 1143 nt
1228 1094 1288 1145 et
1312 1087 1621 1166 ἆπίγμφι,
1640 1104 1774 1144 cum
1806 1084 2103 1162 Scriptura
2127 1083 2344 1161 passim
2371 1102 2604 1141 eausam
2631 1082 2817 1141 omnis
2845 1084 3018 1159 boni,

591 1165 719 1225 sive
746 1164 1031 1223 naturalis
1074 1163 1198 1223 sive
1238 1166 1491 1240 moralis,
1534 1172 1779 1225 testetur
1804 1184 1930 1224 esse
1960 1164 2170 1239 Deum,
2197 1162 2242 1223 J
2245 1182 2330 1222 ac.
2359 1162 2400 1222 i.
2431 1165 2548 1239 173
2587 1165 2620 1221 1
2652 1163 2788 1223 Cor.
2811 1163 2892 1223 iv.
2927 1166 2965 1221 7
2993 1188 3017 1241 ;

594 1242 765 1303 Rom.
795 1244 878 1303 xi.
908 1246 1021 1320 363
1068 1244 1217 1303 Gen.
1245 1242 1285 1302 i.
1312 1247 1415 1303 31.

673 1324 830 1383 XII.
875 1327 935 1383 6.
966 1324 1029 1382 Si
1078 1324 1240 1383 Deus
1268 1324 1557 1384 concurrit
1596 1331 1826 1383 tantum
1867 1342 2000 1383 cum
2044 1321 2322 1382 creaturis
2358 1341 2465 1399 per
2487 1322 3017 1400 conservationem,

589 1403 688 1463 vel
736 1423 840 1481 per
873 1403 1159 1461 influxum
1206 1404 1534 1480 generalem
1576 1412 1635 1463 et
1673 1402 2135 1479 indifferentem;
2179 1406 2234 1461 1.
2273 1402 2592 1479 Dispositio
2619 1402 2862 1461 sortium
2886 1424 3020 1462 non

590 1484 804 1563 poterit
830 1482 947 1541 dici
974 1503 1009 1541 a
1037 1484 1181 1558 Dec,
1213 1484 1351 1560 quia
1377 1503 1412 1541 a
1441 1484 1554 1543 Dei
1582 1503 1866 1543 concursu
1891 1483 1968 1541 ad
1992 1484 2146 1541 hanc
2169 1483 2269 1541 vel
2288 1482 2446 1540 illam
2475 1490 2688 1541 sortem
2713 1482 2888 1559 plane
2913 1484 3018 1541 in-

592 1562 933 1638 differente,¹
966 1580 1085 1620 non
1139 1571 1227 1621 est
1272 1582 1542 1639 egressus
1590 1563 1768 1640 hujus
1813 1563 2008 1639 potius
2052 1582 2229 1641 quam
2269 1562 2428 1621 illius
2469 1560 2658 1637 sortis,
2700 1562 2804 1621 sed
2842 1563 2950 1621 vel
2976 1584 3016 1623 a

590 1641 838 1717 fortuna,
883 1642 981 1700 vel
1008 1662 1043 1699 a
1080 1660 1256 1700 manu
1301 1652 1515 1702 sortem
1554 1642 2036 1721 apprehendente.
2119 1647 2176 1701 2.
2222 1642 2406 1701 Casus
2439 1642 2688 1719 passeris
2733 1662 2854 1701 non
2897 1644 3020 1702 erit

591 1740 631 1779 a
658 1722 804 1795 Deo,
845 1722 982 1798 quia
1020 1721 1251 1780 volatus
1290 1723 1486 1799 potius
1528 1742 1702 1800 quam
1745 1743 1862 1780 non
1898 1722 2130 1781 volatus
2173 1742 2210 1779 a
2246 1722 2374 1780 Deo
2416 1742 2535 1780 non
2575 1721 3017 1783 determinatur.

593 1802 652 1861 3.
698 1801 875 1859 Falsa
899 1802 1026 1859 haec
1052 1802 1246 1859 omnia
1274 1811 1457 1878 erunt,
1490 1803 1682 1861 Deum
1731 1802 1868 1861 dare
1893 1803 2061 1879 nivea,
2101 1801 2319 1877 imbrem,
2355 1803 2611 1879 ylaciem,
2633 1812 2835 1878 ventos,
2867 1802 3018 1863 date

592 1880 776 1941 corvis
816 1900 1017 1957 escam,
1040 1885 1191 1941 -alas
1234 1882 1473 1960 ciconiae,
1517 1884 1693 1941 robur
1725 1902 1882 1959 equo,
1899 1946 1912 1956 ,
1933 1882 1976 1942 J
1981 1883 2073 1941 ob.
2129 1881 2378 1958 xxxvii„
2435 1882 2708 1958 xxxviii„
2766 1882 3014 1958 xxxix„

595 1960 755 2021 Psal.
814 1960 926 2020 civ.
991 1960 1225 2037 cxlvii.;
1294 1961 1431 2021 dare
1478 1963 1658 2021 cibum
1688 1962 1986 2039 fanoelicss,
2033 1964 2262 2039 aperire
2329 1964 2514 2021 oculos
2573 1983 2866 2038 coecorum,
2909 1983 3019 2021 or-

586 2042 813 2119 phanos
856 2050 909 2100 et
947 2040 1149 2101 viduas
1196 2044 1399 2118 levare,
1438 2042 1611 2101 morti
1649 2044 1930 2118 addicere,
1962 2052 2016 2101 et
2056 2062 2086 2101 e
2130 2043 2426 2119 sepulchro
2465 2044 2717 2117 educere,
2765 2045 2798 2100 1
2845 2042 3018 2102 Sam.

592 2120 655 2180 ii.
702 2123 758 2197 7,
810 2124 866 2197 8,
916 2123 973 2198 9,
1018 2121 1115 2181 ΡΒ.
1166 2122 1343 2181 cxlvi.
1391 2125 1447 2199 7,
1499 2124 1555 2199 8,
1608 2130 1668 2181 et
1714 2122 1842 2183 sim.
1883 2142 2015 2199 quse
2055 2122 2117 2180 in
2165 2121 2461 2200 Scriptura
2507 2122 2596 2180 illi
2638 2122 3014 2200 tribuuntur‘3

590 2200 731 2279 quia
774 2219 973 2260 omnes
1014 2201 1116 2260 isti
1159 2201 1397 2261 effeetus
1444 2210 1579 2261 sunt
1625 2201 2006 2279 determinati,
2051 2202 2154 2280 qui
2201 2222 2320 2261 non
2360 2212 2606 2279 possunt
2651 2202 2828 2261 tribui
2867 2222 3016 2261 con-

591 2279 790 2341 eursui
839 2280 953 2340 Dei
996 2280 1346 2341 indifferenti
1394 2291 1453 2342 et
1498 2281 1961 2358 indeterminato,
2005 2303 2043 2341 a
2083 2302 2199 2361 quo
2239 2302 2358 2341 non
2405 2282 2592 2359 magis
2634 2282 2696 2339 hi
2745 2281 3014 2358 effectus,

591 2378 769 2437 quam
810 2361 1097 2437 contrarii,
1138 2360 1391 2439 pendere
1436 2370 1718 2440 possunt3
1762 2362 1918 2440 quod
1961 2362 2024 2420 in
2069 2362 2296 2422 actibus
2321 2361 2520 2421 liberis
2546 2361 2720 2421 etiam
2762 2359 3014 2437 obtinet.

593 2440 721 2499 Nec
772 2449 965 2517 potest
1009 2441 1163 2500 elabi
1194 2440 1603 2521 (Bellarminus
1646 2442 1720 2502 de
1765 2442 1986 2501 Amiss.
2042 2452 2188 2521 grat.
2225 2441 2284 2501 ii.
2343 2461 2469 2519 cap.
2509 2440 2633 2521 l9‚)
2689 2440 2828 2500 dum
2875 2440 3012 2501 vult

595 2521 637 2555 ‘⁴
664 2519 949 2579 actionem
992 2521 1304 2580 humanam
1351 2523 1521 2601 plane
1565 2530 1749 2582 totam
1793 2542 1920 2582 esse
1967 2542 2004 2580 a
2051 2523 2198 2600 Dee,
2241 2530 2301 2581 et
2343 2522 2418 2579 ab
2459 2522 2586 2600 ipso
2626 2522 2838 2580 habere
2883 2540 3010 2580 non

594 2599 785 2660 solum
840 2620 967 2660 esse
1020 2602 1371 2680 genericum,
1438 2602 1541 2663 sed
1598 2602 1794 2662 etiam.
1831 2602 2161 2681 specificum
2215 2612 2275 2663 et
2328 2600 2669 2680 singulare;
2719 2602 3008 2662 Caeterum

592 2679 659 2739 id
698 2680 911 2740 habere
954 2701 1058 2760 per
1100 2703 1443 2744 concursum
1487 2683 1930 2743 determinatum
1977 2683 2056 2742 ad
2101 2683 2384 2744 actionem
2411 2683 2586 2742 talem
2631 2703 2668 2741 a
2705 2683 3008 2742 voluntate

592 2759 864 2836 humana,
918 2781 1020 2821 seu
1068 2783 1103 2820 a
1129 2774 1428 2840 creatura3
1482 2783 1551 2822 ac
1599 2762 1840 2840 proinde
1893 2784 2012 2824 non
2066 2764 2278 2823 habere
2333 2783 2460 2822 esse
2516 2762 2861 2841 specificam,
2927 2783 3006 2822 ex

591 2839 768 2900 modo
816 2841 1029 2918 agendi
1078 2843 1207 2918 Dei,
1253 2842 1357 2902 sed
1400 2863 1477 2902 ex
1518 2843 1692 2902 modo
1741 2844 1954 2920 agendi
1979 2843 2298 2903 voluntatis
2323 2843 2648 2902 humanae.’'
2733 2843 2882 2917 Quia
2907 2843 3008 2902 vel

590 2919 863 2978 εἰσ-ὕσταται
888 2920 1161 2997 loquitur,
1183 2923 1282 2980 vel
1309 2923 1583 3000 supponit
1608 2922 1765 2999 quod
1791 2923 2151 3000 probandum
2179 2933 2286 2983 est.
2329 2923 2480 2982 Nam
2501 2923 2552 2981 si
2577 2923 2728 2983 actio
2755 2923 3009 2981 humana

592 3007 719 3058 tota
744 2999 921 3058 habet
948 3020 983 3058 a
1011 3000 1139 3058 Deo
1160 3020 1285 3060 esse
1315 3001 1662 3079 specificam,
1693 3003 1982 3080 quomodo
2011 3004 2221 3063 dicitur
2245 3010 2449 3080 postea
2474 3003 2622 3061 illud
2647 3023 2764 3061 non
2791 3002 3003 3061 habere

593 3097 673 3136 ex
700 3077 875 3136 modo
900 3080 1114 3155 agendi
1142 3081 1305 3140 Dei?
1384 3085 1440 3142 2.
1488 3081 1553 3142 Si
1579 3083 1732 3141 actio
1761 3083 1874 3141 Dei
1902 3083 2314 3143 determinatur
2353 3083 2430 3142 ad
2455 3083 2631 3142 talem
2658 3083 2940 3142 actionem
2969 3103 3008 3140 a

591 3157 895 3218 voluntate
941 3158 1226 3236 humana;
1272 3161 1432 3238 Ergo
1476 3171 1722 3222 eventus
1775 3163 2064 3223 voluntati
2116 3165 2384 3222 humanae
2436 3163 2846 3240 principaliter,
2886 3179 3003 3220 non

592 3255 737 3378 ἷὲτο
759 3238 1062 3297 concursui
1092 3239 1221 3315 Dei,
1236 3239 1337 3316 qui
1363 3240 1755 3301 indifferenter
1781 3261 1846 3302 se
1870 3242 2074 3302 habuit
2101 3243 2178 3302 ad
2204 3243 2358 3301 hunc
2385 3240 2669 3320 effectum,
2700 3241 2878 3301 tribui
2902 3240 3003 3301 de·

678 3395 871 3457 XIII.
917 3400 973 3456 7.
1022 3395 1287 3477 Denique
1334 3398 1525 3478 posito
1570 3419 1856 3460 concursu
1901 3399 2158 3478 generali
2184 3408 2248 3460 et
2271 3399 2648 3478 indifferente,
2698 3404 2751 3460 1.
2791 3402 3006 3460 Decre-

590 3484 719 3537 tum
751 3477 864 3537 Dei
888 3477 1224 3539 redderetur
1249 3479 1548 3556 incertum,
1579 3490 1641 3539 et
1669 3481 2041 3540 Praescientia
2065 3480 2343 3556 fallibilis,
2373 3481 2513 3559 quia
2533 3490 2595 3541 et
2621 3481 2770 3539 illud
2795 3491 2855 3540 et
2880 3482 3007 3542 haee

592 3558 873 3637 penderet
898 3578 935 3618 a
960 3558 1259 3618 voluntate
1294 3559 1546 3618 hominis
1592 3561 1874 3620 mutabili.
1960 3565 2018 3619 2.
2063 3560 2548 3620 Subtraherentur
2595 3561 2850 3619 dominio
2892 3561 3009 3620 Dei

593 3638 962 3776 (gestationes
1008 3638 1343 3779 volutrlrltatff,
1396 3647 1458 3733 et
1480 3640 1660 3698 homo
1699 3640 1864 3778 figeret
1887 3639 2302 3779 (ἱίηἳίρὲἲᾱωὲε,
2334 3649 2408 3778 Ie‘i
2447 3661 2524 3700 ex
2551 3639 3008 3779 subiitgsopius

761 3736 1137 3778 acuusnu
1312 3737 2140 3779 eusleenerecr.
2265 3763 2283 3779 .
2405 3739 2676 3779 usaere
2779 3739 3011 3778 reaura

590 3739 771 3874 qud’m
801 3740 979 3872 Deuls,
1024 3798 1160 3873 quia
1200 3799 1379 3858 motio
1408 3739 1674 3876 spldseiallis
1718 3808 1808 3860 est
1835 3799 2025 3877 potior
2061 3799 2352 3876 generali3
2395 3807 2455 3859 et
2479 3741 2786 3878 pefffeetior
2825 3807 3000 3875 esset,

590 3873 737 3952 quia
760 3875 920 3952 quod
945 3874 1290 3938 determinat
1338 3886 1427 3938 est
1472 3878 1784 3956 perfectius
1809 3899 1880 3938 eo
1907 3879 2064 3956 quod
2089 3879 2520 3939 determinatur.
2604 3883 2662 3938 4.
2706 3879 3010 3957 Praecipua

637 3953 829 4013 ietatis
855 3954 1021 4029 ratio,
1052 3975 1181 4032 quae
1227 3958 1339 4016 sita
1376 3965 1467 4016 est
1508 3957 1571 4014 in
1618 3957 2004 4034 dependentia
2046 3959 2362 4019 voluntatis
2403 3967 2616 4019 nostrae
2643 3979 2680 4017 a
2705 3958 3006 4018 voluntate

589 3973 1221 4174 {3⁶me
1252 4036 3004 4192 tmfflsmtwdussfflmfflwmffl

588 4198 760 4250 aetus
787 4191 979 4250 dicere
1006 4159 1274 4270 debere’t3
1317 4195 1389 4254 Si
1408 4195 1571 4254 homo
1598 4197 1834 4256 voluerit
1842 4165 2062 4274 fdcere,
2092 4200 2194 4258 hoc
2222 4139 2344 4258 aui?l
2347 4201 2494 4258 illud
2496 4201 2620 4279 fiet.

1205 4275 1386 4337 XIV.
1429 4276 1571 4338 Alia
1614 4287 1705 4340 est
1750 4281 1939 4342 Causa
1979 4282 2347 4359 universalis,
2393 4282 2712 4343 secundum
2740 4280 2884 4359 quid
2920 4280 3006 4340 ita

682 4333 1023 4441 Ἐοξξζζὲἶω
1125 4354 1297 4433 dicta,
1346 4378 1477 4437 quae
1512 4359 1758 4438 physica
1799 4361 2143 4422 necessitate
2191 4363 2330 4440 agit,
2391 4363 2580 4441 qualis
2635 4370 2725 4421 est
2783 4361 2899 4438 Sol,
2943 4368 3005 4420 et

1122 4434 1341 4513 Astra3
1386 4438 1528 4498 Alia
1555 4460 1697 4500 vero
1743 4440 2092 4501 universalis
2132 4441 2413 4519 absolute,
2459 4441 2897 4521 sapientissime,
2943 4447 3002 4500 et

590 4517 884 4580 liberrime
912 4535 1175 4596 operans,
1204 4517 1394 4596 qualis
1420 4527 1511 4580 est
1538 4521 1720 4581 Deus.
1799 4521 1918 4580 Illa
1943 4519 2180 4600 quidem
2206 4522 2464 4602 generali
2491 4530 2715 4582 tantum
2743 4529 2803 4580 et
2830 4519 3001 4578 indif-

586 4595 808 4660 ferente
852 4597 1081 4660 influxu
1122 4597 1448 4678 concurrit3
1492 4598 1615 4660 Sed
1655 4619 1774 4660 non
1821 4601 1950 4678 ista,
1993 4601 2131 4680 quia
2155 4601 2242 4662 ita
2265 4611 2356 4664 est
2379 4602 2710 4664 universalis
2737 4608 3005 4680 respectu

3221 873 3255 1300 ῐ

3231 1319 3256 1458 “
