3300 5225
387 387 614 438 Qussss'r.
645 368 806 450 1111.]
1266 389 1344 428 ns
1376 389 1965 432 PRAEDBSTINATIONE.
2682 371 2798 428 335

391 538 636 608 possunt
663 529 810 589 scire
839 547 902 588 se
929 528 1180 605 credere,
1213 529 1486 608 Apostoli
1511 550 1629 589 non
1670 539 1911 608 possent
1936 530 2127 590 dicere
2160 530 2451 605 Novimus,
2482 537 2536 587 et
2560 529 2799 590 credidi·

389 629 529 686 mue,
573 609 618 669 J
618 611 713 668 oh.
743 610 824 668 vi.
855 611 952 668 69.
1038 609 1114 668 Et
1144 610 1317 669 Pater
1358 611 1642 685 Lunatici‚
1678 611 1867 672 Credo
1893 611 2156 685 Domine,
2197 629 2461 668 succurre
2501 609 2799 670 increduli-

390 691 499 748 ωτι·
534 709 686 766 mcae,
739 699 798 749 et
837 689 982 750 Joh.
1029 689 1100 749 i·.
1129 689 1190 748 ii.
1221 694 1276 766 3,
1307 692 1582 750 Novimus
1629 694 1785 768 quod
1828 691 2181 767 coqnovimue
2221 691 2421 766 ipsum,
2462 687 2573 748 8⁶0.
2676 689 2800 748 Nec

389 778 588 848 posset
616 770 834 829 Paulus
862 770 1070 844 dicere,
1100 771 1258 830 Novi
1279 773 1372 829 eui
1393 772 1749 846 crediderim,
1779 776 1814 829 2
1846 771 2058 830 Timet.
2094 769 2133 829 i.
2168 773 2261 846 12,
2290 778 2351 829 et
2390 769 2537 828 alios
2562 769 2799 844 hortari,

399 851 476 909 Ut
495 870 558 908 30
581 853 892 927 captorem,
924 869 1004 908 an
1027 849 1140 908 sint
1163 850 1372 944 infide,
1405 855 1442 910 2
1473 851 1604 910 Cor.
1633 851 1757 910 xiii.
1790 853 1845 926 5,
1874 851 1989 910 nisi
2016 851 2127 910 hoc
2165 850 2300 909 sciri
2326 858 2539 928 posset.
2627 848 2799 909 Unde

393 931 552 1008 Aug.
583 930 656 989 de
683 930 984 1004 Trinitate,
1014 928 1117 988 lib.
1147 930 1270 989 xiii.
1302 951 1353 990 0.
1386 934 1438 1006 1,
1469 932 1673 989 Fidem
1710 951 1873 990 cuam
1906 932 2137 1007 quisque
2162 931 2264 1007 qui
2300 949 2425 990 cam
2450 931 2627 1005 habet,
2654 930 2807 988 videt

389 1011 452 1070 t'n
477 1013 648 1070 corde
672 1031 790 1084 cue,
820 1019 876 1068 et
900 1019 1046 1068 tenet
1069 1010 1378 1069 cer-mma
1401 1010 1648 1086 scicntia,
1674 1019 1729 1069 et
1742 1015 2021 1069 clame
2037 1011 2385 1074 conscientia.
2448 1009 2573 1068 Nec
2589 1008 2799 1102 obstat,

389 1091 550 1168 quod
571 1090 722 1149 varii
749 1090 908 1148 inani
936 1107 1038 1167 spe
1067 1109 1130 1148 se
1156 1089 1376 1150 laetare
1401 1097 1661 1168 possunt,
1694 1099 1753 1150 et
1778 1111 1883 1169 per
1908 1090 2273 1182 temerariam
2299 1089 2803 1167 praesumptionem

393 1169 630 1247 gloriari
657 1169 730 1229 de
758 1169 890 1246 fide,
922 1189 1096 1247 quam
1123 1189 1240 1228 non
1268 1170 1522 1229 habeant
1557 1178 1790 1246 tamen3
1834 1171 1972 1247 quia
1998 1169 2186 1228 inanis
2226 1169 2702 1246 hypocritarum'
2676 1189 2801 1245 Jac-

391 1251 575 1310 tantia
599 1269 718 1308 non
745 1249 900 1309 tollit
925 1268 1125 1308 veram
1153 1249 1411 1308 fidelium
1438 1249 1745 1326 fiduciam3
1790 1250 1915 1310 Nec
1943 1250 2011 1326 si,
2040 1249 2145 1326 qui
2172 1249 2393 1326 Spiritu
2418 1247 2533 1308 isto
2560 1248 2800 1308 destitu-

391 1339 583 1406 untur,
615 1347 748 1389 eum
774 1349 892 1388 non
917 1338 1147 1404 norunt,
1178 1330 1328 1389 bene
1355 1329 1650 1408 colligitur
1676 1350 1777 1389 eos
1804 1331 1907 1407 qui
1924 1329 2091 1389 illum
2118 1328 2435 1407 possident,
2455 1329 2655 1388 hunc·
2636 1348 2801 1406 igno-

389 1429 536 1486 rare,
565 1429 754 1487 neque
781 1410 900 1469 illis
925 1435 1004 1490 aga
989 1409 1180 1490 κηρίοις
1207 1428 1378 1487 posse
1403 1410 1570 1468 illum
1612 1409 1972 1486 dignoscere.
2058 1409 2273 1468 Fateor
2308 1417 2478 1468 notas
2504 1409 2649 1468 istas
2686 1428 2805 1468 non

391 1509 618 1567 semper
661 1490 941 1566 aequalem
986 1489 1264 1549 claritatis
1291 1489 1389 1547 vel
1433 1489 1799 1548 certitudinis
1825 1489 2071 1566 gradum
2113 1489 2343 1563 habere,
2376 1487 2479 1548 sed
2506 1497 2808 1566 propterea

389 1588 508 1627 non
537 1580 674 1629 sunt
699 1569 1004 1628 censendae
1030 1569 1268 1628 fallaces
1295 1578 1354 1628 et
1378 1587 1534 1628 mere
1561 1569 2003 1647 conjecturales.
2029 1569 2177 1627 Tam
2208 1577 2367 1628 certo
2394 1568 2565 1643 enim,
2596 1589 2665 1628 ac
2704 1567 2807 1646 qui

389 1648 556 1743 vivit,
589 1650 700 1708 scit
726 1667 788 1708 se
805 1649 1006 1708 vivere
1033 1667 1110 1708 ex
1137 1649 1464 1708 actionibus
1479 1648 1775 1724 vitalibus,
1788 1667 1948 1742 ‘quas
1966 1649 2028 1706 in
2050 1667 2113 1707 se
2128 1647 2685 1726 persentiscit31ta,
2704 1648 2806 1726 qui

390 1728 542 1788 vivit
567 1729 693 1788 vita
719 1729 1007 1806 spirituali
1031 1727 1282 1788 filiorum
1328 1729 1458 1804 Dei,
1488 1736 1683 1807 potest
1722 1729 1869 1788 scire
1912 1747 1974 1788 se
2000 1728 2203 1787 vivere
2230 1749 2309 1788 ex
2338 1727 2573 1806 Spiritu,
2602 1728 2705 1805 qui
2746 1729 2807 1786 in

389 1809 410 1866 i
545 1829 580 1868 o
655 1817 830 1868 ratur.

411 1827 559 1947 ps}-
581 1825 890 1964 Ρὸθθοιιιιᾶο,
921 1886 1076 1946 idem
1103 1887 1398 1981 colligitur
1424 1908 1501 1947 ex
1527 1889 1646 1948 Dea·
1670 1888 1844 1964 ipsius
1872 1887 2247 1965 imcripfione.
2311 1885 2808 1980 Quemadmodum

393 1966 548 2026 enim
575 1969 650 2026 ab
678 1976 894 2026 aeterno
920 1968 982 2024 in
1009 1967 1152 2028 libro
1177 1968 1306 2026 υἱέα
1322 1969 1558 2027 nomina
1577 1967 1893 2027 electorum
1913 1966 2243 2045 inscripsit3
2286 1975 2355 2028 ut
2373 1967 2435 2026 in
2454 1968 2597 2026 libro
2612 1968 2807 2044 Scrip-

393 2057 540 2106 turoe
563 2048 972 2125 promissiones
992 2048 1436 2125 perseverantiae
1451 2047 1528 2106 ad
1555 2047 2048 2106 confirmationem
2074 2047 2213 2106 fidei
2238 2055 2449 2106 nostrae
2466 2047 2805 2124 consignat3

393 2127 525 2186 Ita‘
499 2147 571 2185 ιιι
587 2129 730 2186 libro
745 2127 1102 2202 comcicntioe,
1116 2136 1176 2187 et
1195 2127 1256 2184 in
1277 2127 1492 2187 tabulis
1511 2147 1632 2186 non
1646 2127 1909 2220 lapideis,
1930 2125 2033 2186 sed
2050 2125 2275 2186 carneis
2290 2126 2497 2200 cordis,
2521 2147 2639 2186 non
2658 2135 2807 2186 atra-

393 2215 605 2282 ment0,
639 2206 741 2265 sed
773 2207 998 2300 Spiritu
1022 2207 1134 2266 Dei
1160 2207 1302 2283 vivi,
1334 2212 1371 2265 2
1403 2207 1660 2266 Corinth.
1692 2206 1772 2265 iii.
1805 2209 1861 2282 3,
1892 2205 2288 2298 apographum
2330 2206 2631 2266 electionis
2674 2225 2807 2266 uos-

393 2296 497 2346 trce
526 2285 820 2362 exscribit,
851 2285 1098 2364 gratiam
1125 2294 1185 2346 et
1211 2287 1402 2365 legem
1429 2285 1810 2364 insculpendo
1838 2287 2048 2345 animis
2058 2285 2299 2360 *nom-is,
2322 2293 2389 2344 ut
2415 2305 2522 2344 nos
2544 2285 2619 2344 de
2645 2293 2810 2345 aeter-

393 2367 574 2426 nitate
601 2367 814 2426 amoris
841 2367 950 2441 sui,
991 2375 1052 2426 et
1091 2385 1232 2426 eura
1271 2385 1378 2426 sus
1415 2385 1484 2426 ac
1511 2366 1779 2425 custodia
1802 2374 2081 2444 perpetus
2121 2371 2311 2426 certos
2336 2364 2561 2440 reddat,
2588 2365 2808 2426 Jerem.

391 2446 560 2506 xxxi.
580 2448 678 2507 33.
735 2445 934 2523 Atque
955 2447 1070 2505 huc
1085 2446 1342 2524 apprime
1363 2445 1504 2507 facit
1525 2444 1697 2520 ψιφος
1724 2447 1873 2510 λευκά
1892 2448 2139 2505 calculus
2157 2446 2335 2522 aleus,
2358 2464 2533 2522 quem
2550 2444 2813 2506 Christus

391 2526 698 2604 pollicetur
724 2543 786 2586 se
813 2527 1022 2585 victori
1049 2525 1337 2621 daturum,
1369 2525 1556 2604 Apoc.
1585 2527 1648 2584 ii.
1680 2529 1777 2584 17.
1828 2526 1941 2586 Oua·
1962 2525 2459 2584 mser-ibendumsit
2480 2544 2685 2586 novum
2710 2545 2809 2586 m·

391 2626 534 2683 mn,
565 2607 722 2683 quod
742 2626 902 2666 nemo
929 2607 1096 2683 novit,
1125 2607 1239 2666 nisi
1275 2607 1376 2683 qui
1397 2606 1624 2684 recepit.
1712 2605 1851 2667 Sive
1892 2606 2049 2666 enim
2088 2604 2299 2665 allusio
2330 2603 2433 2665 fiat
2472 2604 2549 2665 ad
2572 2605 2811 2668 Judt'cia

392 2687 690 2761 Veterum,
721 2687 783 2745 in
810 2686 1024 2765 quibus
1049 2650 1341 2746 absolutio
1363 2706 1470 2765 per
1495 2686 1783 2763 calculum
1819 2686 2035 2762 album,
2064 2694 2126 2747 et
2150 2685 2555 2745 condemnatio
2579 2705 2683 2763 per
2720 2684 2809 2745 ni·-

393 2786 563 2845 grum
589 2730 716 2826 fieri
744 2766 983 2842 solebat,
1013 2766 1168 2826 unde
1195 2766 1300 2826 illa
1322 2766 1492 2842 ψῖίφος
1519 2767 1765 2845 τάξωσι,
1794 2766 1911 2827 ista
1934 2786 2075 2825 vero
2100 2765 2378 2858 indagem
2399 2764 2715 2841 dicebatur,
2744 2774 2813 2825 ut

392 2855 626 2907 notetur
649 2847 822 2926 plena
846 2846 1038 2907 fidelis
1072 2846 1452 2925 justificatio3
1497 2848 1624 2907 sive
1664 2847 1741 2906 ad
1773 2847 2016 2907 Comitia
2052 2845 2351 2924 publice,'
2334 2864 2397 2903 ιιι
2436 2844 2653 2923 quibus
2678 2845 2807 2905 Ma-

393 2927 670 3003 gistratus
713 2926 1058 2986 creabantur
1105 2946 1210 3005 per
1235 2926 1526 3006 suffragia,
1577 2927 1871 3005 inscriptis
1918 2925 2217 2987 tesserulis
2248 2944 2355 2985 seu
2394 2924 2542 2985 albis
2570 2924 2809 2985 calculis

390 3007 720 3066 nominibus
747 3007 1078 3082 electorum,
1109 3006 1264 3066 unde
1307 3007 1644 3085 suffragium
1674 3006 1995 3066 vocabatur
2030 3004 2343 3086 quio-ought,
2372 3024 2491 3083 quo
2516 3024 2691 3065 seusu
2716 3004 2805 3063 in·

391 3095 668 3146 nueretur
693 3104 918 3145 summa
940 3086 1191 3147 filiorum
1222 3086 1336 3146 Dei
1363 3088 1634 3165 dignitas,
1666 3088 1767 3165 qui
1797 3087 1991 3163 Reges
2028 3096 2087 3145 et
2118 3085 2462 3147 Sacerdotes
2488 3084 2617 3145 Deo
2640 3083 2805 3159 fiunt,

394 3166 548 3243 Apo.
577 3166 616 3225 i.
647 3168 726 3241 6,
755 3166 882 3225 sive
909 3164 984 3224 ad
1016 3166 1348 3226 Oct-tamma
1373 3176 1436 3226 et
1458 3167 1632 3227 ludos
1660 3166 1984 3244 gymnicos,
2010 3165 2075 3225 111
2100 3166 2313 3243 quibus
2354 3164 2613 3225 calculus
2640 3164 2808 3225 albus

393 3245 724 3323 symbolum
751 3254 876 3304 erat
901 3245 1178 3321 victoriae,
1207 3254 1276 3305 ut
1301 3246 1384 3305 ita
1422 3246 1750 3324 triumphus
1776 3245 1915 3305 fidei
1942 3254 2002 3306 et
2041 3245 2289 3307 felicitas
2313 3243 2573 3305 fidelium
2615 3242 2807 3321 desig-

393 3332 600 3400 netur-3
646 3324 880 3384 Certum
908 3332 998 3383 est
1025 3344 1224 3383 nomen
1249 3325 1397 3385 illud
1423 3346 1642 3401 novum,
1675 3324 1835 3403 quod
1872 3325 1973 3384 isti
1998 3326 2222 3385 calculo
2261 3323 2695 3388 inscribendum
2720 3324 2807 3383 di-

393 3404 558 3480 citur,
589 3422 708 3463 nou
735 3404 894 3463 aliud
921 3422 1050 3463 esse
1077 3423 1250 3481 quam
1279 3424 1490 3464 nomen
1506 3405 1789 3464 Filiorwn
1806 3405 1939 3480 Dei,
1965 3405 2125 3482 quod
2142 3404 2411 3482 quamvis
2439 3403 2585 3463 alios
2611 3403 2806 3477 lateat,

393 3486 690 3561 cognitum
719 3492 912 3543 tamen
941 3484 1104 3543 Deus
1131 3502 1260 3543 esse
1285 3483 1474 3544 voluit
1497 3484 1823 3562 accipienti„
1904 3449 1993 3542 At
2018 3484 2131 3543 hoc
2156 3483 2275 3543 diei
2299 3482 2637 3558 neutiquam
2673 3500 2805 3559 pos—

395 3572 500 3639 set,
533 3564 582 3622 si
609 3582 716 3622 nec
743 3562 967 3638 electio,
998 3582 1110 3622 nee
1134 3562 1370 3641 adoptio
1397 3564 1669 3641 cuiquam
1695 3562 1953 3623 fidelium
1982 3563 2217 3639 cognita
2242 3581 2371 3623 esse
2395 3569 2609 3637 posset.
2693 3562 2805 3621 Fa-

393 3654 520 3702 teor
545 3642 780 3720 quidem
806 3642 1246 3720 promissionem
1272 3643 1444 3702 istam
1472 3643 1726 3721 perfecte
1752 3642 1981 3719 impleri
2000 3641 2270 3701 demum
2254 3660 2316 3698 ιιι
2336 3639 2517 3713 coelis,
2540 3639 2807 3701 absoluto

393 3724 580 3781 stadio
609 3732 668 3781 et
685 3732 1081 3782 consummata
1107 3722 1380 3783 felicitate
1407 3730 1642 3798 nostra3
1706 3721 1811 3783 scd
1836 3721 1985 3779 nihil
2008 3721 2205 3779 obstat
2230 3718 2539 3797 quominus
2564 3718 2706 3778 hic'
2679 3739 2805 3813 Jam

393 3803 696 3861 inchoetur
721 3802 796 3859 ad
821 3802 1080 3862 fidelium
1109 3802 1397 3879 solatium,
1427 3822 1608 3880 quum
1639 3804 1971 3907 ὁπιςιιιιὸνης
1998 3800 2252 3861 eoelestis
2276 3798 2513 3880 βςαβιίον
2531 3798 2657 3876 jam
2687 3798 2803 3877 pri-

391 3882 596 4021 maiali.
609 3882 1286 4037 Ρῧὲἕῃῃὲοιιᾶιιιιαωι
1325 3981 1401 4019 ex
1441 3961 1773 4021 testimonio
1816 3970 1875 4020 et
1911 3959 2291 4037 obeiynationc
2316 3958 2565 4036 Spu-itus
2590 3958 2673 4033 S„
2702 3959 2805 4035 qui

392 4060 508 4099 non
549 4041 724 4100 modo
764 4049 1012 4101 testatur
1049 4060 1158 4101 nos
1199 4060 1326 4100 esse
1352 4040 1505 4101 filios
1535 4040 1665 4116 Dei,
1699 4042 1867 4100 Rom.
1898 4040 2023 4099 viii.
2056 4042 2151 4114 16,
2195 4038 2301 4097 sed
2339 4048 2401 4099 et
2425 4059 2527 4097 nos
2554 4040 2807 4114 obsignat

391 4142 452 4179 m
479 4122 622 4181 diem
653 4123 1063 4197 redemptionis,
1095 4121 1247 4199 Eph.
1275 4120 1356 4181 iv.
1387 4123 1484 4181 30.
1569 4120 1874 4195 Quomodo
1898 4138 2039 4179 vero
2067 4119 2167 4179 vel
2198 4126 2506 4179 testaretur
2531 4136 2668 4177 vere
2694 4137 2804 4177 nos

393 4220 522 4261 csse
550 4200 702 4259 filios
734 4200 862 4277 Dei,
894 4210 954 4261 et
979 4201 1238 4259 haeredes
1265 4201 1432 4278 regni
1459 4200 1757 4275 coelonim,
1782 4200 1881 4259 vel
1922 4199 2257 4275 obsignaret
2282 4216 2405 4257 nos
2444 4197 2507 4257 in
2532 4196 2687 4259 diem
2714 4216 2803 4257 rc-

393 4278 758 4375 demptionis,
790 4280 842 4339 si
868 4281 1015 4338 nihil
1041 4289 1195 4339 certe
1223 4279 1296 4338 de
1323 4300 1394 4339 eo
1421 4281 1590 4339 nobis
1617 4288 1927 4355 constaret,
1958 4288 2016 4337 et
2052 4279 2104 4337 si
2142 4278 2271 4337 fieri
2307 4285 2521 4354 posset,
2550 4286 2617 4335 ut
2642 4277 2803 4337 testi-

393 4360 652 4418 monium
681 4360 808 4437 ejus
836 4368 992 4419 esset
1017 4359 1243 4435 falsum,
1275 4360 1372 4419 vel
1413 4360 1743 4438 obsignatio
1784 4360 2010 4417 fallax?
2054 4358 2173 4417 Sed
2212 4356 2563 4417 contrarium
2590 4356 2807 4416 evincit

396 4438 524 4517 ipsa
550 4458 672 4497 vox
699 4440 886 4519 niqilzi,
931 4457 1062 4518 quae
1103 4440 1400 4533 immotam
1439 4440 1525 4498 rei
1565 4438 1967 4499 certitudinem
1996 4437 2299 4515 designare
2328 4436 2493 4511 solet,
2522 4436 2812 4511 quomodo

367 4518 756 4578 ,inviolabilia
793 4520 1080 4595 dicuntur,
1112 4538 1242 4595 quae
1281 4518 1560 4623 principis
1603 4518 1799 4597 sigillo
1826 4526 1961 4577 sunt
1989 4518 2312 4594 obsignata.
2400 4514 2573 4575 Unde
2602 4516 2805 4573 Patres

395 4599 655 4676 sigillum
697 4599 842 4659 illud
869 4608 1084 4659 vocant
1117 4598 1424 4657 emnam·
1425 4622 1446 4656 ι
1481 4599 1876 4658 indissolubile.
1958 4596 2083 4657 Nec
2124 4597 2175 4655 si
2218 4594 2501 4655 Diabolus
2540 4612 2803 4653 nonnun-

395 4698 568 4755 quam
599 4700 660 4737 se
688 4678 1115 4740 transformat'
1097 4700 1161 4737 m
1189 4678 1485 4756 Angelum
1528 4678 1695 4753 lucis,
1728 4677 2002 4738 continuo
2045 4676 2303 4753 sequitur
2352 4674 2601 4752 Spiritus
2642 4672 2801 4733 testi-
