3300 5225
538 363 662 429 2316
1494 378 1682 423 meus
1708 379 2005 423 rennua-
2479 361 2748 450 [ασκεω.
2777 384 2947 429 mv.

622 518 709 581 X.
752 518 989 596 Quarto,
1020 524 1109 579 est
1157 516 1609 579 stabilimentum
1649 520 1833 583 totius
1878 520 2202 599 Religionis
2243 518 2601 597 Christianae,
2645 531 2706 583 et
2745 524 2951 585 salutis

539 608 771 675 nostra,
800 618 916 675 quo
943 618 980 657 a
1005 600 1049 659 J
1052 597 1233 657 udaeis
1279 598 1589 675 hodiernis,
1636 598 2068 661 Mahumetanis
2107 609 2169 659 et
2213 599 2478 659 Euthicis
2521 599 2949 679 distinguimur.

543 678 777 753 Quinto,
808 687 1079 738 constans
1105 677 1217 737 fuit
1241 678 1387 737 fides
1413 678 1713 755 Veterum,
1743 688 1810 740 ut
1851 700 1928 740 ex
1976 674 2286 757 Symbolis,
2333 680 2625 757 Concilii's,
2659 682 2949 761 Patribus,

543 758 863 837 Rescriptis
893 757 1313 834 Imperialibus,
1344 758 1818 819 Confessionibus
1845 760 2236 819 Ecclesiarum
2263 758 2432 818 facile
2457 760 2786 838 colligitur3
2815 762 2952 825 hinc

518 836 645 905 ,illa
674 837 913 914 Symbo.
944 836 1199 897 Athana.
1286 838 1323 870 ‘⁴
1352 837 1466 912 Qui
1492 839 1623 897 vult
1648 839 1849 899 salvus
1873 856 2020 915 esse,
2047 846 2186 901 aute
2229 838 2424 897 omnia
2470 858 2617 916 opus
2657 848 2748 901 est
2773 849 2840 901 ut
2865 850 2948 903 te-

540 925 678 975 neat
706 916 1061 976 Catholicam
1086 915 1278 991 fidem,
1307 934 1481 993 quam
1507 917 1621 975 nisi
1648 919 1893 994 quisque
1921 917 2206 995 integram
2233 927 2292 977 et
2316 918 2654 977 inviolatam
2681 938 2950 983 servave-

540 996 634 1071 rit,
664 995 883 1073 absque
911 995 1090 1055 dubio
1114 994 1177 1053 in
1204 1002 1481 1054 aeternum
1524 996 1770 1073 peribit;
1813 995 1960 1055 fides
2005 1004 2202 1057 autem
2239 997 2544 1057 Catholioa
2565 999 2696 1057 hsec
2736 1007 2842 1077 est,
2885 1008 2953 1059 ιιι

540 1094 719 1135 unum
749 1076 940 1135 Deum
966 1075 1029 1133 in
1056 1073 1353 1148 Trinitate,
1382 1082 1445 1133 et
1468 1075 1812 1135 Trinitatem
1837 1075 1901 1135 in
1931 1074 2170 1135 Unitate
2197 1078 2596 1136 veneremur.”

856 1198 863 1205 .
1146 1152 1265 1211 XI.
1310 1153 1476 1213 Licet
1503 1154 1852 1231 Mysterium
1879 1154 2178 1215 Trinitatis
2205 1155 2506 1215 obscurius
2523 1156 2698 1215 fuerit
2721 1155 2786 1215 in
2815 1157 2951 1217 Vct.

615 1218 949 1322 ῈοέξζᾞῙῑῑ·
1062 1250 1237 1309 quam
1284 1231 1345 1290 in
1390 1232 1465 1292 N.
1510 1233 1579 1292 T.
1617 1252 1734 1292 non
1779 1234 2040 1311 sequitur
2073 1234 2340 1312 ignotum
2363 1236 2535 1316 plane
2561 1234 2776 1313 fiiisse3
2817 1256 2952 1297 nam

870 1308 883 1320 '
1058 1310 1203 1371 alias
1228 1330 1337 1370 nec
1364 1331 1567 1372 verum
1596 1314 1788 1373 Deum
1817 1314 2242 1391 cognovissent,
2271 1332 2380 1373 nec
2422 1314 2485 1372 in
2525 1314 2803 1375 Messiam
2829 1335 2952 1376 cre-

538 1389 675 1449 dere
702 1389 1041 1467 potuissent.
1128 1390 1555 1467 Distinguenda
1598 1412 1740 1469 ergo
1785 1394 1882 1452 hic
1927 1393 2164 1470 cognitio
2191 1394 2266 1453 ab
2313 1394 2440 1471 ejus
2461 1396 2734 1470 madibus
2753 1419 2778 1469 ;
2817 1396 2956 1457 data

526 1469 663 1547 fuit·
700 1469 903 1529 eadem
956 1469 1211 1547 cognitio
1252 1470 1447 1547 quoad
1486 1471 1885 1547 substantiam,
1927 1481 1996 1532 ut
2033 1480 2236 1549 postea
2277 1473 2629 1551 probabitur,
2670 1474 2778 1535 sed
2821 1494 2954 1553 quse

538 1549 702 1608 varia
726 1548 835 1609 fuit
861 1548 1055 1625 quoad
1080 1549 1363 1627 gradum3
1407 1550 1623 1627 gradus
1650 1560 1844 1609 autem
1871 1570 1990 1610 non
2016 1560 2204 1612 mutat
2230 1552 2497 1629 speciem.

622 1629 779 1689 XII.
822 1624 1077 1689 Trinitas
1102 1628 1429 1689 continetur
1454 1629 1517 1687 in
1548 1630 1846 1708 Symbolo,
1893 1630 1947 1691 si
1973 1650 2090 1691 non
2117 1632 2180 1690 in
2205 1640 2341 1691 actu
2367 1632 2613 1708 signato,
2643 1632 2850 1692 saltem
2889 1633 2954 1692 in

524 1709 813 1785 exercito,
844 1716 1133 1784 quatenus
1178 1708 1353 1768 fidem
1396 1717 1653 1769 nostram
1701 1710 1886 1770 tribus
1926 1709 2198 1770 Personis
2241 1710 2650 1787 obsignamus3
2689 1731 2798 1771 nec
2837 1712 2955 1771 alia

540 1786 688 1925 gdes
702 1794 804 1925 talst
830 1806 946 1871 qua
972 1787 1145 1847 credo
1172 1786 1235 1846 in
1262 1788 1453 1849 Deum
1483 1789 1734 1865 Patrem,
1765 1788 1880 1851 alia
1905 1808 2023 1867 qua
2047 1788 2221 1849 credo
2249 1790 2312 1848 in
2339 1789 2557 1851 Filium
2583 1799 2644 1850 et
2673 1791 2952 1871 Spiritum

592 1886 701 1925 anc
766 1886 844 1925 m.

622 1945 815 2005 XIII.
861 1944 1045 2005 Aliud
1090 1954 1182 2007 est
1223 1945 1457 2007 credere
1509 1951 1565 2005 τὶ
1620 1946 1695 2006 ’σ’ῑη
1747 1946 2083 2023 Τι’ἰῐὶἰῐαῒίες
2141 1946 2328 2007 Aliud
2383 1948 2530 2008 Scire
2582 1954 2638 2007 τὶ
2691 1947 2834 2023 Jahn,
2893 1957 2956 2009 et

538 2030 595 2083 τὶ
624 2028 727 2090 πῶς
752 2046 767 2085 2
811 2025 1123 2085 Posteriori
1150 2044 1324 2085 sensu
1348 2046 1469 2085 non
1494 2028 1742 2087 dicimus
1769 2046 1898 2087 esse
1925 2026 2256 2087 Articulum
2283 2027 2786 2105 fundamentalem,
2815 2030 2955 2107 quia

539 2106 651 2163 hoc
676 2124 784 2163 nec
810 2105 923 2182 ipsi
951 2104 1171 2183 Angeli
1196 2104 1447 2182 capiunt,
1494 2107 1678 2167 multo
1720 2107 1912 2166 minus
1955 2106 2218 2165 homines
2259 2106 2397 2171 licet
2435 2108 2950 2186 perspicacissimi3

524 2183 645 2247 ‚sed
670 2184 849 2261 priori
874 2192 1117 2259 tantum,
1147 2203 1263 2262 quo
1292 2184 1465 2244 modo
1504 2185 1617 2264 ipsi
1657 2186 1858 2247 rustici
1897 2194 1958 2246 et
1983 2186 2178 2245 idiotae
2207 2185 2506 2247 Trinitatis
2533 2186 2854 2247 doctrinam
2891 2196 2954 2248 et

538 2260 772 2322 ‘credere
801 2271 861 2322 et
885 2262 1141 2339 profiteri
1167 2270 1451 2323 tenentur.
1997 2270 2002 2274 ’
2391 2268 2398 2273 “
2919 2314 2926 2321 .

618 2342 803 2402 XIV.
848 2341 1026 2401 Fid-es
1069 2342 1368 2402 Trinitatis
1402 2356 1447 2401 'a
1486 2342 1794 2420 baptizatis
1837 2362 1958 2403 non
1998 2350 2225 2421 poterat
2265 2362 2384 2402 non
2409 2344 2641 2421 requiri,
2671 2364 2849 2422 quum
2889 2344 2953 2404 in

537 2421 774 2481 nomine
802 2421 1011 2496 Patris,
1044 2421 1185 2481 Filii
1208 2430 1269 2481 et
1298 2421 1548 2500 Spiritus
1578 2422 1641 2483 S.
1669 2423 2077 2501 tingebantur3
2106 2423 2224 2482 imo
2253 2422 2536 2483 confessio
2563 2422 2700 2483 fidei
2719 2444 2849 2501 quse
2875 2424 2952 2484 ab

536 2500 683 2577 ipsis
708 2500 1070 2577 exigebatur,
1100 2508 1161 2560 et
1184 2520 1318 2577 quae
1348 2501 1630 2579 Symbolo
1659 2500 2004 2580 Aposwlico
2043 2502 2456 2579 continebatur,
2497 2521 2616 2561 non
2642 2504 2796 2563 ultra
2821 2503 2950 2569 Tri-

538 2579 740 2638 nitatis
767 2579 1089 2639 doctrinam
1115 2576 1191 2638 ab
1216 2580 1383 2640 initio
1410 2580 1831 2643 extendebatur
1851 2604 1868 2659 3
1889 2581 2066 2642 'unde
2107 2580 2518 2660 antiquissima
2557 2582 2951 2662 expositiones

528 2658 827 2735 ,Symboli,
856 2677 987 2736 quae
1014 2666 1216 2718 extant
1256 2659 1411 2737 apud
1452 2661 1676 2737 Irenae„
1705 2661 1967 2736 Tertull.,
1997 2661 2252 2738 Origen„
2281 2661 2325 2722 J
2327 2661 2600 2737 ustinum,
2644 2681 2764 2721 non
2801 2663 2950 2722 ulte·

530 2738 663 2800 rius
690 2737 1115 2814 extenduntur-3
1145 2738 1263 2798 imo
1286 2747 1350 2799 et
1374 2738 1527 2798 intra
1550 2740 1676 2799 haec
1703 2741 1894 2818 capita
1919 2741 2222 2800 Nicaenum
2253 2740 2592 2818 Symbolum
2621 2749 2952 2802 contentum

542 2816 722 2876 fuisse
770 2816 982 2878 docent
1028 2817 1313 2894 Socrates,
1352 2818 1725 2896 sozomenus,
1771 2820 2152 2899 Nicephorus.
2235 2819 2570 2897 Baptismus
2612 2820 2674 2878 in
2715 2822 2952 2880 nomine

542 2896 761 2956 Christi
812 2895 1251 2956 administratus
1302 2916 1422 2956 non
1472 2899 1752 2976 excludit,
1807 2899 1914 2960 sed
1951 2899 2199 2960 includit
2236 2898 2413 2958 fidem
2449 2899 2776 2976 Trinitatis,
2815 2901 2954 2978 quia

544 2975 810 3036 Christus
835 2995 954 3035 non
979 2983 1172 3053 potest
1196 2977 1469 3053 cognosci
1496 2979 1620 3038 sine
1650 2978 1822 3038 Patre
1849 2987 1910 3038 et
1939 2978 2176 3056 Spiritu.
2927 3032 2932 3040 .

530 3117 537 3124 ,
624 3054 772 3114 XV.
817 3055 903 3115 Ut
926 3055 1205 3115 articulus
1230 3055 1441 3133 aliquis
1488 3057 1565 3118 sit
1604 3057 2070 3133 fundamentalis,
2115 3075 2238 3117 non
2273 3075 2423 3134 opus
2447 3064 2540 3117 est
2563 3065 2630 3117 ιιι
2653 3056 2953 3116 literaliter

532 3142 706 3194 -extet
730 3153 957 3212 semper
982 3135 1045 3192 in
1076 3134 1371 3213 Scriptura
1394 3137 1589 3213 quoad
1611 3137 1810 3196 omnia
1834 3137 2016 3197 verba
2036 3138 2252 3214 >quibus
2269 3136 2417 3196 solet
2429 3137 2712 3214 exprimi3
2742 3135 2950 3196 sufficit

539 3213 599 3274 si
622 3213 685 3272 in
710 3233 781 3272 ea
806 3213 999 3290 quoad
1022 3233 1146 3272 rem
1170 3215 1548 3293 contineatur,
1578 3225 1639 3276 et
1665 3215 2116 3294 aequipollenter,
2157 3225 2220 3276 et
2256 3235 2362 3294 per
2399 3216 2726 3275 evidentem
2751 3225 2812 3275 et
2849 3235 2948 3275 nc-

545 3292 853 3351 cessariam
880 3294 1347 3370 consequentiam
1388 3295 1525 3354 inde
1568 3295 1905 3358 deducatur.
1990 3295 2268 3371 Quamvis
2315 3315 2454 3372 ergo
2505 3315 2626 3354 vox
2653 3294 2952 3358 Trinitatis

544 3383 667 3431 non·
690 3379 853 3432 extet
876 3372 938 3432 in
968 3372 1263 3450 Scriptura
1282 3373 1347 3432 in·
1379 3373 1691 3452 abstracto,
1735 3374 1878 3435 satis
1915 3383 2007 3436 est
2045 3393 2168 3434 rem
2194 3374 2380 3454 ipsam
2419 3373 2704 3435 contineri
2728 3375 2789 3433 in
2815 3393 2950 3434 con-

545 3459 719 3525 creto,
750 3460 810 3510 et
834 3450 1027 3529 quoad
1053 3455 1304 3513 sensum.
2199 3457 2210 3468 ⁶
2925 3490 2934 3500 =

629 3531 809 3591 XVI.
853 3531 1165 3592 Dissensus
1194 3532 1529 3610 Doctorum,
1572 3533 1677 3611 qui
1701 3533 1950 3594 occurrit
1991 3533 2052 3592 in
2078 3532 2439 3610 expositione
2483 3531 2652 3592 istius
2692 3532 2953 3609 mysterii

544 3610 693 3669 nibil
718 3609 1017 3672 detrahere
1045 3611 1219 3672 debet
1242 3612 1328 3672 rei
1354 3613 1619 3689 veritati3
1662 3613 1913 3672 maxime
1933 3632 2114 3690 quum
2130 3611 2429 3674 dissensus
2453 3631 2574 3671 non
2597 3621 2688 3671 est
2713 3611 2776 3670 in
2802 3611 2951 3688 reip-

546 3709 629 3766 sa,
660 3689 765 3750 sed
782 3689 845 3748 in
865 3690 1227 3768 concipiendi
1242 3691 1479 3768 ratione,
1499 3692 1597 3752 vel
1614 3691 1944 3770 explicandi
1967 3691 2160 3766 modo,
2179 3692 2276 3752 vel
2294 3690 2640 3750 defendendi
2659 3691 2950 3766 methodo,

546 3770 735 3845 qualis
788 3777 979 3847 potest
1016 3789 1145 3830 esse
1192 3771 1344 3830 inter
1382 3771 1732 3848 Theologos,
1789 3772 1966 3835 etiam
2014 3771 2426 3830 Protestantes.
2507 3770 2715 3845 Quoad
2771 3770 2950 3829 Scho-

546 3847 799 3924 lasticos‚
841 3869 959 3908 non
1014 3848 1324 3909 diffitemur
1374 3869 1477 3910 eos
1528 3851 1774 3912 curiosis
1839 3860 1900 3912 et
1964 3850 2284 3910 temerariis
2349 3849 2472 3910 suis
2537 3849 2954 3926 quaestionibus

542 3933 729 3986 totam
756 3929 905 3988 hanc
932 3928 1253 3988 doctrinam
1278 3928 1485 3988 misere
1512 3931 1867 4005 obscurasse,
1898 3929 2003 3989 sed
2027 3930 2162 3988 lites
2186 3929 2444 4007 ipsorum
2469 3937 2698 3988 nostras
2725 3947 2842 3988 non
2869 3927 2952 3988 fa-

547 4004 751 4080 cimus,
781 4006 899 4066 imo
926 4007 1000 4064 ab
1028 4025 1225 4066 eorum
1244 4007 1403 4066 tricis
1420 4017 1482 4066 et
1510 4011 1924 4084 λιπολογιίμαιπ
1940 4009 2142 4086 procul
2157 4026 2287 4069 esse
2305 4007 2574 4067 volumus
2596 4007 2804 4067 Virum
2821 4007 2952 4068 Dei.

632 4083 847 4144 XVII.
893 4085 1035 4144 Loci
1060 4085 1518 4146 fundamentales
1550 4091 1825 4148 Catholici
1849 4085 2134 4163 dicuntur,
2177 4107 2295 4146 non
2323 4095 2442 4148 tam
2467 4095 2736 4164 respectu
2759 4105 2954 4164 perso·-

544 4175 769 4238 narum,
798 4181 973 4240 quam
1000 4165 1269 4224 doctrina
1286 4188 1312 4238 ,·
1351 4183 1469 4224 nou
1495 4167 1654 4243 quod
1680 4167 1754 4228 de
1795 4167 1913 4227 illis
1941 4167 2254 4228 Christiani
2280 4184 2481 4226 omnes
2505 4167 2634 4226 sive
2677 4166 2806 4225 veri
2831 4166 2956 4226 sive

548 4241 780 4301 nomine
808 4250 1031 4302 tantum
1058 4251 1227 4302 tenus
1270 4245 1665 4323 consentiant3
1709 4246 1812 4306 sed
1854 4247 1992 4324 quia
2016 4247 2091 4307 ab
2117 4247 2387 4306 omnibus
2414 4246 2569 4306 veris
2597 4245 2955 4320 Christianis,

548 4319 651 4398 qui
679 4321 1033 4383 Catholicam
1060 4322 1234 4382 fidem
1260 4323 1615 4401 profitentur,
1644 4325 1981 4386 retinentur.

630 4399 883 4459 XVIII.
927 4401 1229 4462 Articulus
1255 4401 1555 4462 Trinitatis
1594 4423 1714 4464 non
1751 4412 1844 4466 est
1867 4413 2094 4465 tantum
2120 4404 2488 4479 theoreticus,
2531 4403 2638 4463 sed
2663 4412 2725 4464 et
2749 4401 2958 4481 practi-

547 4499 668 4556 cus,
698 4479 836 4557 quia
861 4479 1000 4540 facit
1024 4481 1101 4541 ad
1126 4481 1536 4560 gratitudinem
1564 4493 1623 4545 et
1648 4485 1870 4546 cultum
1899 4485 2028 4560 Dei,
2059 4491 2125 4544 ut
2149 4493 2407 4544 nostram
2429 4485 2558 4543 Deo
2575 4484 2677 4542 uni
2695 4491 2756 4542 et
2783 4481 2962 4542 Trino

549 4560 651 4637 qui
678 4579 741 4620 sc
767 4560 937 4622 nobis
964 4561 1245 4623 revelavit
1271 4561 1443 4623 fidem
1470 4571 1532 4624 et
1547 4565 1888 4642 obsequium
1907 4563 2276 4640 addicamus3
2306 4572 2368 4623 et
2387 4562 2464 4622 ad
2489 4561 2959 4636 consolationem,

548 4649 615 4701 ut
642 4639 893 4703 sciamus
920 4641 1211 4703 Christum
1238 4663 1374 4704 vere
1400 4663 1507 4706 nos
1534 4643 1864 4718 redemisse,
1907 4653 1967 4704 et
1993 4643 2238 4704 salutem
2265 4651 2522 4706 nostram
2561 4643 2626 4702 in
2664 4650 2792 4704 tuto
2833 4659 2960 4702 esse

548 4719 813 4796 positam.
