3300 5225
520 347 631 407 116
1470 359 1652 408 Locus
1679 355 1998 407 secamus,
2506 343 2755 426 [cumr.
2787 357 2914 406 xiv.

514 512 610 566 tus
636 513 743 566 est.
829 505 879 564 E
926 507 1153 566 Nostris
1190 507 1302 567 Vir
1336 507 1588 566 Doctiss.
1619 509 1858 565 Isaacus
1895 506 2118 564 Vossius
2157 505 2432 584 peculiari
2473 511 2724 566 tractatu
2763 507 2918 565 idem

514 587 691 645 variis
718 588 1035 646 rationibus
1062 587 1399 646 confirmare
1427 588 1657 664 sategit.
1701 617 1716 635 ·

598 666 707 725 IV.
753 665 874 725 Nos
896 685 1035 725 vero
1061 667 1198 726 licet
1224 687 1341 726 non
1368 667 1715 726 diffiteamur
1739 685 1965 743 magnae
1993 685 2120 725 esse
2149 665 2514 725 authoritatis
2541 665 2602 723 in
2633 666 2914 740 Ecclesia,

514 747 917 805 authoritatem
946 755 1139 806 tamen
1166 747 1325 805 illam
1352 746 1662 806 humanam
1683 765 2000 820 censemus,
2029 765 2147 803 non
2165 745 2438 821 divinam,
2462 753 2661 823 utpote
2683 765 2813 822 quae
2841 747 2916 805 ab

516 826 934 904 Interpretibus
960 823 1185 885 tantum
1212 827 1465 886 humana
1490 826 1774 885 industria
1799 824 2078 883 odornata
2107 825 2197 900 sit,
2229 843 2344 882 non
2371 842 2512 884 vero
2545 845 2583 883 a
2611 826 2918 903 Prophetis

514 915 573 964 et
600 906 761 964 Viris
787 904 1117 970 Suu-nimus
1144 906 1475 965 immediata
1506 905 1755 982 Spiritus
1791 905 1850 964 S.
1879 905 2269 982 inspiratione.

595 985 672 1044 V.
717 985 769 1044 N
774 1005 849 1044 on
876 986 1161 1063 quaeritur'
1194 1005 1351 1062 ergo,
1382 984 1485 1043 An
1511 985 1764 1062 aliquam
1801 983 2206 1043 authoritatem
2233 983 2446 1042 habere
2475 983 2682 1043 debeat
2709 985 2770 1041 in
2801 983 2912 1042 Ec-

513 1065 723 1124 clesia:
768 1064 1149 1123 Concedimus
1175 1067 1329 1124 enim
1356 1065 1552 1141 magni
1578 1083 1707 1122 esse
1733 1064 2022 1141 ponderis,
2053 1071 2113 1123 et
2138 1064 2342 1122 merito
2376 1063 2506 1122 aliis
2533 1064 2916 1122 Versionibus

512 1145 783 1221 praeferri.
872 1148 923 1205 1.
968 1144 1139 1218 Quod
1178 1145 1255 1204 sit
1294 1145 1549 1202 omnium
1593 1143 2009 1220 antiquissima,
2053 1151 2186 1202 ante
2213 1142 2304 1202 bis
2331 1144 2490 1201 mille
2532 1162 2714 1202 annos
2743 1143 2910 1218 sacta,

510 1243 641 1300 quae
669 1225 799 1282 ideo
826 1225 901 1282 ob
930 1225 1196 1282 canitiem
1225 1224 1492 1282 omnibus
1518 1223 1855 1282 honoranda
1895 1222 1988 1282 sit.
2072 1225 2129 1281 2.
2173 1222 2343 1298 Quod
2369 1243 2405 1280 a
2431 1223 2474 1282 J
2479 1223 2660 1282 udaeis
2699 1223 2914 1300 ubique

509 1313 788 1362 terrarum
816 1303 1091 1381 dispersis
1117 1303 1347 1380 publice
1390 1311 1449 1362 et
1474 1303 1746 1380 privatim
1787 1301 2042 1378 perlecta
2067 1301 2259 1362 fuerit.
2343 1305 2400 1361 3.
2444 1302 2614 1377 Quod
2642 1303 2914 1379 Apostoli

510 1391 569 1441 et
611 1383 1005 1460 Evangelistae
1052 1403 1122 1442 ea
1168 1384 1505 1460 plerumque
1552 1382 1614 1440 in
1658 1383 1930 1441 citatione
1973 1380 2232 1439 locorum
2261 1383 2338 1440 V.
2381 1383 2450 1441 Τ.
2491 1383 2584 1440 usi
2627 1383 2912 1459 legantur,

508 1482 749 1539 eamque
778 1463 1007 1540 scriptis
1049 1463 1169 1520 suis
1209 1462 1377 1539 qnasi
1417 1461 1822 1521 consecrarint.
1905 1464 1963 1520 4.
1995 1461 2144 1535 Quia
2171 1461 2441 1540 Apostoli
2480 1480 2608 1519 eam
2637 1462 2915 1520 Ecclesiae

510 1541 885 1618 tradiderunt,
916 1562 1046 1600 cum
1074 1561 1178 1618 per
1204 1562 1331 1600 eam
1360 1541 1639 1600 mundum
1667 1540 1896 1598 Christo
1939 1541 2321 1618 subegissent‚
2351 1541 2497 1599 adeo
2531 1551 2599 1600 ut
2625 1561 2728 1617 per
2755 1541 2914 1600 illam

510 1621 661 1680 inter
688 1622 909 1682 Gentes
940 1621 1201 1680 Ecclesia
1228 1621 1441 1698 genita,
1472 1630 1532 1679 et
1561 1619 1740 1697 hujus
1780 1620 1930 1678 lacte
1971 1621 2222 1679 enutrita
2249 1619 2438 1680 fuerit.
2521 1623 2578 1679 5.
2623 1621 2772 1695 Quia
2801 1621 2910 1680 Ec-

510 1700 687 1759 clesia
715 1702 922 1760 Graeca
968 1710 1027 1758 et
1054 1700 1279 1776 Latina,
1309 1721 1435 1759 eam
1463 1720 1568 1777 pro
1596 1700 1836 1776 vulgata
1861 1719 1964 1776 per
1993 1702 2111 1758 600
2139 1719 2320 1759 annos
2359 1699 2580 1760 habuit.
2663 1704 2720 1759 6.
2765 1701 2914 1775 Quia

511 1781 715 1839 Patres
752 1790 812 1856 et
842 1777 1160 1858 Scriptores
1190 1779 1579 1839 Ecclesiastici
1624 1779 1845 1855 antiqui
1881 1779 2032 1837 hanc
2073 1781 2497 1838 commentariis
2531 1779 2911 1856 explicarunt,

508 1861 725 1937 populo
752 1860 812 1917 in
838 1858 1092 1917 homiliis
1132 1869 1538 1936 exposuerunt,
1582 1869 1641 1918 et
1683 1879 1758 1917 ex
1799 1877 1869 1917 ea
1909 1859 2158 1918 orientes
2186 1860 2435 1918 hoereses
2469 1860 2814 1937 jugularunt
2853 1867 2914 1918 et

506 1939 570 1997 in
599 1938 871 1998 Conciliis
899 1939 1163 1998 Canones
1202 1938 1277 1996 ad
1316 1938 1491 1997 fidem
1530 1946 1591 1997 et
1630 1957 1820 1996 mores
1861 1937 2190 1997 formandos
2231 1959 2308 1998 ex
2347 1939 2550 1998 eadem
2575 1940 2911 1999 hauserunt.

513 2019 631 2078 Sed
657 2020 949 2097 quaeritur,
982 2019 1081 2076 An
1108 2018 1242 2077 talis
1283 2019 1360 2077 sit
1386 2019 1497 2077 ista
1524 2017 1886 2094 Authoritas,
1917 2027 1982 2077 ut
2009 2027 2311 2096 propterea
2337 2019 2668 2078 authentica
2694 2019 2916 2078 censeri

509 2098 718 2159 debeat
744 2108 803 2159 et
828 2099 1085 2158 fontibus
1112 2099 1489 2176 aequiparari3
1534 2097 1692 2175 quod
1719 2097 1940 2157 vellent
1968 2097 2326 2172 Adversarii,
2358 2099 2481 2157 Nos
2509 2119 2806 2176 negamus.

568 2217 739 2264 versio
763 2217 913 2262 Lxx·
1074 2177 1184 2238 V1.
1232 2178 1508 2238 Rationes
1536 2187 1689 2253 sunt,
1726 2181 1778 2237 1.
1803 2179 1952 2252 Quia
1970 2177 2224 2236 humano
2253 2179 2446 2236 studio
2473 2188 2533 2238 et
2552 2179 2748 2238 labore
2777 2198 2911 2238 con-

624 2291 720 2321 non
743 2257 920 2322 est'au·
992 2258 1223 2317 cinnata
1264 2266 1369 2334 est,
1416 2278 1535 2317 non
1578 2278 1718 2316 vero
1762 2278 1798 2315 a
1825 2257 1984 2316 Viris
2018 2257 2387 2334 θυοτηῦστοιςς
2448 2259 2742 2318 Authores
2786 2260 2916 2336 ejus

622 2335 855 2380 thentica.
993 2338 1223 2397 fuerunt
1251 2339 1621 2416 Interpretes,
1653 2357 1769 2396 non
1801 2337 2121 2414 Prophetae,
2145 2338 2244 2414 qui
2271 2347 2404 2415 post
2425 2338 2790 2414 Malachiam,
2812 2338 2915 2415 qui

506 2429 749 2479 vocatur
786 2419 1043 2496 sigillum
1074 2418 1489 2495 Prophetarum
1515 2438 1552 2476 a
1579 2418 1623 2477 J
1625 2417 1825 2494 udaeis,
1857 2417 2150 2476 desierunt
2174 2440 2188 2476 :
2231 2427 2290 2476 et
2317 2437 2392 2476 ex
2419 2438 2490 2476 eo
2530 2418 2705 2478 etiam
2731 2427 2910 2496 patet,

506 2502 646 2578 quia
680 2499 835 2576 apud
864 2499 1175 2556 Aristaeam
1204 2496 1473 2556 dicuntur
1498 2499 1845 2572 Interpretcs
1872 2497 2018 2555 inter
2055 2517 2114 2555 se
2141 2499 2446 2574 contulisse,
2476 2499 2820 2574 disputantes
2859 2506 2916 2556 ct

508 2583 849 2655 conserentes
876 2579 1021 2637 inter
1046 2597 1105 2636 sc
1126 2579 1195 2635 de
1220 2596 1286 2636 re
1313 2578 1571 2653 qualibet,
1591 2579 1766 2635 donec
1793 2579 2017 2635 tandem
2044 2578 2102 2635 in
2130 2598 2300 2637 unum
2329 2599 2514 2637 omncs
2539 2579 2908 2653 convenerint,

508 2657 618 2718 &m
702 2659 789 2717 At
826 2658 873 2716 si
904 2659 1052 2718 inter
1080 2676 1141 2715 se
1182 2656 1563 2732 contulerunt,
1596 2676 1714 2715 non
1741 2658 2187 2733 prophetarunt:
2249 2678 2384 2717 nam
2411 2660 2558 2717 sacri
2591 2660 2911 2737 Scriptores

508 2757 803 2816 nunqnam
840 2758 971 2796 cum
1014 2736 1143 2794 aliis
1180 2736 1561 2811 contulerunt,
1593 2735 1954 2814 disputantes
1995 2737 2067 2796 de
2107 2738 2366 2815 qualibet
2391 2758 2454 2797 re
2493 2758 2666 2815 quam
2697 2738 2908 2797 scribe-

506 2827 652 2894 rent,
684 2818 787 2877 sed
822 2826 993 2896 prout
1025 2836 1061 2874 a
1092 2816 1133 2875 S
1174 2815 1310 2875 iritu
1355 2817 1413 2875 S.
1443 2816 1633 2875 edocti
1662 2826 1842 2891 erant,
1887 2816 2010 2875 sine
2051 2817 2173 2877 ulla
2199 2817 2586 2894 disputatione
2613 2818 2709 2877 vel
2751 2837 2913 2876 mora

508 2898 737 2977 scriptis
765 2898 957 2957 omnia
983 2916 1115 2953 man
1160 2904 1344 2955 amnt.
1428 2899 1484 2954 2.
1528 2896 1680 2971 Quia
1719 2897 1770 2954 si
1807 2896 2056 2974 Spiritus
2093 2897 2152 2956 S.
2183 2896 2376 2959 afflatu
2405 2898 2770 2973 scripserunt,
2801 2916 2906 2955 nu-

506 2998 698 3037 merus
725 2978 859 3037 talis
887 2974 1209 3054 superfluus
1236 2974 1453 3050 fuisset,
1480 2996 1609 3035 cum
1638 2996 1788 3035 unus
1808 2976 2109 3053 sufficeret,
2131 2996 2237 3035 nec
2265 2997 2410 3054 opus
2437 2986 2590 3036 esset
2609 2978 2750 3035 viris
2772 2977 2906 3035 doc-

506 3059 659 3117 trina
685 3058 873 3133 claris,
902 3066 962 3115 et
986 3056 1071 3114 lin
1156 3075 1203 3113 se
1226 3054 1534 3114 Hebraicae
1562 3064 1623 3114 et
1644 3057 1864 3115 Graecae
1891 3057 2108 3133 perit-is,
2140 3058 2190 3115 si
2219 3057 2344 3117 sine
2371 3056 2562 3117 studio
2589 3064 2649 3115 et
2675 3056 2910 3115 auxiliis

506 3137 773 3196 humanis
802 3136 1061 3195 confecta
1106 3134 1301 3193 uisset.
1371 3138 1428 3193 3.
1459 3136 1608 3211 Quia
1634 3156 1742 3194 nec
1768 3137 1942 3196 rebus
1969 3156 2074 3195 nec
2103 3138 2298 3196 verbis
2327 3138 2597 3197 convenit
2623 3136 2688 3195 in·
2710 3135 2910 3195 multis

507 3236 638 3276 cum
666 3216 937 3291 fontibus,
984 3215 1087 3275 scd
1112 3214 1303 3273 varias
1342 3214 1519 3275 habet
1558 3240 1921 3297 πκςιςμηκικς,
1951 3226 2011 3276 et
2038 3217 2468 3294 discrepantias,
2507 3227 2575 3276 ut
2615 3226 2909 3276 ostensum

505 3304 597 3356 est
636 3296 711 3354 ab
748 3296 865 3354 illis
901 3296 1001 3373 qui
1038 3295 1148 3353 hoc
1174 3304 1575 3371 argumentum
1603 3305 1955 3373 tractarunt3
1998 3296 2152 3355 unde
2180 3299 2444 3356 Mor-inus
2469 3296 2701 3355 tandem
2743 3296 2912 3355 fateri

505 3384 739 3435 coactus
766 3384 855 3435 est
884 3376 1091 3433 Exere.
1115 3374 1214 3433 vii.
1245 3394 1368 3451 cap.
1392 3374 1471 3433 iv.
1514 3377 1925 3435 Authoritatem
1952 3377 2129 3434 aliam
2171 3396 2283 3435 non
2323 3377 2754 3435 adscribendam
2795 3394 2910 3433 esse

504 3457 632 3515 huic
658 3456 925 3529 Ver-sioni,
950 3474 1119 3531 quam
1136 3454 1263 3513 aliis
1284 3454 1563 3514 industria
1582 3457 1831 3514 humana
1845 3457 2039 3531 faccia
2083 3458 2140 3513 4.
2171 3455 2320 3529 Quia
2335 3472 2453 3512 non
2471 3454 2717 3511 habetur
2735 3452 2909 3511 hodie

504 3556 665 3613 pura,
698 3536 799 3594 sed
826 3536 1035 3593 mirum
1062 3534 1123 3592 in
1150 3534 1387 3593 modum
1416 3543 1685 3613 corrupta
1725 3546 1785 3595 et
1823 3535 2200 3611 interpolata3
2247 3534 2394 3610 Ejus
2433 3531 2642 3589 rudera
2681 3540 2908 3590 tantum

504 3626 563 3676 et
604 3614 826 3692 λείψανα
864 3616 1161 3691 habemuS,
1204 3622 1271 3673 ut
1298 3614 1401 3671 vix
1440 3616 1625 3692 possit
1659 3615 1783 3692 jam
1811 3615 2006 3673 vocari
2035 3613 2245 3671 Versio
2277 3610 2482 3669 LXX.
2527 3610 2730 3669 similis
2770 3612 2910 3670 navi

506 3696 689 3775 Argo,
721 3717 850 3774 quse
892 3696 1102 3772 saepius
1143 3693 1373 3769 refecta,
1404 3713 1511 3753 nec
1552 3694 1755 3753 eadem
1795 3714 1902 3751 nec
1944 3693 2058 3750 alia
2097 3691 2344 3768 amplius
2383 3698 2544 3766 erat3
2594 3692 2750 3768 quod
2789 3711 2908 3750 non

505 3778 683 3835 semel
712 3775 1045 3835 observavit
1071 3774 1310 3832 Hieron.
1340 3773 1506 3849 epist.
1536 3773 1770 3831 lxxxix.
1800 3772 1876 3830 ad
1903 3771 2062 3847 Aug.
2090 3770 2310 3847 praefat.
2339 3771 2400 3828 in
2431 3770 2600 3829 Esdr.
2630 3780 2690 3830 et
2716 3772 2776 3829 in
2803 3772 2905 3830 lib.

507 3855 794 3931 Paralip0.
880 3854 1053 3913 Unde
1101 3854 1253 3911 inter
1296 3853 1515 3911 Doctos
1563 3851 1740 3910 ferme
1782 3851 1904 3928 jam
1952 3858 2244 3926 receptum
2292 3860 2398 3927 est,
2449 3851 2606 3909 illam
2656 3870 2782 3909 esse
2831 3872 2908 3910 ex

506 3933 788 3991 Versione
831 3936 965 4012 κοινῇ
1012 3950 1140 4007 quae
1179 3934 1427 3995 λουωινὶς
1454 3931 1627 3989 etiam
1670 3929 1983 4006 dicebatur,
2025 3938 2170 3989 teste
2211 3931 2411 3990 Hier0.
2453 3931 2527 3989 ad
2569 3932 2803 3989 Sunium
2847 3938 2908 3989 et

508 4012 839 4070 Fretellam.

883 4155 893 4167 ,
1066 4090 1213 4149 VII.
1261 4089 1325 4149 Si
1356 4088 1625 4167 Apostoli
1655 4087 1864 4165 saepius
1892 4089 1984 4147 usi
2011 4098 2144 4148 sunt
2172 4090 2284 4148 ista
2302 4090 2600 4165 Versione,
2629 4110 2746 4148 non
2777 4088 2908 4147 ideo

534 4154 945 4259 Γωῦῗυῗώο·
986 4166 1260 4243 fecerunt,
1290 4168 1448 4243 quod
1476 4187 1615 4225 *eam
1643 4168 2030 4227 authenticam
2071 4168 2370 4229 crederent
2398 4179 2457 4229 et
2485 4168 2758 4243 divinam,
2804 4167 2908 4226 sed

987 4246 1125 4323 quia
1146 4257 1282 4307 tunc
1310 4246 1585 4322 temporis
1610 4246 1987 4305 usitatissima
2013 4256 2136 4307 erat
2155 4259 2215 4308 et
2235 4257 2464 4327 recepta
2491 4250 2641 4307 inter
2667 4266 2903 4322 omnes3

504 4335 563 4385 et
590 4325 741 4402 quia,
764 4324 868 4384 ubi
896 4344 1099 4383 sensus
1124 4335 1185 4401 et
1212 4324 1473 4399 veritatis
1498 4326 1645 4383 ratio
1673 4326 2010 4405 patiebatur,
2042 4329 2348 4389 noluerunt
2376 4338 2477 4388 aut
2504 4325 2906 4403 intempestive

506 4406 700 4477 rixari,
731 4413 833 4464 aut
874 4404 1204 4481 scrupulum
1246 4423 1438 4462 creare
1481 4404 1904 4483 infirmioribuS,
1950 4408 2052 4467 sed
2091 4428 2195 4485 per
2235 4418 2492 4468 sanctam
2529 4405 2908 4464 oeconomiam

506 4486 865 4543 immutatum
904 4483 1274 4559 reliquerunt,
1314 4483 1469 4560 quod
1510 4493 1794 4543 mutatum
1837 4485 2166 4563 offenderet,
2207 4508 2338 4547 cum
2379 4485 2695 4564 praesertim
2734 4484 2906 4541 etiam

503 4582 620 4621 non
646 4572 929 4623 mutatum
960 4582 1079 4621 rem
1118 4564 1441 4622 conficeret.
1528 4564 1696 4639 Quod
1733 4585 1850 4623 non
1888 4568 1971 4625 ita
1997 4568 2214 4625 faciunt
2241 4577 2451 4637 tamen,
2482 4562 2622 4639 quin
2644 4582 2908 4620 nonnun-

502 4660 673 4720 quam
716 4644 817 4702 ubi
858 4664 949 4703 res
993 4644 1283 4722 postulare
1326 4642 1387 4701 id
1428 4642 1674 4721 videtur,
1719 4664 1897 4722 quum
1941 4666 2058 4705 non
2105 4654 2329 4705 tantum
2379 4640 2756 4717 incommoda,
2807 4640 2911 4701 sed
