3300 5225
348 318 571 368 QnAEsr.
602 292 701 381 in]
1205 322 1285 362 m:
1312 317 1433 364 nno
1460 322 1597 381 13⁸0,
1629 322 1708 362 Εἰ·
1733 320 1932 363 ramo,
2648 310 2758 370 161

344 498 539 545 Atheus
561 500 593 545 S
656 498 827 545 0u1at1-
950 461 1036 522 ΙΙ.
1082 462 1293 537 Primo,
1323 464 1533 523 Atheus
1560 462 1710 523 alius
1746 471 1836 522 est
1862 462 2246 540 &veculativus
2265 486 2292 538 5
2308 461 2314 467 ’
2331 464 2506 525 Alius
2533 468 2760 528 Praeti-

405 572 507 613 vus,
530 570 589 603 vo
639 558 827 603 Prati-
866 557 963 599 στω
977 564 999 600 .·
1036 542 1137 601 ille
1164 543 1356 620 quoad
1380 543 1573 617 fidem,
1604 542 1707 621 qui
1735 543 1927 602 Deum
1947 562 2065 601 non
2093 545 2394 623 agnoscit3
2425 546 2536 606 iste
2563 549 2757 626 quoad

404 630 503 663 cus.
866 641 1056 680 moros
1102 629 1162 681 et
1204 624 1401 699 vitam,
1446 624 1551 701 qui
1602 642 1735 682 eum
1790 623 2158 701 agnoscendo
2198 644 2316 683 non
2343 626 2498 702 colit,
2531 628 2631 705 qui
2673 629 2758 689 ita

343 701 495 760 vivit
536 721 605 759 ac
651 699 703 761 si
752 701 913 761 Deus
955 720 1074 759 non
1120 710 1309 777 esset3
1358 703 1456 761 vel
1502 722 1579 761 ex
1621 712 1778 778 voto,
1810 703 1948 779 quia
1992 700 2182 763 Deum
2207 724 2326 763 non
2351 724 2480 765 esse
2510 716 2752 785 optaret.

342 782 685 859 Quanquam
712 781 884 857 enim,
928 790 997 840 ut
1022 781 1185 840 nulla
1227 782 1425 859 praxis
1471 790 1561 840 est
1606 802 1738 859 quae
1783 802 1903 841 non
1947 793 2232 861 supponat
2271 785 2525 863 aliquam
2553 789 2752 865 cogni-

339 860 573 938 tionem,
604 880 713 919 nec
738 860 860 919 ulla
886 860 1159 938 cognitio,
1191 862 1396 920 saltem
1423 880 1553 939 quae
1594 870 1861 920 versatur
1899 863 2053 921 circa
2097 864 2211 922 Dei
2237 865 2472 941 cultum,
2515 886 2648 943 quse
2675 868 2754 927 ad

334 942 561 1019 praxim
590 941 786 1018 aliquo
811 940 984 998 modo
1032 960 1151 999 non
1196 940 1433 1018 tendat3
1478 942 1561 1000 sic
1586 940 1786 999 nullus
1805 950 1894 1001 est
1937 942 2278 1003 Atheismus
2321 946 2608 1022 practicus
2649 949 2752 1027 qui

336 1040 453 1079 non
480 1022 697 1080 oriatur
722 1040 797 1079 ex
824 1038 1005 1097 prava
1032 1020 1361 1097 cognitione
1388 1030 1449 1081 et
1483 1019 1707 1099 judicio
1735 1030 2002 1098 corrupto
2043 1024 2270 1099 mentis,
2312 1033 2372 1084 et
2397 1026 2592 1084 nullus
2619 1046 2748 1106 spe-

334 1101 622 1161 culativus
649 1101 749 1179 qui
778 1119 895 1158 non
921 1108 1055 1178 post
1082 1120 1145 1159 se
1172 1101 1345 1159 etiam
1372 1101 1564 1159 trahat
1592 1100 2014 1179 corruptionem
2041 1120 2322 1180 praxeos3
2367 1105 2529 1163 Nihil
2555 1106 2752 1167 obstat

334 1189 545 1256 tamen,
603 1180 910 1258 quominus
957 1200 995 1238 a
1038 1180 1249 1257 potiori
1290 1180 1396 1240 fiat
1436 1180 1846 1255 denominatio,
1909 1190 1977 1240 ut
2019 1182 2362 1242 Atheismus
2404 1184 2505 1261 qui
2557 1187 2748 1263 magis

332 1262 596 1321 consistit
624 1262 683 1319 in
710 1260 1017 1319 verborum
1039 1260 1357 1337 jactatione
1384 1268 1444 1319 et
1476 1260 1868 1337 blasphemiis,
1920 1261 2146 1321 dicatur
2192 1263 2598 1340 speculativas,
2647 1266 2746 1325 ille

328 1360 471 1399 vero
497 1342 599 1418 qui
626 1340 812 1417 magis
840 1339 901 1397 in
928 1339 1209 1399 factorum
1236 1339 1529 1418 impietate
1556 1348 1838 1417 versatur,
1868 1342 2158 1417 practicus
2177 1351 2434 1403 vocetur.
2485 1378 2491 1384 ·
2519 1344 2746 1405 Atheos

330 1429 523 1479 autem
550 1420 765 1480 multos
792 1418 1079 1499 practicos
1104 1438 1232 1479 esse
1258 1440 1378 1479 non
1404 1418 1733 1495 diffitemur,
1765 1421 2156 1498 speculativos
2184 1442 2481 1500 negamus.

935 1499 1056 1558 111.
1090 1500 1375 1576 Secundo,
1399 1502 1611 1559 Atheus
1630 1501 2018 1579 speculatione,
2043 1501 2141 1559 vel
2162 1504 2406 1561 directus
2433 1511 2523 1562 est
2547 1512 2609 1563 et
2631 1505 2742 1563 ¹ex-

386 1564 777 1671 Afflffivffi’oen·
846 1598 1097 1657 pressus,
1142 1579 1242 1639 vel
1294 1581 1599 1639 indirectas
1645 1586 1708 1639 et
1752 1580 2243 1658 interpretativus.
2324 1582 2592 1642 Dirce-tus
2632 1594 2738 1660 est,

666 1658 683 1671 '
849 1678 1029 1735 quum
1057 1659 1187 1736 quis
1216 1678 1444 1719 omnem
1472 1659 1881 1737 cognitionem,
1915 1680 2148 1719 sensum
2175 1668 2236 1719 et
2261 1661 2436 1720 fidem
2466 1663 2742 1724 Numinis

326 1738 565 1797 excutit.
648 1738 981 1813 Indirectus,
1012 1758 1191 1816 quum
1218 1740 1349 1816 quis
1378 1740 1519 1799 talia
1547 1741 1676 1799 Deo
1701 1739 1968 1800 attribuit
1993 1740 2090 1799 vel
2117 1740 2190 1799 de
2217 1741 2320 1799 illo
2347 1750 2542 1819 negat,
2584 1744 2740 1803 unde

326 1834 431 1893 per
456 1818 837 1875 necessariam
866 1819 1336 1895 consequentiam
1367 1820 1527 1878 Deus
1554 1829 1818 1897 negatur,
1837 1840 1896 1878 v,
1921 1838 1978 1897 g.
2011 1820 2061 1878 si
2088 1820 2220 1896 quis
2246 1830 2423 1898 negat
2453 1823 2566 1882 Dei
2595 1823 2740 1882 Pro-

324 1894 643 1953 videntiam
670 1904 731 1955 et
757 1896 1075 1973 Justitiam,
1105 1897 1243 1957 licet
1268 1898 1605 1975 profiteatur
1648 1918 1711 1957 se
1741 1900 1930 1957 Deum
1977 1918 2307 1977 agnoscere,
2353 1921 2422 1960 eo
2449 1902 2577 1980 ipso
2605 1922 2739 1961 eum

322 1982 517 2053 negat,
548 1975 685 2051 quia
715 1976 875 2034 Deus
903 1976 1027 2035 sine
1068 1977 1433 2057 providentia
1475 1997 1602 2037 esse
1642 1998 1763 2036 non
1787 1986 1996 2055 potest.
2028 1979 2118 2038 De
2146 1980 2274 2039 istis
2301 2000 2442 2039 vero
2483 1982 2579 2041 hic
2619 2002 2742 2041 non

324 2054 553 2131 agimus
582 2055 687 2113 sed
712 2055 786 2114 de
812 2054 950 2115 illis.
1234 2112 1239 2117 .
1715 2087 1720 2091 ·
1757 2082 1760 2089 ·

406 2134 518 2195 IV.
560 2134 775 2211 Terti0,
807 2134 1037 2194 Atheus
1064 2135 1335 2212 directus,
1364 2138 1464 2196 vel
1490 2145 1580 2197 est
1606 2146 1836 2197 externe
1878 2138 2186 2214 disputans,
2217 2138 2338 2198 imo
2363 2147 2422 2198 et
2448 2140 2739 2201 malitiose.

323 2222 525 2273 contra
553 2232 785 2273 sensum
813 2232 983 2274 suum
1010 2234 1231 2293 negans
1252 2217 1410 2291 3-:vel
1436 2217 1652 2276 interne
1677 2218 1954 2291 dubitans,
1996 2217 2096 2295 qui
2137 2217 2214 2275 ad
2251 2228 2479 2295 tempus
2507 2219 2736 2280 dubita-

320 2292 577 2353 tionibus
604 2314 679 2352 an
706 2294 783 2354 sit
812 2295 973 2353 Deus
1000 2303 1265 2371 vexatur,
1296 2305 1355 2356 et
1380 2296 1452 2355 iis
1480 2296 1551 2355 ad
1580 2304 1936 2355 momentum
1953 2297 2016 2355 in
2031 2297 2365 2357 tentationis
2385 2316 2736 2377 paroxysmo

319 2373 555 2432 videtur
578 2375 951 2433 succumbere
973 2396 989 2451 ς
1018 2375 1116 2433 vel
1140 2377 1381 2434 studiose
1406 2378 1678 2453 affictam
1703 2376 1941 2436 totalem
1970 2376 2238 2437 Numinis
2264 2378 2606 2457 ἇνιισ-οησύυς
2638 2382 2737 2440 vel

320 2454 421 2530 qui
448 2452 619 2530 plane
647 2462 707 2512 et
734 2462 891 2513 certo
917 2454 1297 2532 persuadetur
1320 2456 1383 2513 in
1426 2454 1599 2515 corde
1628 2474 1734 2515 suo
1774 2456 2000 2515 nullum
2049 2475 2176 2515 esse
2206 2457 2414 2518 Deum.
2499 2460 2592 2518 De
2618 2460 2738 2520 illis

314 2552 435 2591 non
462 2532 706 2609 agimus,
736 2552 883 2610 quos
912 2534 1157 2593 subinde
1183 2534 1422 2612 reperiri
1463 2554 1635 2613 posse
1661 2554 1780 2593 non
1819 2554 2135 2613 negamus3
2178 2536 2284 2595 sed
2311 2536 2384 2595 de
2411 2537 2556 2616 istis,
2587 2558 2736 2616 quos

318 2612 445 2671 dari
460 2633 577 2671 non
590 2633 763 2691 posse
785 2631 1102 2673 censemus.
1146 2615 1437 2689 Quaeritur
1450 2616 1545 2674 hic
1572 2634 1732 2692 ergo,
1753 2615 1852 2672 An
1874 2614 2084 2674 dentur
2109 2615 2292 2676 Athei
2317 2635 2435 2676 non
2460 2619 2729 2697 practice,

320 2692 424 2752 sed
452 2695 823 2770 speculative,
870 2713 989 2752 non
1036 2693 1313 2753 indirecte
1362 2702 1422 2754 et
1464 2695 1916 2773 interpretative,
1949 2694 2053 2754 sed
2081 2695 2315 2772 directe,
2355 2716 2474 2756 non
2500 2698 2602 2775 qui
2630 2719 2732 2758 ex-

316 2781 477 2832 terne
506 2773 817 2851 disputent,
846 2773 944 2831 vel
964 2781 1195 2850 negent,
1240 2775 1339 2833 vel
1363 2775 1464 2851 qui
1508 2776 1732 2834 interne
1761 2773 2041 2851 dubitent,
2073 2782 2133 2834 et
2159 2785 2440 2835 conentur
2465 2777 2577 2836 sibi
2599 2798 2731 2856 per-

318 2852 556 2912 suadere
584 2853 809 2913 nullum
850 2872 979 2912 esse
1010 2854 1237 2930 Deum,
1284 2854 1403 2914 Sed
1444 2854 1547 2932 qui
1592 2873 1866 2932 expresse
1892 2854 2004 2914 hoc
2031 2854 2204 2915 corde
2231 2855 2486 2934 credant,
2532 2865 2593 2917 et
2632 2877 2732 2920 ore

315 2932 727 3010 profiteantur3
772 2931 931 3010 quod
956 2951 1271 3010 negamus.·
1684 2963 1696 2970 ·

918 3011 995 3071 V.
1040 3013 1317 3072 Rationes
1345 3021 1497 3073 sunt.
1586 3016 1639 3073 1.
1684 3013 1834 3088 Quia
1880 3013 2052 3073 datur
2091 3014 2154 3072 in
2195 3015 2428 3074 homine
2473 3015 2730 3094 cognitio

344 3075 649 3180 Atheoznpn
668 3078 773 3124 dari
836 3091 949 3148 Dei
994 3091 1185 3168 insita,
1232 3101 1293 3151 et
1335 3091 1678 3152 Divinitatis
1725 3113 1946 3168 sensus,
1996 3093 2098 3170 qui
2145 3113 2262 3153 non
2301 3095 2490 3173 magis
2537 3105 2732 3173 potest

432 3150 521 3194 pro
556 3151 587 3180 ⁸
608 3151 684 3185 ω’·
836 3170 1036 3230 abesse
1064 3171 1138 3229 ab
1165 3171 1397 3231 homine
1423 3192 1598 3249 quam
1625 3171 1955 3232 intellectus
1979 3173 2293 3248 rationalis,
2340 3175 2424 3234 ita
2447 3184 2517 3236 ut
2553 3175 2730 3236 homo

194 3322 199 3331 Ι
314 3246 479 3305 illum
521 3267 734 3308 exuere
773 3269 891 3308 non
930 3251 1131 3328 possit,
1162 3252 1303 3328 quin
1345 3252 1596 3329 seipsum
1639 3260 1833 3327 exuat,
1862 3259 1930 3310 ut
1970 3261 2140 3311 antea
2180 3253 2503 3330 probatum,
2537 3255 2642 3314 Lo.
2675 3256 2726 3317 Ι.

316 3326 383 3400 Q.
400 3329 455 3385 3.
482 3327 605 3386 Nec
632 3328 684 3387 si
710 3328 771 3386 in
796 3329 1091 3408 Scriptura
1116 3339 1363 3407 negatur
1386 3329 1788 3408 peccatoribus
1815 3331 2072 3407 cognitio
2088 3331 2358 3391 salutaris
2375 3343 2435 3392 et
2454 3335 2726 3411 practica,

315 3426 430 3483 qua
492 3416 917 3484 convertantur,
974 3413 1003 3468 1
1055 3411 1098 3469 J
1101 3411 1271 3470 ohan.
1320 3411 1380 3468 ii.
1410 3413 1466 3483 4,
1518 3410 1792 3468 continuo
1846 3418 2094 3486 negatur
2147 3411 2404 3487 cognitio
2457 3412 2728 3471 inefficax

314 3494 374 3544 et
400 3485 731 3547 theoretica.
816 3490 896 3547 Et
944 3489 995 3548 si
1020 3489 1293 3548 tribuitur
1318 3489 1437 3547 illis
1462 3488 1792 3566 ignorantia
1817 3507 2014 3564 pravae
2041 3489 2453 3566 dispositionis,
2489 3493 2518 3548 1
2551 3492 2726 3550 Thes.

312 3563 393 3622 iv.
440 3567 495 3640 5,
541 3566 693 3642 Eph.
736 3569 816 3627 iv.
865 3571 957 3645 1⁷,
996 3571 1099 3645 -18,
1150 3589 1267 3627 non
1314 3577 1507 3645 potest
1548 3567 1668 3626 illis
1715 3566 1932 3645 pariter.
1974 3568 2154 3627 tribui
2200 3568 2528 3646 ignorantia
2566 3589 2728 3648 purae

314 3663 386 3701 ne
431 3644 658 3703 ationis.

388 3663 511 3783 5⁷1.
554 3728 610 3783 2.
642 3724 791 3798 Quia
818 3725 989 3784 datur
1014 3745 1161 3804 opus
1190 3725 1369 3804 Legis
1396 3727 1456 3784 in
1484 3745 1553 3785 eo
1582 3724 1876 3803 seriptum,
1909 3724 2080 3784 Rom.
2103 3725 2162 3784 ii.
2197 3729 2288 3803 14,
2321 3734 2381 3786 et
2409 3726 2725 3804 s'ynteresis

315 3821 383 3860 ac
398 3803 751 3862 conscientia
770 3806 1064 3882 naturalis,
1084 3806 1145 3864 in
1162 3825 1279 3883 qua
1292 3806 1563 3866 thronum
1582 3824 1750 3864 suum
1767 3805 1953 3863 erexit
1972 3805 2148 3880 Deus,
2169 3826 2298 3884 quae
2319 3807 2586 3884 extingui
2605 3829 2726 3868 non

312 3891 505 3959 potest
531 3883 644 3941 nisi
673 3903 803 3942 cum
846 3884 1063 3944 lumine
1108 3885 1369 3944 rationis·
1452 3886 1619 3944 Licet
1662 3884 1816 3943 enim
1847 3904 2012 3962 saepe
2053 3884 2368 3964 desperatae
2409 3887 2744 3965 impietatis,

312 3961 577 4020 homines
617 3981 744 4021 eam
786 3971 1057 4024 excutere
1105 3973 1399 4040 conentur,
1450 3985 1567 4024 non
1609 3971 1856 4041 possunt
1901 3972 2114 4024 tamen.
2199 3965 2278 4026 Et
2303 3973 2371 4025 ut
2415 3985 2521 4044 pro
2577 3975 2720 4027 tem-

310 4060 450 4119 pore
479 4041 690 4100 callum
719 4043 1035 4102 obduxisse
1060 4044 1383 4120 videantur,
1414 4053 1474 4104 et
1500 4044 1690 4122 sopita
1715 4043 1792 4102 sit
1819 4044 2186 4121 conscientia,
2217 4045 2460 4123 evigilat
2485 4047 2721 4108 tandem

310 4130 371 4181 et
396 4121 645 4180 acriores
674 4123 906 4182 aculeos
944 4125 1202 4202 ipsorum
1248 4123 1521 4184 cordibus
1562 4123 1770 4201 infigit,
1815 4125 1899 4184 ita
1941 4132 2008 4183 ut
2053 4125 2240 4186 velint
2285 4125 2474 4185 nolint
2513 4127 2723 4187 irretiti

312 4209 631 4278 teneantur,
664 4211 723 4261 et
749 4222 921 4280 quem
947 4203 1172 4263 nescire
1216 4205 1472 4282 cupiunt,
1514 4203 1760 4263 subinde
1787 4203 2220 4281 persentiscant,
2250 4213 2318 4264 ut
2343 4205 2404 4262 in
2433 4206 2718 4284 Caligula,

310 4281 557 4354 Nerone,
588 4290 649 4340 et
672 4282 803 4341 aliis
830 4302 948 4341 non
973 4283 1175 4361 paucis
1200 4284 1411 4343 visum.
1494 4284 1619 4342 Nec
1659 4281 1852 4360 excipi
1875 4292 2084 4360 potest,
2115 4285 2524 4344 conscientiam
2551 4287 2722 4345 istam

308 4379 425 4418 non
454 4380 681 4438 semper
706 4381 837 4421 cum
863 4362 1073 4423 notitia
1096 4363 1195 4422 vel
1220 4373 1379 4423 metu
1406 4363 1601 4440 aliquo
1630 4362 1745 4421 Dei
1773 4363 2136 4440 conjunctam
2165 4384 2333 4441 esse3
2373 4385 2546 4442 posse
2565 4366 2722 4424 enim

308 4441 674 4500 conscientiae
698 4441 997 4519 flagellum
1024 4462 1316 4502 remanere
1344 4463 1420 4502 ex
1446 4443 1743 4501 hominum
1779 4451 1987 4502 metu:
2031 4444 2180 4502 Nam
2227 4444 2366 4504 licet
2390 4445 2504 4504 hoc
2527 4445 2720 4503 locum

307 4519 523 4579 habere
546 4520 731 4597 possit
757 4522 818 4579 in
846 4522 1161 4582 sceleribus
1182 4523 1431 4602 cognitis
1454 4545 1469 4598 ;
1514 4521 1600 4581 At
1624 4521 1688 4579 in
1713 4522 2068 4582 absconditis
2084 4543 2214 4600 quae
2234 4523 2498 4582 homines
2515 4523 2720 4599 latent,

307 4606 369 4658 et
392 4619 527 4676 quae
550 4601 626 4659 ab
652 4601 727 4670 iis
754 4609 891 4662 sunt
914 4610 1259 4682 perpetrata,
1304 4603 1405 4682 qui
1448 4622 1513 4662 se
1560 4602 1910 4680 superiorem
1953 4602 2018 4662 in
2062 4603 2231 4664 terris
2257 4603 2481 4662 nullum
2509 4621 2718 4678 agnos·

2363 4701 2402 4740 ι
