3300 5225
345 388 569 443 Qnaesr.
600 366 691 453 v.]
1328 392 1405 433 m:
1436 392 1778 435 scama-mu.
2667 379 2742 439 75

344 538 571 593 constet
598 549 795 590 eorum
822 549 1040 589 moram
1066 530 1243 591 fuisse
1270 539 1495 593 tantum
1524 536 1643 593 210
1671 553 1970 611 annorum,
1999 534 2103 595 sed
2141 534 2382 595 refertur
2408 534 2484 593 ad
2511 535 2742 613 AEgyp-

344 620 469 671 tum
512 610 743 669 afflictio
787 609 1194 686 Israe'litamm,
1237 612 1373 688 quia
1416 612 1525 671 suit
1566 614 1912 691 principium
1953 614 2082 692 ejus
2121 634 2198 675 ex
2240 615 2390 674 Gen.
2427 614 2530 673 xii.
2564 617 2656 689 10,
2687 624 2746 675 et

344 690 511 765 finis3
571 690 668 749 vel
722 689 858 767 quia
910 689 1247 765 diuturnior,
1305 690 1501 751 durior
1548 701 1607 752 et
1659 694 1943 769 posterior
1995 693 2104 755 fuit
2149 693 2454 753 nobilitata
2505 693 2746 771 imperio

345 769 389 829 J
392 769 610 847 osephi,
656 767 1037 827 Hebraeorum
1076 770 1547 847 multiplicatione
1574 779 1634 831 et
1661 792 1859 833 eorum
1887 772 2256 851 oppressione
2296 772 2658 849 gravissima,
2687 780 2748 831 et

347 848 631 927 stupenda
658 847 1013 907 liberatione.

428 927 713 987 XXVII.
761 931 792 984 1
840 927 988 1004 Reg.
1031 926 1113 987 ix.
1147 947 1206 985 v.
1246 926 1431 987 ultim.
1479 928 1646 987 Servi
1691 929 2014 991 Salomonis
2055 930 2326 991 dicuntur
2365 930 2630 991 attulisse
2669 950 2746 991 ex

348 1007 530 1085 Ophir
569 1008 693 1067 auri
735 1006 953 1067 talenta
994 1009 1131 1065 420.
1218 1007 1302 1065 At
1338 1010 1373 1065 2
1411 1008 1581 1065 Chre.
1609 1007 1732 1067 viii.
1760 1029 1819 1066 v.
1847 1009 1952 1067 ult.
1995 1018 2364 1071 recensentur
2403 1012 2542 1069 450.
2629 1010 2746 1069 Sed

346 1086 513 1145 facile
540 1086 653 1145 ista
680 1085 1057 1145 conciliantur
1084 1085 1135 1145 si
1163 1085 1437 1161 dicamus,
1466 1087 1563 1145 vel
1603 1106 1721 1145 non
1749 1087 1822 1146 de
1849 1087 2068 1163 eodem,
2101 1090 2205 1149 sed
2231 1089 2304 1148 de
2330 1088 2576 1149 diversis
2615 1108 2746 1166 pro·

346 1165 691 1229 sectionibus
718 1184 1041 1224 sermonem
1077 1184 1221 1240 esse,
1258 1184 1327 1225 eo
1368 1164 1527 1243 quod
1570 1166 1844 1225 Salomon
1885 1168 2129 1245 singulis
2161 1168 2348 1231 tribus
2375 1169 2541 1232 annis
2568 1188 2750 1227 naves

348 1246 490 1306 illuc
529 1246 784 1306 mitteret
822 1264 898 1303 ex
944 1248 973 1302 1
1008 1244 1157 1321 Reg.
1200 1264 1260 1303 x.
1291 1248 1386 1320 22,
1417 1244 1513 1305 vel
1549 1245 1686 1321 quia
1723 1246 1962 1323 triginta
1993 1247 2210 1313 talenta
2248 1266 2366 1308 non
2406 1247 2483 1307 ad
2524 1247 2748 1324 Regem

349 1324 581 1387 fuerunt
604 1324 842 1401 perlata,
874 1323 978 1384 sed
1004 1322 1067 1381 in
1092 1343 1261 1383 usum
1291 1324 1507 1383 Classis
1535 1334 1892 1401 consumpta.

432 1403 752 1463 XXVIII.
796 1403 1007 1461 Matth.
1038 1402 1223 1461 xxvii.
1253 1405 1311 1461 9.
1392 1404 1437 1463 J
1439 1404 1668 1463 eremiae
1708 1404 1980 1465 tribuitur
2007 1405 2318 1465 Oraculum
2346 1403 2502 1480 quod
2541 1403 2752 1466 citatur

350 1484 423 1541 de
452 1486 531 1543 30
575 1483 747 1542 Siclis
790 1483 1098 1559 argenteis,
1142 1490 1203 1541 et
1243 1480 1317 1541 de
1360 1502 1501 1559 agro
1528 1502 1604 1541 ex
1632 1483 1750 1541 illis
1777 1492 1989 1560 empto,
2019 1483 2177 1561 quod
2221 1492 2439 1543 certum
2481 1491 2570 1543 est
2597 1484 2752 1559 apud

352 1563 527 1623 Zach.
556 1571 753 1621 extare
788 1582 837 1620 c.
866 1562 948 1621 xi.
983 1565 1074 1638 12,
1106 1562 1260 1621 unde
1286 1560 1519 1621 videtur
1546 1562 1746 1639 colligi
1773 1562 2046 1623 mendum
2082 1563 2410 1623 universale
2436 1571 2496 1621 et
2523 1564 2752 1638 σφάλμα

350 1647 627 1719 “mcxiv
674 1642 735 1699 in
780 1642 1078 1701 Matthaeo.
1166 1640 1282 1701 Sed
1324 1642 1483 1701 varie
1528 1641 1679 1701 solvi
1724 1649 1916 1718 potest
1958 1642 2166 1703 nodus.
2258 1641 2506 1716 Quidam
2547 1643 2755 1701 volunt

350 1742 560 1781 nomen
590 1734 611 1779 1
662 1723 796 1799 ιμίου
838 1721 1136 1799 irrepsisse
1176 1721 1239 1779 in
1280 1728 1508 1781 textum
1550 1721 1624 1780 ab
1663 1722 2032 1798 exscriptore,
2065 1721 2404 1799 compendio
2445 1721 2756 1798 Scripturas

351 1821 468 1861 non
495 1801 615 1863 inte
662 1810 807 1875 ecto,
838 1820 968 1859 cum
996 1799 1348 1877 adscriptum
1376 1809 1529 1861 esset
1556 1821 1662 1878 per
1688 1800 2179 1862 abbreviationem
2206 1801 2298 1877 ζοΰ
2337 1821 2442 1878 pro
2482 1801 2753 1881 ζαχαςίου.

355 1880 474 1941 Sed
500 1900 750 1940 errorem
777 1898 903 1938 esse
932 1880 1133 1957 exigui
1158 1880 1451 1954 momenti,
1474 1890 1617 1957 puta
1640 1880 1704 1939 in
1729 1881 1962 1940 nomine
1988 1880 2237 1958 proprie,
2261 1889 2321 1941 et
2347 1882 2756 1941 correctionem

353 1959 579 2019 facilem
608 1978 735 2019 esse
764 1978 839 2017 ex
866 1959 1172 2018 collatione
1190 1958 1268 2020 V.
1298 1968 1358 2019 et
1386 1960 1457 2017 N.
1480 1960 1548 2018 T.
1632 1958 1775 2035 Alii,
1795 1959 1954 2036 quod
1971 1960 2340 2021 verisimilius
2367 1968 2473 2035 est,
2495 1968 2758 2019 statuunt

354 2038 481 2097 dari
522 2038 617 2097 hic
660 2036 911 2113 n‘mxvm
951 2037 1199 2097 duorum
1238 2039 1493 2097 locorum
1538 2039 2020 2115 propheticorum,
2049 2058 2126 2099 ex
2153 2039 2365 2115 quibus
2405 2039 2620 2098 coaluit
2645 2039 2757 2099 hoc

353 2118 767 2191 testimonium,
799 2116 977 2174 scilic.
1006 2135 1083 2174 ex
1108 2116 1152 2176 J
1156 2135 1327 2175 erem.
1356 2116 1545 2175 xxxii.
1576 2126 1634 2176 et
1663 2117 1838 2175 Zach.
1870 2118 1953 2176 xi.
2035 2118 2261 2191 Quibus
2288 2116 2452 2175 varia
2491 2118 2760 2194 exempla

356 2196 567 2254 similia
594 2202 889 2270 occurant,
918 2202 986 2253 ut
1014 2195 1159 2255 Mat.
1190 2194 1313 2253 xxi.
1333 2196 1388 2270 8,
1420 2214 1495 2254 ex
1525 2195 1642 2254 Isa.
1670 2196 1796 2253 lxii.
1821 2198 1912 2270 11,
1943 2203 2004 2255 et
2031 2196 2208 2255 Zach.
2239 2196 2319 2253 ix.
2349 2198 2386 2253 9
2409 2218 2424 2269 ;
2455 2204 2514 2254 et
2542 2196 2756 2255 Matth.

357 2274 482 2333 xxi.
516 2277 609 2351 14,
640 2294 715 2333 ex
758 2274 874 2333 Isa.
915 2274 1021 2332 lvi.
1053 2278 1107 2349 7,
1138 2281 1201 2333 et
1226 2272 1444 2339 Jerem.
1473 2274 1575 2333 vii.
1609 2277 1720 2349 113
1764 2273 1900 2333 Act.
1939 2274 1978 2332 i.
2008 2276 2107 2350 20,
2135 2292 2212 2332 ex
2257 2275 2353 2332 Ps.
2395 2273 2543 2334 lxix.
2575 2276 2671 2349 26,
2701 2282 2762 2335 et

358 2354 473 2413 οἰκ.
504 2356 577 2429 8;
626 2357 655 2412 1
690 2353 816 2413 Pet.
846 2353 906 2411 ii.
926 2357 982 2428 7,
1012 2372 1091 2414 ex
1120 2354 1217 2411 Ps.
1247 2352 1445 2411 cxviii.
1476 2358 1572 2428 22,
1602 2360 1663 2413 et
1691 2354 1772 2411 Is.
1803 2354 1924 2413 viii.
1959 2356 2052 2412 14.
2135 2354 2258 2413 Nec
2285 2352 2624 2415 inusitatum
2651 2362 2759 2429 est,

358 2451 537 2509 quum
559 2433 738 2492 verba
764 2441 865 2493 aut
904 2432 1235 2491 testimonia
1260 2432 1505 2494 duorum
1534 2442 1686 2508 sunt,
1710 2440 1778 2493 ut
1803 2432 1984 2491 altero
2012 2432 2242 2507 omisso,
2274 2431 2512 2493 alterius
2537 2440 2762 2493 tantum

358 2512 590 2571 nomine
617 2513 1028 2589 exprimantur,
1060 2520 1126 2571 ut
1154 2512 1337 2571 Marc.
1365 2511 1404 2571 i.
1435 2515 1491 2586 2,
1523 2514 1577 2586 3,
1609 2512 1710 2571 ubi
1753 2512 1910 2589 prior
1953 2511 2268 2571 testimonii
2293 2530 2428 2587 pars
2457 2511 2764 2572 Malachiae

356 2600 465 2668 est,
514 2592 797 2670 posterior
842 2591 1028 2666 Isaiae,
1076 2598 1134 2651 et
1178 2600 1371 2652 tamen
1416 2591 1629 2652 omisso
1669 2591 1960 2652 Malachia
2000 2610 2152 2650 unns
2194 2590 2522 2650 nominatur
2561 2590 2763 2652 Isaias.

361 2672 495 2732 Hoc
521 2679 713 2732 autem
758 2691 829 2731 eo
868 2671 1055 2748 magis
1082 2671 1207 2732 fieri
1250 2681 1458 2748 potest,
1488 2670 1722 2749 qnando
1763 2671 1908 2733 alter
1935 2671 2036 2748 qui
2080 2671 2306 2746 citatur,
2336 2670 2432 2728 vel
2476 2669 2766 2746 antiquior

358 2760 449 2811 est
490 2753 689 2826 altere,
720 2759 778 2812 et
814 2771 891 2810 ex
926 2771 1043 2828 quo
1086 2759 1411 2828 postremus
1452 2751 1635 2810 multa
1678 2750 1950 2825 hauserit,
1981 2757 2047 2815 ut
2089 2750 2184 2810 hic
2227 2749 2488 2810 obtinet:
2529 2769 2662 2807 nam
2707 2758 2767 2809 et

358 2830 403 2891 J
404 2832 647 2890 eremias
686 2830 843 2908 prior
879 2839 970 2890 est
996 2830 1291 2904 Zacharia,
1323 2839 1384 2890 et
1424 2830 1608 2888 multa
1652 2830 1800 2890 solet
1841 2829 1917 2888 ab
1959 2849 2030 2888 eo
2071 2829 2321 2890 mutuari
2350 2828 2676 2904 Zacharias,
2705 2837 2766 2888 et

358 2910 525 2988 quasi
552 2910 763 2970 imitari
790 2911 919 2987 ejus
946 2909 1268 2984 conciones,
1299 2917 1365 2969 ut
1390 2909 1559 2968 facile
1587 2907 1814 2968 ostendi
1857 2917 2048 2986 potest
2089 2928 2166 2968 ex
2208 2908 2383 2966 Zach.
2413 2907 2452 2966 i.
2486 2910 2578 2982 14,
2608 2907 2766 2983 quod

358 2991 574 3068 petitur
599 3009 675 3048 ex
702 2989 921 3050 Jerem.
950 2988 1116 3047 xviii.
1149 2991 1242 3063 11,
1274 2997 1332 3047 et
1360 3008 1544 3046 xxxv.
1580 2991 1688 3064 155
1737 2996 1796 3049 et
1824 2987 2000 3048 Zach.
2029 2987 2109 3046 iii.
2141 2990 2196 3062 8,
2243 3006 2320 3046 ex
2346 2986 2390 3046 J
2393 3005 2565 3046 erem.
2595 2985 2762 3046 xxiii.

361 3070 416 3141 5,
446 3077 507 3128 et
535 3069 660 3130 sim.
690 3068 844 3128 unde
885 3067 1075 3128 dicere
1117 3067 1307 3127 solent
1331 3067 1375 3127 J
1380 3066 1547 3142 udaei,
1577 3067 1855 3143 spir-inam
1880 3066 2146 3126 Jeremioe
2157 3066 2342 3140 finib-se
2367 3066 2428 3124 in
2453 3067 2763 3126 Zacharia

362 3147 586 3222 Quibus
630 3146 767 3206 addi
809 3155 1001 3224 potest
1038 3146 1195 3224 quod
1238 3167 1313 3207 ex
1359 3146 1668 3206 traditione
1715 3146 2110 3206 Rabbinorum
2153 3146 2215 3206 in
2242 3143 2524 3206 Talmude
2553 3144 2764 3221 Babyl.

364 3225 530 3286 Bava
572 3226 779 3286 hathra
821 3225 919 3286 fol.
955 3229 1047 3302 14,
1078 3246 1251 3303 quam
1280 3226 1419 3286 citat
1450 3225 1523 3284 R.
1555 3226 1629 3284 D.
1661 3225 1740 3284 K.
1775 3226 1836 3284 in
1862 3225 2082 3302 praefat.
2111 3225 2174 3282 in
2200 3224 2245 3285 J
2247 3244 2440 3300 erem.,
2469 3224 2765 3284 volumine

365 3305 782 3383 Prophetarum
809 3306 853 3366 J
856 3305 1097 3364 eremias
1136 3306 1384 3382 primum
1410 3306 1603 3364 locum
1631 3304 1959 3381 obtinuerit,
1990 3303 2145 3364 unde
2171 3305 2390 3382 primus
2415 3303 2762 3378 nominatur,

364 3385 508 3443 Mat.
537 3385 658 3444 xvi.
694 3387 786 3444 14.
870 3384 1068 3444 Potuit
1095 3404 1233 3461 ergo
1263 3385 1578 3446 Matthaeus
1604 3384 1784 3442 verba
1810 3383 1923 3442 ista
1947 3384 2008 3442 in
2037 3383 2330 3444 volumine
2349 3383 2767 3460 Prophetarum

362 3463 563 3538 citans,
596 3463 702 3524 sub
732 3464 889 3522 illius
914 3464 1147 3522 nomine
1174 3472 1397 3522 tantum
1426 3463 1653 3539 referre,
1675 3464 1812 3539 quia
1837 3463 2085 3540 primum
2111 3463 2301 3522 locum
2329 3463 2412 3520 ibi
2438 3462 2658 3536 tenuit;
2701 3469 2768 3521 ut

364 3543 538 3602 Lucae
582 3544 746 3602 xxiv.
786 3547 882 3619 44,
931 3544 1107 3601 Liber
1134 3543 1682 3620 Hagiographorum
1723 3542 2065 3620 exprimitur
2106 3541 2336 3614 nomine
2384 3540 2763 3615 Psalmorum,

361 3622 498 3697 quia
524 3623 743 3698 primus
770 3631 861 3681 est
885 3623 1036 3682 inter
1062 3641 1179 3681 eos.
1266 3621 1531 3696 Denique
1559 3621 1602 3680 J
1605 3621 1848 3678 eremias
1887 3621 1982 3679 hic
2022 3620 2210 3695 potuit
2236 3639 2273 3677 a
2301 3619 2580 3676 Matthaeo
2610 3619 2768 3678 solus

362 3701 665 3774 nominari,
696 3701 835 3777 quia
876 3702 1159 3760 rationem
1201 3699 1441 3758 reddere
1468 3699 1658 3757 voluit
1697 3719 1814 3757 non
1859 3707 1976 3756 tam
2004 3701 2083 3760 30
2127 3697 2416 3770 siclorum,
2453 3715 2556 3757 seu
2597 3696 2768 3773 pretii

364 3798 482 3856 quo
511 3779 775 3838 Christus
802 3787 1031 3856 emptus
1056 3787 1163 3855 est,
1194 3777 1267 3838 de
1295 3797 1411 3855 quo
1442 3777 1768 3850 Zacharias,
1799 3795 1972 3854 quam
1999 3776 2126 3853 agri
2155 3776 2228 3835 de
2253 3775 2440 3852 pretio
2467 3775 2662 3851 empti,
2693 3775 2768 3834 de

363 3878 481 3934 quo
507 3857 813 3918 Jeremias.
897 3857 1065 3932 Quod
1092 3876 1233 3934 ergo
1274 3857 1371 3916 hic
1410 3855 1486 3915 de
1528 3855 1714 3932 pretio
1756 3855 1982 3931 dieitur,
2013 3875 2090 3914 ex
2118 3854 2414 3930 Zacharia,
2443 3854 2601 3930 quod
2628 3873 2768 3913 vero

366 3937 439 3998 de
466 3955 624 4012 agi-0,
655 3956 731 3994 ex
758 3938 802 3995 J
804 3936 1017 3996 cremia
1040 3936 1273 4014 petitur.

448 4015 707 4074 XXIX.
751 4015 966 4074 Gravis
992 4014 1225 4093 quidem
1252 4023 1314 4074 et
1339 4013 1641 4073 intricatus
1668 4013 1856 4072 nodus
1881 4013 2063 4072 oritur
2089 4033 2165 4072 ex
2191 4013 2351 4090 locis,
2377 4011 2526 4071 Gen.
2556 4012 2637 4071 xi.
2667 4017 2765 4088 26,
2867 3995 2874 4000 ’

366 4103 427 4155 et
455 4093 591 4153 Act.
618 4093 721 4153 vii.
751 4098 807 4168 4,
838 4095 989 4153 inter
1016 4113 1079 4153 se
1106 4093 1349 4169 collatis,
1380 4094 1441 4150 in
1469 4091 1637 4170 cujus
1671 4091 2012 4152 enodatione
2053 4093 2178 4170 ipse
2203 4093 2486 4170 Joaephus
2511 4092 2770 4168 &anyer

367 4175 545 4250 ἐπέχω,
580 4192 687 4232 nec
720 4172 1029 4250 quicquam
1072 4172 1417 4250 respondere
1462 4179 1718 4247 conatur,
1766 4171 2055 4232 animadv.
2104 4173 2164 4229 in
2210 4171 2424 4230 Enseb.
2469 4190 2525 4248 p.
2571 4174 2662 4244 17,
2709 4180 2770 4230 et

367 4255 569 4312 Hiero·
598 4254 659 4310 in
685 4271 783 4329 qu.
815 4253 998 4312 Hebr.
1028 4261 1087 4312 et
1112 4253 1259 4329 Any.
1288 4252 1351 4310 in
1382 4255 1473 4326 15,
1504 4251 1578 4310 de
1607 4251 1672 4309 C.
1698 4252 1771 4308 D.
1801 4271 1852 4310 c.
1887 4254 1978 4326 16,
2008 4251 2349 4329 profitentur
2373 4269 2501 4310 esse
2529 4248 2768 4310 dubium

368 4332 693 4392 insolubile.
777 4332 997 4391 Verum
1027 4351 1143 4390 non
1170 4332 1379 4391 desunt
1404 4339 1599 4391 tamen
1626 4330 1942 4389 commoda
1969 4330 2316 4389 conciliandi
2339 4329 2608 4404 rationes,
2639 4348 2769 4405 quoe

368 4412 643 4472 modestis
670 4411 921 4490 ingeniis
948 4411 1275 4472 satisfacere
1301 4411 1542 4488 possint.
1626 4410 1830 4469 Nodus
1849 4410 1912 4468 in
1937 4429 2007 4469 eo
2027 4417 2118 4468 est
2133 4409 2291 4486 quod
2319 4409 2534 4484 Moses,
2556 4408 2769 4468 Genes.

370 4491 451 4550 xi.
480 4494 577 4566 26,
608 4491 752 4550 velit
782 4491 1177 4550 Abrahamum
1204 4499 1405 4550 natum
1432 4509 1583 4548 anno
1610 4490 1819 4548 Tharne
1861 4489 2303 4566 septuagesimo,
2334 4496 2394 4547 et
2425 4487 2768 4564 Stephanus,

372 4569 505 4630 Act.
536 4570 635 4628 vii.
665 4575 722 4646 4,
770 4571 981 4630 diserte
1025 4578 1245 4630 asserat
1288 4569 1686 4628 Abrahamum
1729 4569 2070 4628 translatum
2108 4568 2397 4626 Charrane
2442 4567 2504 4624 in
2539 4567 2773 4623 Canaan

370 4657 674 4730 postquam
718 4659 979 4710 mortuus
1023 4659 1112 4712 est
1140 4650 1345 4709 Thare.
1432 4646 1517 4708 At
1560 4655 1780 4708 certum
1823 4668 1900 4707 ex
1941 4647 2092 4707 Gen.
2137 4647 2239 4706 xii.
2269 4649 2327 4723 4,
2377 4643 2772 4704 Abrahamum
