3300 5225
559 295 674 352 568
1548 319 1730 360 Locus
1757 315 1967 360 11011118.
2590 293 2854 375 [QUAEST-
2889 314 2976 354 Ix-

563 469 695 510 eum
720 448 1097 531 exceperunt,
1141 464 1201 514 et
1241 457 1299 514 in
1340 458 1448 515 hae
1478 458 1757 517 Ecclesia
1803 457 2139 516 docuerunt.
2221 453 2390 530 Quod
2417 454 2512 512 vel
2561 473 2637 512 ex
2681 451 2978 530 suffragio

566 529 850 589 Celeberr.
896 533 1331 611 Theologorum-
1365 537 1440 595 ad
1492 538 1792 614 Synodnm
1834 536 2261 594 Derdracenam
2307 533 2748 612 Deputatorum,
2785 536 2977 592 Joan.

564 610 811 667 Diodati
832 620 892 669 et
922 615 1126 673 Theod.
1154 613 1469 692 Tronchini,
1499 617 1562 674 in
1584 616 1770 675 Artie.
1798 619 1850 674 1.
1874 616 1983 673 Th.
2006 618 2058 689 1,
2089 613 2318 672 abunde
2343 613 2542 689 liquet,
2573 632 2756 688 quum
2781 613 2972 686 aiunt,

567 690 605 721 “
628 688 818 746 Deum
846 690 919 748 ab
947 700 1177 768 aeterno,
1208 715 1284 752 ex
1322 715 1481 754 mero
1509 696 1827 754 voluntatis
1864 713 1984 753 suae
2025 691 2403 770 beneplacitO,
2435 699 2620 750 certas
2661 707 2972 768 personas,

565 786 641 824 ex
679 768 895 827 semine
936 778 995 830 et
1034 773 1279 848 posteris
1306 773 1475 850 Adae,
1518 774 1581 831 in
1608 783 1668 834 et
1693 791 1825 832 cum
1869 773 2070 832 eodem
2117 771 2327 848 lapsas,
2371 789 2502 828 reas
2541 778 2602 828 et
2641 779 2970 847 corruptae,

566 844 889 906 decrevisse
935 849 999 906 in
1040 851 1284 928 Christe,
1328 872 1433 930 per
1476 861 1534 912 et
1572 861 1808 930 propter
1847 851 2140 911 Christum
2167 869 2241 908 ex
2269 849 2470 908 eadem
2499 847 2690 926 ιῦδοιίᾳ
2715 850 2781 906 111
2809 851 2974 908 1111110

566 923 741 982 finem
770 925 911 1003 ipsis
932 929 1301 1008 singulariter
1325 951 1362 990 a
1389 932 1561 991 Patre
1588 931 1936 990 destinatum
1964 929 2229 1006 voeare,”
2261 926 2388 1004 &c.,
2419 947 2593 1004 quam
2619 929 2974 1003 sententiam

565 1011 625 1061 et
650 1001 823 1062 fidem
850 1025 977 1065 esse
1006 1008 1281 1068 Ecclesiae
1310 1011 1672 1070 Genevensis
1697 1011 2054 1087 profitentur.

650 1082 892 1143 XLIII.
934 1088 1171 1164 Martyr
1195 1089 1354 1148 aliud
1380 1090 1629 1149 sensisse
1666 1109 1783 1148 non
1820 1089 2052 1164 legitur.
2135 1085 2412 1161 Quamvis
2439 1084 2592 1144 enim
2617 1104 2800 1162 agens
2827 1105 2970 1144 con-

568 1165 659 1218 tra
688 1161 975 1240 Pighium,
1009 1166 1093 1224 Cl.
1123 1167 1183 1226 ii.
1215 1168 1320 1226 Lo.
1350 1169 1422 1228 de
1462 1189 1620 1246 pecc.
1650 1168 1814 1244 orig„
1845 1175 2002 1226 totus
2031 1167 2106 1224 sit
2132 1165 2194 1224 in
2223 1165 2572 1223 adstruenda
2597 1166 2970 1242 corruptione

568 1257 743 1315 quam
769 1241 868 1300 ille
895 1247 1161 1322 negabat,
1192 1255 1251 1304 et
1288 1247 1435 1305 nihil
1474 1246 1547 1306 de
1595 1246 1972 1324 imputatione
2011 1243 2220 1320 tradat,
2265 1243 2406 1302 satis
2431 1251 2626 1302 tamen
2653 1245 2810 1300 clare
2833 1263 2966 1302 eam

568 1317 709 1376 alibi
735 1323 951 1396 statuit,
992 1343 1169 1400 quum
1210 1325 1379 1384 docet
1418 1327 1842 1403 corruptionem
1880 1331 2136 1382 nostram
2177 1321 2516 1398 originalem
2564 1341 2691 1380 esse
2731 1341 2966 1398 poenam

569 1399 795 1474 peceati
821 1399 989 1460 Adae.
1060 1404 1133 1461 In
1164 1403 1332 1462 Rom.
1364 1424 1488 1481 cap.
1518 1405 1576 1478 i.,
1610 1407 1647 1437 “
1672 1403 1937 1460 Profecto
1977 1421 2147 1459 nemo
2175 1408 2266 1460 est
2284 1401 2384 1476 qui
2411 1400 2732 1476 ambigat,”‘
2755 1402 2965 1476 inquit,

570 1478 609 1508 ‘⁴
628 1486 927 1552 peccatum
954 1482 1235 1558 originale
1274 1481 1441 1541 nobis
1480 1481 1669 1558 infligi
1707 1482 1770 1538 in
1795 1481 2071 1540 ultionem
2115 1487 2174 1538 et
2219 1499 2448 1556 poenam
2489 1479 2659 1555 primi
2705 1479 2966 1556 lapsusss’

571 1554 650 1613 Et
674 1556 737 1612 in
766 1555 935 1616 Rom.
964 1579 1021 1617 v.
1056 1563 1149 1634 14,
1196 1561 1233 1593 “
1254 1560 1485 1619 Adamo
1524 1567 1800 1638 peccante
1842 1558 2080 1635 perinde
2115 1557 2227 1617 fuit
2251 1578 2320 1616 ac
2347 1558 2398 1615 si
2424 1577 2624 1616 omnes
2649 1567 2966 1635 praesentes

568 1633 905 1710 adfuissent,
936 1644 995 1696 et
1020 1638 1193 1697 simul
1220 1659 1351 1698 cum
1378 1659 1447 1698 eo
1472 1638 1927 1716 peccavissent.''
1996 1636 2135 1695 vid.
2166 1637 2226 1694 in
2257 1638 2285 1693 1
2321 1636 2450 1695 Cor.
2479 1657 2580 1695 xv.
2609 1640 2706 1711 21,
2738 1641 2837 1696 22.

654 1712 888 1771 XLIV.
935 1714 1264 1775 C‘kamierus
1299 1717 1510 1776 clarius
1550 1718 1664 1776 hoc
1703 1718 1894 1795 ipsum
1931 1715 2195 1792 adstruit,
2237 1723 2316 1774 te.
2345 1715 2426 1773 iii.
2463 1716 2503 1773 l.
2534 1719 2628 1791 21,
2661 1736 2712 1774 0.
2741 1720 2798 1790 2,
2830 1733 2877 1774 s.
2907 1718 2968 1774 9.

574 1791 611 1825 “
632 1789 928 1866 Negamus
953 1813 1123 1869 posse
1144 1815 1249 1854 1108
1274 1795 1399 1856 fieri
1425 1795 1674 1873 injustos
1693 1795 1978 1874 injustitia
1994 1795 2308 1854 inhaerente
2333 1813 2438 1870 per
2455 1813 2634 1852 unum
2653 1795 2968 1868 hominem,

572 1868 687 1926 nisi
710 1869 887 1947 hujus
904 1872 1077 1932 unius
1096 1873 1344 1933 hominis
1364 1875 1648 1953 injustitia
1667 1876 1836 1935 nobis
1862 1875 2233 1951 imputetur.”
2291 1873 2370 1931 Et
2389 1892 2514 1950 cap.
2536 1875 2679 1930 xvii.
2703 1882 2844 1932 sect.
2872 1877 2969 1950 11,

574 1949 613 1980 “
634 1947 1017 2010 concedimus
1058 1962 1117 2012 et
1158 1953 1605 2014 inobedientiam
1634 1954 1850 2013 Adami
1877 1961 1935 2012 et
1961 1952 2347 2012 obedientiam
2376 1951 2591 2010 Christi
2617 1953 2972 2010 constituere

570 2045 677 2084 nos
705 2035 763 2086 et
790 2027 1099 2091 efficienter
1124 2041 1183 2092 et
1222 2033 1508 2093 meritorie
1545 2035 1738 2111 justos
1775 2041 1833 2092 et
1873 2032 2139 2110 injustos,
2183 2031 2288 2090 sed
2330 2049 2449 2088 non
2488 2031 2758 2108 imputari
2795 2031 2975 2089 nobis

568 2113 871 2183 utramque
898 2119 1227 2172 constanter
1251 2132 1549 2190 negamus.
1620 2113 1749 2172 Imo
1774 2129 2071 2187 negamus,
2101 2128 2271 2187 posse
2297 2127 2404 2167 1108
2430 2110 2716 2168 meritorie
2743 2109 2976 2168 efficere

570 2184 1359 2343 {ssskmmffissm
1383 2189 2750 2330 ffutssfflsstfffflffifflssm
2776 2190 2979 2344 {¹333

570 2343 683 2401 tari
721 2345 983 2423 posteris,
1015 2368 1083 2406 80
1114 2291 1365 2426 ’pr-Idinde
1406 2291 1581 2408 01118111
1609 2317 1826 2410 Christi
1862 2346 2266 2407 obedientiam.
2349 2347 2520 2403 Illam
2549 2346 2800 2422 quidem,
2832 2346 2981 2422 quia

574 2421 839 2482 Adamus
881 2424 934 2483 is
972 2425 1098 2502 fuit,
1138 2427 1200 2485 in
1226 2447 1342 2504 quo
1370 2428 1712 2488 censebatur
1737 2445 1865 2486 esse
1904 2445 2089 2503 genus
2131 2424 2464 2483 universnm
2508 2425 2824 2483 humanum
2869 2445 2982 2501 per

571 2507 871 2560 naturam:
914 2503 1096 2562 Istam
1123 2523 1280 2582 vero,
1310 2507 1449 2584 quia
1472 2507 1535 2565 in
1563 2507 1792 2566 Christe
1821 2511 1910 2565 est
1935 2505 2207 2562 universa
2231 2503 2541 2562 multitudo
2566 2503 2825 2561 fidelium
2867 2522 2982 2580 per

572 2579 838 2655 gratiam.
921 2582 1068 2644 Inde
1094 2584 1326 2661 factum,
1357 2594 1424 2646 ut
1446 2605 1565 2645 non
1590 2593 1817 2645 tantum
1856 2603 1960 2663 per
1986 2582 2279 2642 Adamum
2317 2591 2648 2659 peccatores
2687 2581 2826 2641 faeti
2855 2583 2983 2642 sint

574 2676 789 2735 omnes,
820 2661 924 2721 sed
950 2670 1009 2722 et
1035 2664 1096 2721 in
1122 2664 1249 2742 ipso
1274 2684 1545 2743 peccasse
1572 2666 1854 2740 dicantur,
1884 2661 2042 2740 quod
2063 2664 2238 2739 longe
2263 2661 2424 2721 aliud
2449 2663 2594 2721 est.''

658 2738 856 2800 XLV.
900 2742 1024 2801 Nec
1051 2751 1275 2804 tantum
1303 2745 1414 2802 Vir
1460 2746 1569 2803 iste
1597 2743 2016 2804 Celeberrimus
2043 2760 2174 2799 cum
2215 2741 2438 2800 caeteris
2479 2739 2832 2800 Orthodoxis
2873 2741 2979 2799 hie

575 2816 747 2895 facit3
790 2838 992 2879 verum
1020 2830 1079 2881 et
1106 2823 1205 2880 alii
1232 2823 1364 2881 Viri
1392 2822 1583 2899 Docti,
1613 2823 1717 2899 qui
1742 2823 1804 2880 in
1831 2821 2054 2879 caeteris
2081 2820 2155 2877 ab
2191 2819 2610 2896 hypothesibus
2639 2820 2726 2877 Cl.
2751 2821 2985 2877 Placaet’

576 2916 693 2955 nen
722 2908 857 2958 sunt
882 2900 1073 2975 alieni,
1104 2920 1139 2959 a
1165 2901 1455 2959 communi
1484 2902 1770 2959 sententia
1794 2918 1913 2957 nen
1939 2898 2230 2971 recedunt,
2275 2906 2342 2956 ut
2369 2898 2656 2957 Celeberr.
2697 2898 2973 2974 141119ναῖ-

576 2978 683 3033 dus
708 2976 811 3035 lib.
841 2976 914 3034 de
944 2978 1135 3053 Relig.
1164 2998 1223 3054 p.
1253 2982 1309 3051 3,
1341 2998 1390 3035 0.
1420 2981 1476 3051 7,
1511 2978 1611 3054 qui
1638 2978 1766 3035 fuse
1791 2976 1998 3069 probat
2022 2984 2322 3052 peceatum
2343 2976 2592 3035 alienum
2619 2994 2791 3053 posse
2811 2978 2978 3053 juste

576 3054 847 3129 imputari
873 3055 946 3112 iis
973 3055 1075 3130 qui
1102 3074 1233 3114 eum
1262 3056 1500 3113 authore
1528 3056 1722 3132 aliquo
1749 3054 1984 3113 vinculo
2004 3054 2195 3131 juncti
2222 3064 2374 3129 sunt,
2403 3055 2541 3113 licet
2581 3056 2810 3131 eulpam
2849 3074 2974 3112 non

577 3131 990 3208 participarint.
1074 3132 1153 3191 Et
1190 3133 1292 3192 lib.
1324 3133 1499 3193 Galli.
1543 3133 1616 3191 de
1646 3133 1943 3193 Praedesti.
1987 3152 2112 3209 cap.
2155 3152 2214 3192 v.
2261 3135 2297 3167 “
2329 3134 2491 3193 Sicut
2531 3134 2590 3191 in
2633 3134 2975 3192 criminibus

580 3211 763 3269 Laesae
812 3210 1141 3285 Majestatis
1181 3211 1266 3269 ita
1317 3212 1635 3289 puniuntur
1681 3212 1782 3289 qui
1825 3231 1896 3271 08
1937 3211 2360 3287 commiserunt,
2405 3220 2471 3270 ut
2513 3212 2744 3270 miseria
2783 3230 2976 3288 poenae

578 3287 833 3364 ipsorum
861 3296 1115 3348 transeat
1141 3308 1325 3367 usque
1352 3290 1427 3348 ad
1466 3299 1746 3368 posteros,
1788 3299 1932 3368 puta
1971 3290 2342 3349 aedificiorum
2383 3291 2623 3366 eversio,
2667 3308 2975 3349 munerum

578 3366 844 3443 privatio,
874 3365 1042 3425 famae
1060 3369 1305 3445 jactura,
1336 3378 1396 3428 et
1421 3369 1535 3428 alia
1562 3370 1876 3447 ejusmodi3
1924 3370 2032 3444 Ita,
2063 3376 2130 3427 111
2156 3368 2302 3426 nihil
2327 3368 2770 3443 consideremus,
2801 3384 2976 3445 poena

579 3446 750 3523 primi
775 3446 1025 3505 heminis
1051 3456 1287 3526 propter
1304 3456 1609 3541 peecatum
1639 3467 1808 3507 suum
1849 3447 2085 3505 extendi
2125 3446 2327 3505 debuit
2365 3464 2550 3523 usque
2596 3446 2672 3504 ad
2709 3456 2974 3523 posteros

580 3526 709 3602 ejus
734 3525 797 3583 in
823 3526 1202 3603 complurium
1242 3526 1599 3586 miseriarum
1640 3546 1769 3585 eam
1811 3524 2281 3601 consequentium
2323 3527 2553 3583 sensu.”
2637 3526 2716 3583 Et
2753 3525 2856 3582 lib.
2899 3524 2974 3581 de

579 3604 759 3663 Justi.
790 3613 970 3663 contr.
1002 3604 1275 3665 Milleter.
1305 3625 1355 3663 c.
1384 3605 1467 3664 iii.
1500 3608 1535 3639 ‘⁶
1566 3605 1662 3663 Ex
1689 3605 1818 3679 eo,’'
1848 3604 2052 3680 inquit,
2086 3604 2122 3636 “
2151 3603 2368 3662 clarum
2409 3622 2536 3661 esse
2575 3610 2783 3678 potest,
2827 3622 2970 3678 quo-

579 3682 751 3741 medo
779 3682 1101 3760 Apostolus
1126 3684 1416 3760 intelligat
1444 3683 1764 3742 doctrinam
1799 3680 2246 3759 justificationis,
2289 3700 2494 3758 nempe
2535 3680 2691 3759 quod
2730 3689 2797 3738 ut
2837 3698 2971 3738 con-

580 3761 871 3820 demnatio
899 3779 1015 3837 11118
1042 3762 1490 3819 condemnamur
1514 3764 1576 3819 in
1598 3761 1846 3835 Adamo,
1875 3778 1995 3817 nen
2023 3760 2069 3817 si
2074 3758 2310 3836 gnificat
2329 3760 2665 3836 qualitatem
2693 3760 2973 3817 inhaeren·

582 3849 716 3912 tem,
748 3839 851 3896 sed
876 3838 975 3896 vel
1004 3838 1415 3916 obligationem
1442 3840 1517 3898 ad
1543 3858 1791 3917 poenam,
1821 3837 1920 3897 vel
1947 3836 2318 3913 obligationis
2344 3838 2502 3895 illius
2530 3837 2972 3897 declarationem

580 3937 616 3974 a
655 3922 939 3992 potestate
981 3917 1297 3993 superiori;
1363 3918 1457 3976 Ita
1507 3917 1737 3993 justitia
1776 3936 1893 3993 qua
1924 3916 2310 3991 justificamur
2348 3915 2410 3973 in
2451 3916 2696 3991 Christe,
2741 3934 2856 3973 non
2900 3915 2977 3972 sit

580 3993 755 4052 etiam
782 3994 1031 4068 qualitas
1056 3994 1359 4069 inhaerens,
1390 3994 1495 4055 sed
1520 3995 1618 4053 vel
1649 3996 1750 4070 jus
1780 3992 2106 4052 obtinendas
2145 3994 2208 4052 in
2240 3993 2463 4070 judicio
2503 3992 2702 4052 divino
2745 3992 2974 4052 absolu-

579 4070 772 4145 tionis,
802 4070 899 4129 vel
927 4072 1215 4131 absolutio
1244 4074 1369 4149 ipsa
1396 4093 1431 4131 a
1474 4073 1520 4130 J
1520 4072 1747 4147 udice,'’
1795 4070 1955 4147 quod
1997 4072 2210 4131 elarius
2256 4072 2446 4131 adhuc
2493 4073 2555 4129 in
2603 4071 2975 4149 sequentibus

579 4148 803 4226 probat.
888 4148 984 4206 Ita
1011 4149 1295 4209 Celeberr.
1324 4151 1734 4225 Mestrezatius,
1763 4150 1865 4209 lib.
1910 4149 1982 4209 de
2025 4151 2325 4209 Commun.
2368 4170 2499 4208 cum
2529 4151 2774 4225 Christe,
2819 4170 2868 4207 e.
2909 4148 2974 4205 ii.

584 4230 622 4261 ‘⁴
649 4226 695 4287 J
695 4225 895 4285 ustitia
924 4226 1037 4284 Dei
1064 4246 1179 4286 non
1205 4226 1487 4304 potuisset
1512 4228 1682 4288 nobis
1709 4230 1994 4307 imputare
2020 4238 2320 4306 peccatum
2343 4228 2559 4287 Adami
2584 4230 2696 4287 nisi
2723 4229 2784 4286 in
2813 4226 2971 4285 Ada-

581 4324 677 4363 mo
704 4304 1028 4380 fuissemus,
1060 4314 1118 4365 et
1144 4306 1309 4382 quasi
1338 4306 1399 4364 in
1424 4307 1638 4366 lumbis
1667 4309 1812 4385 ejus,
1843 4307 2137 4367 Adamum
2159 4308 2382 4366 scilicet
2407 4306 2824 4366 considerando
2849 4314 2976 4363 tan-

582 4402 757 4477 quam
783 4384 1135 4461 posteritatis
1164 4404 1283 4443 suae
1310 4388 1540 4463 eaput.”
1626 4387 1706 4446 Et
1731 4388 1833 4465 lib.
1863 4387 1935 4445 de
1965 4406 2086 4463 gra.
2117 4394 2298 4445 contr.
2343 4385 2615 4444 Milleter.
2662 4388 2699 4420 “
2729 4386 2977 4459 Corrup-

582 4472 667 4521 110
694 4463 958 4541 quaedam
986 4462 1204 4521 Adami
1230 4466 1437 4524 transit
1463 4466 1525 4523 in
1550 4484 1658 4523 nes
1686 4465 1918 4525 realiter
1943 4473 2004 4522 et
2029 4465 2198 4524 nobis
2224 4465 2481 4539 inhaeret,
2529 4463 2632 4522 8011
2659 4463 2790 4521 dieo
2831 4482 2976 4539 prae-

582 4542 785 4600 cedere
812 4551 1003 4602 actum
1044 4542 1437 4619 imputationis
1478 4543 1882 4603 inobedientias
1923 4544 2120 4619 ipsius,
2167 4542 2410 4620 ideoque
2453 4541 2874 4619 corruptionem
2915 4540 2976 4597 in

3171 355 3193 451 l
