3300 5225
342 290 569 341 cursem.
600 270 720 353 ιιι]
1215 292 1295 333 nn
1321 292 1728 334 novimum
1757 293 1878 335 nm.
2645 283 2761 339 44⁷

426 432 551 495 ΙΙΙ.
598 432 890 509 Secundo,
920 430 1073 508 Quin
1114 431 1414 512 Scriptura
1452 432 1772 493 clarissime
1809 434 1922 494 hoc
1962 434 2227 514 adstruit,
2257 444 2382 497 tum
2424 438 2488 496 in
2528 446 2759 516 genere,

343 520 469 573 tum
494 512 559 573 in
584 512 795 592 specie.
876 514 953 571 In
972 532 1177 589 genere
1202 512 1265 571 in
1302 513 1379 573 iis
1415 512 1579 590 locis,
1609 534 1742 591 quae
1769 514 1898 573 Deo
1925 516 2182 575 omnium
2209 536 2407 577 curam
2449 526 2512 577 et
2549 518 2761 595 guber-

342 592 639 651 nationem
664 591 981 668 vindicant,
1012 593 1068 651 N
1070 594 1255 653 ehem.
1282 593 1366 651 ix.
1395 595 1451 669 6,
1484 594 1523 625 ‘⁴
1549 594 1641 655 Tu
1677 594 1778 653 ine
1808 595 2094 655 Dominus
2121 596 2282 657 solus
2321 616 2402 674 es,
2432 596 2536 675 qui
2573 595 2766 657 fecisti

344 672 525 733 coelos
551 671 845 750 coelorum,
875 680 937 734 et
960 692 1191 733 omnem
1217 672 1539 733 exercitum
1564 692 1780 751 eorum,
1810 680 1872 735 et
1909 682 2139 753 terram,
2170 684 2234 736 et
2255 676 2536 755 quicquid
2581 677 2646 735 in
2673 696 2759 755 ea,

344 752 438 813 Tu
464 772 777 813 conservas
800 754 929 813 haec
964 754 1215 829 omnia,''
1246 752 1384 813 Act.
1412 752 1577 829 xvii,
1609 755 1647 787 ‘⁸
1677 754 1814 833 Ipse
1855 755 1956 815 dat
1995 755 2263 816 omnibus
2288 756 2488 833 vitam,
2518 757 2764 816 halitum

344 840 405 893 et
432 832 641 909 omnia,
669 852 809 891 nam
845 834 909 893 in
946 832 1075 911 ipso
1100 833 1373 910 vivimm,
1402 850 1720 910 movemur,
1749 844 1810 895 et
1849 838 2106 914 sumus,'’
2138 836 2323 896 Hebr.
2351 837 2389 897 i.
2420 840 2476 913 8,
2510 838 2546 871 “
2577 836 2764 897 Susti-

344 920 445 972 net
472 913 667 973 omnia
692 913 893 973 Verbo
916 913 1200 991 potenti,”
1232 912 1331 972 Ps.
1360 912 1519 971 cxlv‚
1551 914 1644 989 15,
1670 916 1763 990 16,
1795 917 1833 948 “
1855 916 2025 976 Oculi
2051 916 2309 977 omnium
2335 916 2398 975 in
2424 924 2484 976 te
2511 924 2761 994 sperant,

343 999 404 1053 et
430 1000 497 1054 tu
523 991 629 1052 das
654 992 799 1071 ipsis
825 993 1021 1053 cibum
1046 1012 1215 1053 suum
1242 992 1305 1051 in
1330 999 1589 1070 tempore
1616 1012 1740 1070 suo,
1763 995 2026 1072 aperiens
2051 1016 2258 1057 manus
2283 1004 2432 1073 tuas,
2461 1003 2524 1056 et
2548 997 2767 1055 satians

348 1092 520 1131 omne
546 1073 755 1133 vivens
781 1073 1245 1149 benevolentia,”
1275 1080 1335 1131 et
1362 1072 1446 1131 sic
1472 1072 1790 1133 innumeris
1815 1073 1876 1131 in
1903 1074 2066 1135 locis.

480 1205 493 1219 ,
646 1207 659 1219 ‚
956 1153 1068 1213 IV.
1109 1155 1185 1212 In
1210 1152 1389 1229 specie
1413 1151 1489 1211 iis
1514 1152 1676 1229 locis,
1707 1169 1838 1231 quse
1865 1174 2065 1215 omnes
2091 1174 2282 1215 rerum
2312 1154 2551 1234 species,
2581 1163 2641 1215 et
2667 1174 2767 1215 eas

407 1206 575 1253 Euam
591 1208 807 1253 mmm..
874 1233 1255 1310 potissimum,
1300 1250 1430 1309 quae
1473 1232 1537 1290 in
1583 1234 2038 1294 controversiam
2084 1234 2345 1309 veniunt,
2399 1234 2514 1293 Dei
2561 1234 2766 1293 Provi-

348 1311 561 1371 dentiae
588 1311 937 1391 subjiciunt3
982 1312 1078 1370 Ita
1102 1332 1195 1371 res
1218 1310 1463 1371 nansnoe
1488 1330 1607 1370 non
1645 1312 1840 1372 minus
1879 1334 1948 1373 ac
1987 1314 2258 1374 maximae
2285 1314 2359 1372 ab
2385 1312 2488 1372 illo
2515 1313 2769 1391 pendere

350 1391 638 1452 dicuntur.
722 1390 877 1467 Quid
902 1391 1082 1451 vilius
1116 1391 1254 1469 pilis
1296 1392 1498 1468 capitis
1512 1392 1545 1450 ‚²
1582 1399 1643 1450 et
1685 1400 1882 1452 temen
1907 1414 2096 1453 omnes
2122 1394 2395 1453 dicuntur
2419 1394 2707 1453 numerati
2727 1412 2770 1452 a

348 1473 495 1547 Deo,
528 1472 673 1531 Luc.
700 1472 804 1531 xii.
834 1475 891 1529 7.
935 1469 1091 1547 Quid
1125 1470 1317 1531 levius
1357 1470 1706 1548 passerculis
1719 1475 1750 1531 ?
1789 1474 1985 1533 nullus
2027 1482 2224 1534 temen
2264 1492 2464 1533 eorum
2507 1473 2666 1533 cadit
2706 1472 2770 1532 in

347 1559 563 1611 terram
588 1552 713 1611 sine
740 1550 1042 1611 voluntate
1070 1550 1263 1609 Patris
1302 1550 1573 1627 coelesfis,
1618 1550 1792 1611 Matt.
1820 1572 1880 1612 x.
1911 1554 2008 1628 29,
2039 1554 2139 1631 qui
2180 1570 2322 1611 sves
2347 1572 2548 1613 omnes
2573 1551 2768 1630 provi-

348 1629 548 1691 dentia
590 1650 697 1691 sua
736 1630 937 1708 nutrit,
970 1630 1143 1691 Mett.
1170 1630 1253 1689 vi.
1282 1632 1379 1706 26,
1409 1637 1470 1689 et
1494 1630 1673 1707 pullis
1713 1650 2018 1693 corvorum
2047 1632 2148 1692 dat
2174 1652 2383 1709 escam,
2426 1632 2524 1691 Ps.
2568 1631 2770 1691 cxlvii.

352 1712 410 1769 9.
495 1710 651 1785 Quid
687 1710 929 1769 minoris
968 1710 1247 1770 momenti
1283 1708 1499 1786 herbis,
1530 1718 1591 1770 et
1628 1709 1872 1771 floribus
1897 1713 2024 1791 agri
2041 1714 2072 1772 Ρ
2152 1710 2234 1772 Et
2259 1732 2360 1771 eos
2387 1719 2580 1771 tamen
2608 1713 2774 1772 Deus

353 1789 549 1865 vestit,
579 1798 637 1848 et
674 1808 987 1867 augescere
1014 1789 1168 1866 facit,
1212 1789 1385 1849 Mstt.
1414 1789 1495 1848 vi.
1524 1792 1621 1866 28,
1653 1792 1751 1851 30.
1795 1791 1950 1867 Quid
1975 1790 2277 1871 pediculis,
2305 1792 2482 1868 ranis,
2511 1790 2772 1868 locustis,

354 1868 703 1944 vermiculis,
723 1868 1061 1947 caeterisque
1086 1868 1325 1929 insectis
1350 1867 1632 1947 abjectius
1646 1872 1678 1928 1³
1718 1871 1868 1931 Haec
1885 1880 2080 1933 tamen
2099 1872 2262 1932 Deus
2281 1871 2536 1932 excitare
2564 1871 2777 1931 dicitur

353 1947 431 2007 ad
458 1948 857 2007 executionem
892 1947 1247 2026 judiciorum
1287 1967 1539 2024 suorum,
1571 1949 1765 2009 Exod.
1793 1950 1918 2011 viii.
1953 1955 2044 2027 16,
2081 1954 2174 2026 17,
2204 1960 2265 2011 et
2303 1971 2365 2011 x.
2399 1954 2492 2028 12,
2521 1950 2640 2011 imo
2665 1967 2774 2011 vo-

352 2034 559 2087 cantur
585 2027 863 2087 exercitus
886 2031 1007 2105 ejus
1029 2030 1303 2103 robustam,
1317 2028 1543 2103 faciem
1568 2030 1796 2088 verbum
1822 2034 1958 2107 qius,
1987 2030 2032 2091 J
2035 2030 2145 2090 oel.
2173 2031 2234 2089 ii.
2269 2033 2364 2089 11.

438 2108 516 2167 V.
560 2106 841 2181 Quamvis
869 2107 983 2166 Dei
1022 2105 1397 2167 Providentia
1422 2116 1686 2167 versetur
1727 2108 1880 2168 circa
1919 2118 2211 2169 creaturas
2249 2108 2562 2169 rationales
2598 2108 2777 2185 longe

356 2186 639 2247 illustrius
684 2196 745 2246 et
791 2185 1113 2263 efficacius3
1168 2186 1301 2245 Non
1344 2194 1647 2264 propterea
1695 2188 2084 2249 subducendas
2131 2196 2266 2249 sunt
2313 2196 2536 2247 caeterae
2579 2207 2618 2246 a
2663 2188 2778 2247 Dei

360 2266 756 2341 Providentia,
800 2284 932 2325 cum
975 2266 1054 2324 sd
1087 2273 1369 2351 ‘utrasque
1408 2266 1773 2345 extendatur,
1821 2269 1917 2327 Ps.
1947 2266 2156 2349 xxxvi.
2188 2272 2242 2344 6,
2273 2276 2335 2328 et
2361 2268 2518 2327 cxlv.
2552 2270 2646 2345 15,
2681 2270 2776 2327 16.

360 2346 484 2405 Nec
512 2345 671 2423 quod
698 2345 932 2421 Paulus,
969 2348 999 2403 1
1032 2346 1164 2405 Gor.
1193 2344 1277 2404 ix.
1306 2346 1364 2421 9,
1394 2346 1552 2405 boves
1592 2366 1746 2405 curce
1785 2368 1898 2407 non
1925 2368 2040 2407 cese
2065 2350 2212 2424 Deo,
2243 2347 2402 2423 dicit,
2434 2346 2778 2425 simpliciter

358 2434 420 2484 et
444 2424 709 2486 absolute
737 2432 827 2485 est
851 2424 1312 2503 intelligendum,
1343 2424 1481 2501 quia
1520 2434 1581 2485 et
1621 2427 1806 2486 boves
1846 2446 1999 2486 curse
2042 2435 2179 2487 sunt
2207 2428 2352 2503 Dee,
2382 2426 2484 2505 qui
2511 2445 2612 2487 eos
2639 2446 2775 2487 con·

360 2512 557 2565 servat
582 2512 643 2565 et
667 2504 866 2581 nutrit,
891 2504 1047 2563 Psal.
1070 2505 1280 2565 xxxvi.
1303 2506 1359 2580 6,
1385 2505 1491 2563 sed
1515 2513 1739 2566 tantum
1769 2506 2084 2567 secundum
2113 2506 2270 2585 quid,
2290 2515 2358 2567 ut
2382 2507 2590 2566 doceat
2613 2526 2777 2565 man-

360 2584 560 2645 datum
587 2583 661 2644 ile
686 2604 806 2645 non
832 2583 1147 2664 obligando
1188 2602 1287 2644 ore
1326 2583 1497 2645 bovis
1522 2583 1861 2663 triturantis,
1891 2594 2150 2670 spech
2177 2587 2539 2667 potissimum
2569 2586 2776 2646 Minis-

358 2673 481 2726 tros
510 2665 837 2743 Evangelii,
868 2674 927 2725 et
962 2665 1023 2724 in
1051 2684 1249 2725 eorum
1294 2665 1539 2743 gratiam
1580 2665 1780 2726 datum
1821 2687 1966 2744 esse,
1997 2676 2064 2727 ut
2101 2668 2289 2727 sciant
2327 2668 2606 2743 homines,
2637 2667 2780 2746 quid

360 2745 453 2804 sui
492 2745 572 2805 sit
598 2745 771 2804 officii
809 2765 949 2823 erga
988 2765 1089 2804 eos
1116 2763 1363 2822 quorum
1401 2752 1643 2804 utuntur
1686 2765 1862 2824 opera
1903 2747 1966 2806 in
2007 2747 2342 2823 ministeriO,
2373 2755 2714 2824 argumento
2742 2767 2780 2806 a

360 2825 571 2884 minori
597 2824 674 2884 sd
698 2825 922 2903 majus3
972 2825 1036 2884 Si
1064 2825 1229 2884 Deus
1252 2825 1467 2884 bovem
1493 2825 1623 2918 vult
1648 2825 1851 2920 vivere
1876 2845 1952 2886 ex
1991 2826 2192 2886 labore
2221 2847 2342 2903 suo,
2375 2826 2558 2886 multo
2584 2825 2775 2904 magis

360 2913 722 3044 ῗὲἒέἐῗιξέἒ
744 2903 1246 3062 ἐὲξιὲἑῗὲῗέιὲἷ.
1267 2905 1820 3064 Ἑῗέῖἕῗέἶέζέἓ
1833 2906 2524 3064 ἑῖῗᾷᾝξὲῗςίἷωῖ
2532 2914 2778 3045 ἕέῗξὲζ

360 3064 637 3139 videntia,
668 3072 733 3123 ut
758 3065 940 3123 boves
966 3064 1055 3122 illi
1081 3065 1383 3139 subducat,
1407 3083 1581 3142 quam
1608 3066 1684 3125 de
1707 3065 2089 3144 legislatione,
2120 3086 2250 3143 quse
2278 3085 2395 3125 non
2421 3074 2540 3125 tam
2566 3064 2780 3124 bestia·

362 3161 695 3281 rumbcausa
720 3143 985 3202 instituta
1010 3143 1137 3219 fuit,
1166 3162 1342 3221 quam
1368 3144 1684 3223 hominum,
1715 3166 1960 3224 quorum
1989 3147 2244 3206 solorum
2271 3145 2622 3206 institutioni
2647 3143 2776 3204 des-

360 3222 485 3282 tina
526 3229 673 3281 atur.

445 3301 558 3361 VI.
602 3301 765 3360 Deus
791 3300 875 3360 ita
900 3309 991 3360 est
1015 3319 1263 3378 magnus
1303 3300 1368 3359 in
1406 3301 1654 3378 magnis,
1684 3311 1752 3362 ut
1789 3305 1978 3364 minor
2016 3325 2136 3364 non
2177 3303 2255 3363 sit
2292 3305 2354 3362 in
2380 3302 2610 3382 parvis3
2655 3303 2783 3363 Nec

364 3381 450 3440 ita
473 3388 689 3440 terram
714 3379 949 3440 dedisse
972 3379 1185 3438 dicitur
1208 3379 1347 3438 filiis
1372 3379 1690 3457 hominum,
1723 3383 1820 3442 Ps.
1849 3403 1984 3442 cxv.
2019 3386 2112 3459 16,
2143 3383 2286 3461 quin
2311 3403 2386 3442 ex
2415 3383 2577 3442 coelis
2605 3383 2778 3442 coelo-

364 3478 493 3520 rum
522 3479 651 3518 eam
675 3460 947 3538 respiciat
988 3478 1229 3537 semper,
1260 3466 1321 3518 et
1362 3457 1425 3518 in
1464 3479 1605 3519 cura
1647 3480 1754 3520 sua
1794 3463 2080 3522 retineat:
2121 3462 2234 3521 hoc
2263 3462 2484 3521 scilicet
2511 3461 2622 3521 sibi
2649 3463 2781 3521 vult

367 3540 611 3615 Psaltes,
634 3540 825 3599 Deum
853 3539 1040 3617 gloria
1066 3558 1173 3598 sua
1198 3546 1550 3614 contentum,
1572 3539 1895 3600 inhabitare
1923 3541 2118 3616 coelos,
2143 3549 2202 3600 et
2229 3560 2346 3599 non
2374 3559 2519 3618 opus
2545 3539 2778 3614 habere,

365 3627 435 3680 ut
460 3627 627 3678 extra
652 3639 717 3679 se
743 3619 1053 3697 quicquam
1079 3624 1317 3695 quaerat,
1349 3619 1453 3678 sed
1492 3627 1706 3678 terram
1731 3619 1794 3678 in
1818 3639 1990 3679 usum
2015 3620 2316 3679 hominum
2343 3619 2688 3694 condidisse,
2719 3628 2780 3679 et

364 3699 750 3776 locupletasse
776 3699 945 3758 bonis
972 3697 1258 3773 omnibus,
1276 3716 1351 3757 ne
1370 3697 1515 3776 quid
1537 3697 1683 3776 ipsis
1709 3699 1975 3778 deesset3
2005 3700 2184 3759 coelos
2211 3719 2351 3776 ergo
2379 3698 2492 3758 sibi
2519 3717 2784 3757 servasse

366 3778 579 3840 dicitur
602 3779 665 3838 in
692 3777 891 3838 sedem
917 3778 1137 3856 gloriae,
1164 3785 1225 3837 et
1252 3778 1564 3837 sacrarium
1592 3778 1939 3857 Mejestatis,
1969 3787 2030 3838 et
2067 3787 2280 3839 terram
2323 3777 2554 3839 dedisse
2594 3778 2779 3838 homi-

364 3859 555 3936 nibus,
584 3878 703 3918 non
729 3858 806 3917 ad
832 3877 1121 3918 summum
1148 3857 1453 3917 dominium
1480 3863 1540 3918 et
1577 3858 1904 3920 absolutam
1943 3865 2304 3937 potestatem,
2335 3858 2442 3919 sed
2465 3865 2692 3918 tantum
2718 3857 2782 3916 in

364 3959 543 4014 muna,
566 3937 958 4016 dependenter
982 3959 1019 3997 a
1046 3937 1423 3997 Providentia
1448 3957 1573 3998 sua.

448 4018 595 4078 VII.
643 4018 710 4078 Si
732 4037 851 4078 non
876 4018 987 4077 fuit
1026 4017 1333 4095 indignum
1360 4017 1672 4096 Majestate
1699 4017 1814 4077 Dei
1851 4037 1946 4078 res
1985 4018 2160 4078 etiam
2185 4017 2500 4078 vilissimas
2527 4025 2588 4077 et
2611 4017 2779 4076 mini·

366 4117 493 4157 mas
522 4097 786 4174 condere,
815 4099 956 4176 quia
980 4097 1269 4156 faciebant
1294 4096 1370 4156 ad
1396 4099 1674 4176 majorem
1709 4098 2006 4175 sapientise
2045 4099 2174 4176 ejus
2214 4097 2782 4173 demonstrationem,

368 4185 429 4238 et
466 4177 875 4256 perfectionem
905 4177 1183 4239 Universi
1221 4176 1283 4234 in
1321 4185 1486 4236 tanta
1528 4185 1917 4238 creaturarum
1956 4179 2274 4256 varietate;
2320 4178 2438 4238 Cur
2476 4177 2783 4255 indignum

370 4265 526 4318 esset
552 4258 681 4336 ejus
708 4257 895 4336 gloria
921 4276 1021 4317 ess
1048 4275 1393 4316 conservare
1408 4260 1439 4316 P
1520 4257 1607 4318 Ut
1631 4257 1784 4317 infra
1809 4257 2052 4335 gloriam
2085 4259 2238 4318 Solis
2263 4277 2382 4317 non
2409 4265 2500 4318 est
2523 4255 2654 4316 loca
2681 4257 2782 4316 ab-

360 4336 699 4416 jectissims,
728 4338 846 4396 imo
873 4345 935 4398 et
974 4356 1183 4416 spurca
1221 4344 1283 4396 et
1320 4335 1524 4396 foetida
1562 4336 1743 4398 radiis
1785 4338 1906 4398 suis
1948 4338 2254 4415 illustrare,
2285 4338 2427 4416 quin
2451 4337 2646 4416 potius
2672 4337 2784 4395 hoc

312 4446 317 4452 ·
367 4425 539 4496 pacto
566 4425 919 4478 monstratur
943 4415 1265 4495 amplitudo
1292 4415 1616 4512 splendoris
1642 4416 1790 4477 e‘us.
1874 4416 1998 4476 Nec
2038 4417 2346 4478 dicendum
2375 4437 2506 4476 cum
2538 4417 2786 4478 Gor-vino

376 4497 569 4557 Deum
594 4496 835 4557 minima
858 4516 977 4556 non
1003 4515 1221 4572 curare,
1243 4516 1383 4575 quie
1405 4497 1519 4556 hoc
1560 4516 1601 4555 n
1687 4517 1782 4557 am
1824 4497 2104 4558 rationem
2144 4497 2422 4558 bonitatis
2449 4506 2510 4556 et
2541 4495 2786 4574 justitiae

378 4577 573 4656 hebet,
602 4576 889 4656 siquidem
914 4577 1033 4639 dici
1056 4596 1175 4638 non
1201 4584 1393 4656 potest
1418 4595 1495 4638 ex
1534 4576 1789 4638 minimis
1827 4585 2216 4639 creatura-um
2256 4577 2578 4638 elucescere
2618 4593 2790 4654 posse
