3300 5225
367 371 586 421 Qumsr.
619 350 755 432 vm]
1321 374 1399 415 ns
1428 374 1772 417 sommum.
2695 357 2772 417 89

369 531 486 571 non
528 511 791 588 sequitur
832 528 934 570 eos
982 510 1161 571 stiisse
1204 512 1564 591 Canonicos;
1626 522 1940 592 potuerunt
1981 514 2136 574 enim
2182 514 2436 573 humana
2475 512 2778 592 diligentia

367 591 651 667 adornari,
676 589 755 650 sd
772 589 1099 651 testandam
1115 591 1493 669 multiplicem
1514 613 1631 671 qua
1657 594 1971 655 instructus
1997 602 2123 653 erat
2148 612 2341 653 rerum
2367 593 2776 671 cognitionem,

365 690 485 729 non
508 690 651 729 vero
679 670 741 728 in
768 678 1173 747 argumentum
1200 671 1413 731 divinae
1438 681 1501 733 et
1518 673 1972 751 supernaturalis
1997 671 2408 751 inspirationis.

445 750 594 809 VII.
638 749 803 809 Libri
828 750 933 827 qui
958 749 1229 809 dicuntur
1253 752 1508 827 periisse,
1540 753 1658 813 Vel
1683 772 1802 813 non
1829 761 1964 811 sunt
1989 753 2163 813 Sam-i
2185 760 2246 813 et
2275 751 2564 827 Ganomci,
2587 751 2777 829 qualis

364 827 474 889 fuit
515 830 653 889 liber
692 830 963 888 belbrum
986 830 1217 890 Jehovoe
1242 830 1317 889 de
1344 850 1459 907 quo
1488 832 1662 893 Num.
1692 834 1816 892 xxi.
1851 836 1966 908 143
2008 833 2138 893 Jos.
2168 852 2229 891 x.
2263 834 2372 907 153
2416 832 2588 891 Liber
2602 832 2776 906 Justi,

364 912 401 969 2
436 908 588 967 Sam.
618 908 657 968 i.
692 911 801 983 143
848 909 1134 969 Clu-onim
1170 912 1395 985 Regum
1432 913 1608 971 Judae
1647 921 1703 973 et
1739 913 1992 986 Ιεναόίίε,
2042 916 2072 969 1
2105 912 2254 988 Reg.
2298 912 2420 969 xiv.
2455 913 2549 987 19,
2579 913 2676 985 20,
2718 918 2779 971 et

366 1007 467 1046 xv.
498 991 533 1045 7
558 1010 575 1063 ;
624 988 727 1065 qui
762 1006 881 1047 uon
908 988 1227 1049 doctrinam
1258 989 1599 1067 Religionis,
1644 991 1750 1049 sed
1789 991 1887 1049 vel
1927 990 2190 1051 Annales
2239 990 2533 1066 Politicos,
2563 990 2776 1067 quibus

366 1068 1767 1213 22⁸ngthssss⁶¹2‘11‘-“.1“m.0.33.”{{;z¹32?3323;.132
1792 1070 2058 1208 {ibffi
2077 1070 2374 1208 3⁰3⁰&
2412 1069 2778 1209 ΞΞἪἭ

365 1224 501 1285 libri
540 1227 643 1302 qui
680 1166 949 1285 dicunltur
988 1226 1245 1305 periisse,
1290 1168 1483 1287 adfluo
1524 1236 1730 1288 extant
1767 1169 1936 1287 ’subp
1949 1227 2080 1289 aliis
2139 1170 2498 1303 nominigssusJ
2530 1192 2617 1289 ut·
2645 1228 2779 1287 libri

366 1306 651 1364 Nathanis
698 1312 758 1363 et
798 1305 983 1365 Gadis
1023 1306 1097 1365 de
1138 1306 1365 1383 quibus,
1401 1310 1433 1367 l
1466 1308 1676 1367 Chron.
1724 1306 1892 1366 xxix.
1941 1309 2061 1383 293
2106 1308 2186 1366 Et
2210 1308 2504 1383 Jehdom'e,
2531 1310 2570 1367 2
2603 1307 2774 1367 Chro.

364 1384 447 1443 ix.
497 1386 613 1459 293
656 1386 894 1461 Senmjoe
933 1394 993 1444 et
1018 1386 1305 1445 Hiddomk
1352 1407 1403 1446 c.
1432 1386 1535 1447 xii.
1568 1388 1662 1462 15,
1709 1406 1856 1463 quos
1903 1394 2124 1463 partem
2163 1386 2442 1445 librorum
2489 1385 2776 1446 Samuelis

364 1470 423 1521 et
472 1463 701 1540 Regum
750 1464 955 1538 facere,
1006 1472 1067 1525 et
1111 1466 1155 1526 J
1156 1465 1311 1525 udaei
1338 1464 1561 1542 docent,
1592 1474 1653 1526 et
1683 1466 1886 1527 Patres
1911 1465 2150 1543 quidam
2174 1473 2394 1541 notant,
2439 1474 2500 1525 et
2525 1465 2674 1523 varii
2699 1482 2776 1525 ex

364 1542 685 1602 Pontificiis
738 1562 855 1603 non
902 1544 1133 1603 obscuri
1186 1544 1453 1621 nominis,
1498 1554 1564 1605 ut
1616 1546 1814 1605 Suam
1865 1545 2140 1622 Senensis,
2183 1546 2403 1605 Paulus
2441 1544 2772 1621 Burqensa's,

363 1625 550 1682 Ludo.
578 1626 649 1682 de
678 1624 849 1699 Tema,
880 1624 1159 1699 Sanctia,
1190 1632 1250 1684 et
1278 1625 1381 1685 alii
1406 1625 1675 1685 fatentur.

442 1702 627 1761 VIII.
670 1704 842 1761 Liber
866 1705 1099 1763 Jehovae
1126 1704 1199 1763 de
1226 1724 1341 1781 quo
1372 1704 1489 1766 Isa.
1518 1704 1726 1764 xxxiv.
1762 1708 1854 1781 16,
1897 1723 2016 1765 non
2056 1702 2205 1763 alius
2245 1711 2336 1763 est
2375 1702 2450 1763 ab
2477 1701 2604 1782 ipsa
2633 1702 2772 1763 Pro-

364 1780 563 1857 phetia
588 1801 763 1859 quam
791 1782 1078 1842 scribebat
1104 1784 1336 1842 nomine
1365 1784 1619 1860 Domini,
1671 1793 1730 1844 et
1756 1803 1928 1862 quem
1955 1792 2261 1862 propterea
2283 1783 2496 1842 librum
2524 1782 2568 1843 J
2571 1782 2774 1845 ehovae

362 1869 552 1919 vocat.
635 1861 809 1920 Liber
846 1863 1341 1921 Lamentationum
1384 1865 1653 1922 Jeremiae
1700 1884 1874 1941 super
1919 1873 2104 1923 morte
2153 1862 2336 1939 Regis
2377 1862 2422 1923 J
2423 1862 2562 1921 osiae
2603 1860 2774 1939 cujus

361 1940 579 1998 mentio
606 1938 689 2013 fit,
721 1944 757 1997 2
790 1940 977 1999 Paral.
1008 1962 1194 2000 xxxv.
1225 1944 1321 2015 25,
1352 1943 1668 2001 etiamnum
1693 1943 1756 2001 in
1783 1942 2030 2001 Threnis
2054 1942 2286 2018 legitur.

446 2018 567 2075 IX.
613 2018 745 2075 Non
772 2017 983 2078 dicitur
1025 2020 1245 2079 Coloss.
1276 2019 1355 2079 iv.
1391 2024 1481 2096 16,
1524 2022 1704 2079 ullam
1747 2022 1924 2091 fuisse
1953 2021 2277 2097 Epistolam
2308 2020 2477 2079 Pauli
2504 2020 2580 2079 ad
2621 2020 2769 2078 Lao-

364 2096 645 2171 dicenses,
690 2097 827 2172 quia
852 2099 1063 2175 ‘agitur
1104 2098 1179 2157 de
1223 2098 1467 2174 epistola
1494 2101 1542 2157 in.
1571 2096 1861 2164 Λιοδικιίας
1889 2119 2008 2158 non
2031 2105 2150 2179 “23⁶
2178 2096 2484 2167 Λαοδικίαν,
2513 2118 2642 2175 quae
2668 2119 2798 2178 pos

364 2182 513 2234 terat
541 2194 668 2233 esse
694 2176 962 2252 Epistola
988 2196 1025 2236 a
1052 2176 1507 2239 Laodicensibus
1548 2178 1624 2235 ad
1665 2179 1913 2237 Paulum
1941 2179 2170 2255 scripta,
2213 2180 2276 2237 in
2300 2197 2434 2255 qus,
2463 2178 2602 2255 quia
2628 2198 2770 2235 non-

364 2253 528 2311 nulla
554 2261 717 2312 erant
742 2273 873 2331 quae
901 2255 1046 2314 scire
1094 2256 1397 2315 interesset
1446 2257 1884 2333 Collosensium,
1938 2256 2155 2315 Paulus
2200 2257 2332 2315 vult
2375 2276 2509 2315 eum
2549 2275 2657 2315 sua
2695 2256 2772 2315 ab

364 2332 481 2391 illis
520 2332 657 2408 legi.
744 2332 916 2393 Unde
962 2334 1147 2413 liquet
1200 2354 1375 2411 quam
1422 2335 1547 2393 siue
1599 2336 1822 2394 ratione
1876 2336 2068 2393 Faber
2119 2336 2470 2412 Stapulemis
2522 2334 2774 2394 voluerit

366 2412 689 2489 Epistolam
716 2413 793 2471 ad
820 2414 1209 2473 Laodicenses
1238 2414 1545 2475 obtrudere
1573 2414 1701 2475 orbi
1728 2415 2073 2491 Christiano,
2105 2414 2263 2493 quod
2303 2413 2654 2474 cordatiores
2693 2433 2771 2473 ex

368 2492 687 2551 Pontificiis
714 2502 1095 2569 agnoverunt.

444 2570 529 2631 X.
571 2573 747 2632 Judoe
776 2576 867 2649 14,
912 2592 1031 2632 non
1076 2573 1143 2634 fit
1189 2571 1407 2634 mentio
1450 2574 1614 2633 Libri
1656 2574 1898 2649 Enochi‚
1942 2571 2048 2633 sed
2087 2580 2314 2634 tantum
2353 2571 2482 2650 ejus
2511 2572 2767 2650 Ptophe-

364 2652 476 2728 tiae,
508 2651 645 2728 quia
670 2652 881 2712 dicitur
906 2655 1283 2730 Prophetaeme
1310 2673 1426 2712 non
1466 2654 1798 2731 scripsisse3
1845 2653 2086 2712 Lib'rum
2127 2661 2340 2728 autem,
2386 2652 2438 2712 si
2463 2653 2595 2730 quis
2637 2653 2764 2727 fuit,

362 2731 765 2870 Ξῗέἓὲἒᾞ
772 2733 1752 2890 ἷῗέἶθᾝηῗὲἭἚεέῗΒὸῗιάιὲἓὲῗζ
1783 2741 2023 2890 *ζέᾒέ
2045 2732 2303 2890 ἕὲἑῗῖἓ
2329 2731 2772 2872 δὶηῗῖἓὲἳιῖγέῗ

592 2856 609 2886 ‚
712 2877 719 2886 Ι
2013 2855 2015 2860 ,
2743 2846 2766 2857 -

362 2899 645 2966 censetur,
678 2891 821 2950 Luc.
850 2891 1016 2952 xxiv.
1040 2897 1136 2952 2⁷.
1222 2892 1485 2970 Apparet
1510 2893 1748 2970 quidem
1775 2913 1852 2952 ex
1892 2892 2228 2970 Augustino
2254 2891 2357 2952 lib.
2385 2911 2486 2951 xv.
2515 2890 2590 2950 de
2619 2891 2765 2950 G.D.

362 2991 411 3029 c.
448 2973 538 3045 13,
568 2971 831 3030 extitisse
857 2971 929 3030 iis
955 2972 1311 3051 temporibus
1336 2971 1549 3032 librum
1576 2971 2018 3050 Apocryphum,
2047 2971 2216 3048 eujus
2243 2970 2422 3030 index
2449 2970 2764 3030 mentieba-

360 3058 457 3109 tur
484 3050 787 3109 Enochum
834 3052 1150 3128 authorem,
1195 3052 1363 3130 cujus
1392 3053 1567 3112 etiam
1610 3052 1998 3130 fragmentum
2041 3051 2320 3112 debemus
2367 3050 2666 3127 Scaligero
2704 3050 2766 3108 in

364 3129 747 3189 animadvers
780 3131 995 3191 Euseb.
1238 3177 1247 3184 -

442 3208 565 3268 XI.
612 3208 677 3268 Si
704 3210 969 3285 quaedam
1008 3211 1083 3269 ab
1112 3210 1413 3289 Apostolis
1452 3211 1778 3272 referuntur
1815 3211 1946 3272 loca
1983 3229 2061 3269 ex
2087 3209 2224 3270 vet.
2255 3209 2412 3270 Test.
2441 3229 2576 3286 quse
2611 3228 2766 3268 nunc

362 3307 479 3345 non
516 3288 791 3364 leguntur
826 3309 1099 3366 expresse
1135 3291 1196 3349 in
1232 3292 1353 3350 ullo
1391 3290 1539 3350 libro
1570 3290 1899 3366 Canonic03
1945 3291 2077 3348 Non
2115 3289 2376 3366 sequitur
2410 3289 2624 3348 librum
2661 3288 2764 3346 ali-

361 3385 533 3444 quem
556 3367 909 3427 Canonicum
936 3369 997 3428 in
1024 3389 1141 3446 quo
1168 3369 1281 3430 ista
1306 3371 1584 3430 extabant
1610 3371 1850 3448 periisse
1875 3393 1888 3429 ε
1919 3369 2038 3444 sed,
2056 3369 2172 3428 Vel
2193 3369 2559 3429 continentur
2577 3366 2764 3445 impli-

361 3446 475 3505 cite
517 3455 575 3506 et
614 3451 754 3507 κατὰ
796 3446 1028 3519 διάνοιαν,
1056 3456 1123 3508 ut
1161 3449 1319 3527 quod
1359 3450 1529 3509 Matt.
1560 3450 1619 3510 ii.
1652 3453 1748 3526 23,
1781 3449 1990 3508 dicitur
2030 3447 2104 3508 de
2145 3449 2392 3523 Christo,
2423 3451 2766 3508 Nazarenus

358 3529 661 3603 vocabitur,
692 3529 1030 3604 desumitur,
1060 3529 1158 3587 vel
1186 3549 1261 3587 ex
1290 3528 1461 3588 Isaiae
1488 3529 1569 3587 xi.
1600 3533 1633 3586 7
1639 3574 1656 3604 ,
1681 3530 1856 3605 juxta
1881 3528 2048 3587 Hier.
2077 3527 2179 3586 ubi
2208 3527 2472 3586 Christus
2500 3525 2764 3588 surculus

359 3615 619 3681 vocatur,
648 3609 747 3665 vel
786 3627 863 3666 ex
888 3607 1033 3667 Jud.
1056 3607 1187 3666 xiii.
1217 3609 1274 3683 5,
1303 3608 1405 3667 ubi
1432 3607 1625 3684 agitur
1652 3607 1728 3666 de
1757 3608 2036 3666 Samsone
2069 3605 2286 3664 Christi
2317 3613 2476 3682 typo,
2506 3605 2610 3681 qui
2633 3606 2764 3662 Na-

360 3704 599 3742 zarenus
625 3686 745 3743 Dei
767 3686 977 3746 dicitur
1001 3685 1231 3746 futurus
1256 3687 1331 3746 ab
1357 3694 1538 3745 utero.
1624 3686 1739 3746 Vel
1767 3686 1828 3744 in
1855 3705 1924 3744 eo
1951 3684 2110 3761 quod
2135 3683 2362 3758 dicitur,
2397 3687 2428 3740 1
2461 3683 2592 3742 Cor.
2621 3701 2680 3741 v.
2703 3685 2762 3758 9,

362 3761 437 3832 de
466 3763 730 3838 Epistola
756 3785 931 3841 quam
970 3765 1047 3824 ad
1086 3766 1245 3843 ipsos
1284 3765 1607 3842 scripserat,
1653 3765 1800 3826 nihil
1839 3765 2030 3824 obstat
2055 3762 2364 3840 quominus
2391 3763 2552 3820 illam
2579 3761 2764 3840 ipsam

360 3841 753 3918 intelligamus
793 3844 1095 3921 epistolam
1122 3864 1296 3921 quam
1324 3844 1627 3920 scribebat,
1657 3845 1718 3902 in
1746 3865 1861 3922 qua
1886 3842 2059 3921 paulo
2087 3851 2220 3901 ante
2251 3843 2506 3919 jusserat
2531 3861 2760 3901 excom·

361 3921 639 3980 municari
664 3941 799 3996 eum
835 3923 936 4000 qui
964 3943 1025 3982 se
1052 3923 1273 3982 incesto
1300 3923 1714 4000 coinquinaret,
1745 3932 1811 3983 ut
1838 3924 1960 3984 Col.
1990 3923 2069 3982 iv.
2105 3925 2197 3996 16,
2221 3920 2452 3999 quaudo
2479 3924 2506 3986 ἧ
2533 3922 2762 3984 ἐπιπολὺ

360 4003 503 4059 lecta
514 4002 715 4077 finer-it,
744 4001 885 4062 nim.
914 4003 1039 4062 haec
1066 4021 1240 4080 quam
1266 4003 1560 4062 exarabat.
1644 4003 1762 4063 Vel
1800 4023 1956 4064 mere
1994 4002 2271 4063 historica
2309 4011 2464 4079 sunt,
2506 4011 2573 4061 ut
2603 4002 2764 4078 quod

358 4079 533 4140 refert
547 4081 592 4140 J
592 4081 757 4157 udas,
777 4101 835 4140 v.
856 4083 910 4158 9,
925 4083 999 4141 de
1016 4082 1384 4142 altercatione
1403 4081 1637 4142 Diaboli
1653 4103 1786 4142 cum
1803 4082 2086 4142 Michae'le
2103 4101 2276 4162 super
2295 4101 2530 4160 corpore
2553 4083 2758 4158 Musis,

357 4159 515 4236 quod
540 4162 733 4236 potuit
757 4162 970 4222 habere
998 4163 1123 4222 sive
1152 4183 1228 4222 ex
1254 4163 1577 4238 traditione,
1607 4171 1674 4222 ut
1699 4162 1934 4240 quidam
1960 4163 2182 4240 volunt,
2213 4162 2339 4222 sive
2365 4181 2442 4222 ex
2477 4163 2628 4222 libro
2655 4163 2758 4222 ali-

358 4258 473 4315 quo
502 4239 931 4320 Ecclesiastico,
956 4243 1060 4303 sed
1095 4262 1215 4302 non
1242 4244 1546 4319 CanonicO,
1578 4242 1680 4320 qui
1705 4241 1955 4320 perierit.

439 4319 595 4394 XII.
640 4320 920 4395 Quamvis
939 4323 1065 4383 fieri
1092 4325 1343 4402 potuerit
1368 4331 1435 4384 ut
1462 4322 1848 4400 Autographa
1875 4320 2054 4398 Legis
2093 4330 2154 4381 et
2181 4322 2600 4400 Prophetarum
2627 4341 2759 4400 quae

355 4399 803 4460 asservabantur
828 4401 889 4460 in
918 4402 1093 4479 Arca,
1138 4423 1269 4464 cum
1310 4423 1381 4462 ea
1405 4402 1829 4480 conflagrarint,
1860 4419 2040 4478 quum
2081 4420 2284 4460 eversa
2320 4411 2410 4462 est
2438 4402 2659 4461 Civitas
2701 4409 2760 4460 et

357 4478 655 4539 incensum
683 4481 989 4559 Templum
1016 4492 1273 4562 tempore
1301 4483 1666 4560 Captivitatis
1693 4481 2110 4560 Babylonicae3
2142 4480 2274 4540 Non
2303 4482 2563 4558 sequitur
2587 4499 2755 4558 prop-

356 4567 513 4618 terea
540 4568 677 4620 tunc
715 4561 1077 4623 intercidisse
1104 4583 1303 4623 omnes
1346 4563 1553 4622 Libros
1580 4581 1793 4636 εαυτοῦ,
1822 4561 1924 4638 qui
1961 4581 2065 4639 per
2094 4559 2338 4620 Esdram
2367 4560 2557 4618 denuo
2597 4559 2759 4616 velut

355 4658 458 4715 per
497 4639 741 4701 alterum
771 4642 999 4704 Mosem
1029 4644 1179 4704 intra
1206 4646 1285 4704 40
1313 4643 1437 4704 dies
1476 4642 1726 4703 restituti
1753 4642 2003 4717 fuerint;
2046 4640 2184 4717 quia
2223 4638 2556 4716 apographa
2582 4655 2758 4715 penes
