3300 5225
549 360 625 420 62
1491 378 1675 423 Locus
1703 378 2008 423 sacunnus
2589 357 2840 440 [quaer.
2869 380 2954 424 xv.

550 578 689 625 Auth
985 578 997 591 ,
1152 514 1332 577 XIV.
1380 520 1773 580 Testimonium
1820 520 2238 596 Prophetarum
2277 526 2332 577 ct
2367 520 2767 595 Apostolorum
2793 521 2950 581 omni

605 577 1021 695 mossssfflpssffil
1069 598 1409 693 ,exceptione
1451 601 1641 695 majus
1681 606 1787 674 est,
1817 618 1924 659 nec
1951 607 2142 693 potest
2181 618 2217 656 a
2257 618 2546 676 quoquam
2569 609 2706 659 'cum
2734 600 2955 694 ratione

604 698 767 739 tarum
788 698 841 741 et
862 695 1014 754 Apos-
1066 696 1127 735 m
1154 676 1394 739 dublum
1436 698 1631 739 vocari
1654 702 1673 740 z
1757 678 1906 739 Nam
1947 698 1999 738 si
2037 687 2317 737 incertum
2359 686 2514 738 esset
2553 686 2613 738 et
2651 678 2849 755 fallax,
2893 677 2956 739 id

604 753 829 799 toleram-
854 776 857 781 ·
1066 756 1228 834 foret,
1259 760 1357 818 vel
1382 758 1523 836 quia
1547 759 1659 837 ipsi
1697 758 1924 835 decepti
1965 766 2116 833 sunt,
2146 756 2242 816 vel
2267 758 2408 835 quia
2443 757 2592 818 alios
2631 757 2742 835 ipsi
2781 758 2950 819 deee-

546 835 783 942 thimzeo
830 839 1020 896 decepti
1067 847 1314 933 peruntt
1356 838 1461 898 sed
1486 847 1753 899 neutrum
1773 837 1890 897 dici
1904 846 2117 931 potest.
2156 917 2172 932 ο
2205 840 2257 895 1.
2298 838 2436 897 Non
2461 838 2678 914 decep&
2697 847 2830 897 sunt
2845 857 2954 933 nec

1064 916 1257 995 decipi
1282 926 1608 995 potuerunt.
1693 918 1748 977 N
1749 934 1843 976 am
1871 936 1939 1009 sl·
1948 916 2174 995 decepti
2201 925 2354 993 sunt,
2373 917 2472 977 vel
2487 917 2562 976 ab
2589 918 2706 977 aho
2725 917 2954 996 decept:

543 1004 695 1072 sunt,
725 996 823 1054 vel
849 1015 885 1055 a
910 995 1154 1073 seipsis3
1240 996 1400 1057 Illud
1437 996 1555 1055 dici
1593 997 1811 1075 nequit,
1841 1014 1980 1073 qma
2019 1014 2126 1055 nec
2153 1015 2189 1055 a
2219 996 2363 1073 Dec,
2407 996 2508 1074 qui
2533 1004 2602 1056 ut
2627 995 2752 1055 fani
2777 1016 2815 1057 a
2850 1016 2949 1057 ne-

540 1075 695 1134 mine
721 1083 929 1153 potest,
958 1075 1043 1134 ita
1066 1094 1175 1136 nec
1202 1083 1767 1213 quemquam‘potest
1791 1074 1990 1135 fallere
2011 1096 2028 1153 ς
2073 1094 2180 1136 nec
2199 1075 2276 1135 ab
2294 1075 2544 1153 Angelis
2569 1076 2671 1153 qui
2697 1095 2815 1136 non
2843 1076 2950 1135 fal-

537 1154 704 1231 lunt3
746 1174 855 1214 nec
880 1175 917 1214 a
946 1155 1338 1233 Daemonibus,
1380 1156 1519 1233 quia
1598 1155 1821 1215 cetrina
1859 1154 1974 1215 ista
2011 1162 2135 1215 tota
2181 1154 2257 1215 ad
2294 1153 2745 1215 destructionem
2781 1157 2952 1233 'regni

540 1232 775 1293 Diaboli
812 1232 1017 1293 tendit.
1100 1235 1271 1295 Istud
1310 1252 1450 1295 vero
1488 1252 1607 1295 non
1630 1234 1857 1313 magis3
1899 1252 2034 1293 nam
2061 1234 2113 1293 si
2153 1233 2288 1311 quis
2313 1233 2533 1295 fallitur
2559 1235 2709 1295 inre
2735 1234 2949 1312 aliqua,

534 1311 646 1372 boc
671 1310 740 1372 fit
764 1311 896 1372 ideo
921 1313 1301 1391 potissimum,
1344 1314 1443 1373 vel
1478 1315 1617 1392 quia
1655 1314 1780 1391 ipse
1819 1332 1947 1373 eam
1975 1332 2092 1373 non
2117 1314 2284 1390 vidit,
2328 1314 2434 1373 sed
2459 1314 2533 1373 ab
2559 1313 2690 1375 aliis
2729 1315 2952 1392 accepit

534 1410 779 1468 quorum
802 1392 921 1453 fide
946 1394 1165 1470 nititur,
1195 1394 1293 1455 vel
1330 1393 1471 1471 quia
1510 1412 1638 1453 eam
1679 1394 1867 1453 obiter
1903 1400 2127 1453 tantum
2155 1401 2217 1453 et
2241 1393 2305 1452 in
2329 1402 2662 1454 tmnscursu
2701 1394 2946 1472 aspexit,

532 1472 631 1530 vel
658 1472 795 1548 quia
820 1490 914 1532 res
940 1480 1031 1533 est
1055 1474 1301 1534 obscura
1326 1482 1387 1533 et
1412 1472 1664 1533 difficilis
1689 1492 1820 1551 quae
1839 1473 2094 1533 bominis
2122 1480 2352 1551 captum
2379 1474 2552 1551 longe
2579 1482 2828 1551 superat,
2852 1472 2950 1533 vel

533 1551 673 1628 quis
699 1550 1023 1629 subjectum
1050 1561 1141 1613 est
1166 1554 1317 1612 male
1344 1552 1688 1631 dispositum
1714 1561 1775 1612 et
1799 1552 1995 1630 aliquo
2021 1553 2223 1613 morbo
2243 1552 2621 1632 praepeditum
2641 1552 2950 1629 quominus

533 1630 644 1689 rite
664 1629 907 1707 judicet.
992 1632 1113 1692 Sed
1136 1632 1231 1692 hic
1258 1633 1404 1691 nihil
1438 1632 1557 1692 tale
1594 1632 1884 1693 occurritz
1968 1630 2116 1691 Nam
2149 1634 2202 1691 1.
2244 1651 2316 1692 ea
2352 1650 2484 1709 quse
2511 1640 2750 1691 narrant
2771 1631 2944 1709 profi-

535 1718 730 1769 tentur
756 1728 820 1769 se
845 1730 963 1770 non
990 1730 1067 1770 ex
1104 1712 1326 1771 incerto
1352 1730 1599 1787 rumore,
1642 1719 1704 1771 et
1727 1712 1804 1771 ab
1831 1711 1962 1771 aliis
2001 1712 2292 1790 accepisse
2330 1710 2434 1788 qui
2460 1712 2654 1771 minus
2679 1720 2947 1771 accurate

534 1808 605 1848 ea
630 1788 945 1866 novissent,
978 1788 1081 1849 sed
1106 1809 1350 1868 quorum
1391 1792 1766 1851 certissimam
1807 1798 1870 1850 et
1904 1788 2426 1868 exploratissimum
2466 1790 2757 1851 habebant
2795 1790 2944 1851 noti-

533 1869 692 1945 tiam,
722 1876 921 1946 utpote
949 1869 1049 1946 qui
1077 1876 1253 1929 testes
1281 1870 1492 1930 oculati
1532 1876 1595 1928 et
1620 1870 1791 1929 auriti
1831 1869 2074 1946 fuerant,
2105 1878 2164 1929 et
2200 1870 2262 1928 in
2285 1870 2500 1947 quibus
2537 1868 2946 1963 pei-noscendis

534 1966 747 2025 magna
787 1948 1101 2008 attentione
1140 1956 1202 2008 et
1246 1949 1441 2009 studio
1468 1948 1684 2007 venati
1727 1956 1908 2007 erant.
1992 1952 2048 2006 2.
2093 1946 2216 2007 Nec
2255 1947 2331 2007 de
2365 1956 2602 2007 remotus
2625 1957 2688 2007 et
2723 1948 2948 2008 dissitis

534 2028 707 2087 rebus
734 2028 1064 2106 loquuntur,
1109 2027 1213 2088 sed
1252 2046 1383 2105 qnae
1423 2028 1484 2085 in
1525 2028 1598 2087 iis
1623 2027 1767 2103 ipsis
1812 2026 1960 2086 locis
1983 2035 2046 2086 et
2069 2044 2141 2085 eo
2167 2035 2424 2105 tempore
2459 2042 2578 2103 quo
2617 2026 2947 2089 scribebant

532 2115 701 2184 gesta
725 2115 905 2183 erant,
934 2106 1089 2167 unde
1130 2108 1231 2169 Jo.
1266 2112 1345 2166 1oe
1380 2110 1433 2166 1.
1468 2108 1520 2166 1.
1606 2108 1783 2175 Quod
1811 2106 2063 2182 vidimus,
2102 2106 2307 2245 ἰιιἚίι,
2343 2106 2516 2165 oculis
2540 2106 2760 2182 msa-22³,
2795 2110 2952 2184 quod

531 2187 847 2246 audivimus
880 2189 951 2247 dc
989 2188 1167 2247 Verbo
1192 2186 1319 2247 vitae
1344 2188 1409 2245 id
1438 2185 1860 2262 annunciamus,
1898 2183 2006 2245 ἆυ.
2090 2188 2148 2246 3.
2248 2203 2326 2245 on
2365 2184 2646 2263 agebatur
2671 2183 2746 2245 de
2771 2186 2948 2247 rebus

532 2266 793 2326 obsculis
808 2274 869 2327 et
882 2267 945 2325 in
959 2284 1119 2326 mera
1134 2267 1525 2345 speculatione
1540 2266 1761 2344 positis,
1781 2266 1843 2323 in
1859 2264 2071 2343 quibus
2087 2263 2261 2325 mdes
2275 2272 2337 2325 et
2350 2263 2608 2324 illiterati
2622 2265 2948 2343 potuissent

531 2344 699 2405 facile
746 2346 953 2425 decipi,
982 2365 1098 2405 non
1126 2347 1488 2425 assequendo
1514 2365 1643 2406 eam
1671 2345 2100 2419 sublimitatem,
2143 2344 2250 2404 sed
2277 2344 2351 2404 de
2376 2343 2546 2403 factis
2571 2344 2634 2401 in
2659 2362 2866 2405 sensus
2885 2354 2948 2405 et

530 2426 731 2485 oculos
772 2426 1215 2503 incurrentibus,
1244 2424 1303 2485 ἡ.
1333 2444 1391 2505 g.
1420 2426 1495 2486 de
1520 2425 1938 2486 resurrectione
1960 2424 2212 2500 Christi3
2255 2442 2389 2483 cum
2414 2440 2532 2501 quo
2557 2431 2692 2483 ante
2719 2423 2942 2483 obitum

529 2506 747 2565 versati
761 2505 989 2566 fuerant
1002 2506 1375 2583 familiariter,
1398 2514 1459 2565 et
1474 2506 1575 2584 qui
1592 2522 1656 2565 se
1672 2505 1814 2583 ipsis
1829 2512 1962 2583 post
1977 2502 2450 2564 resurrectionem
2471 2501 2940 2581 conspiciendum

527 2583 867 2662 praebuerat,
898 2602 1015 2645 non
1056 2585 1257 2661 obiter,
1289 2584 1393 2645 sed
1418 2582 1537 2662 diu,
1566 2602 1686 2644 non
1712 2584 1907 2662 semel,
1938 2580 2043 2644 sed
2069 2580 2296 2662 saepius,
2327 2600 2444 2642 non
2467 2600 2660 2642 coram
2687 2599 2805 2643 une
2843 2583 2944 2643 vel

528 2663 730 2742 altero,
761 2663 865 2724 sed
891 2681 1083 2724 coram
1110 2665 1373 2744 pluribus
1413 2664 1601 2724 omnis
1639 2683 1835 2740 sexus,
1877 2673 1938 2724 et
1978 2662 2343 2723 conditionis.
2425 2666 2483 2721 4.
2529 2662 2795 2740 Denique
2834 2681 2944 2724 nec

527 2743 645 2802 dici
746 2751 863 2804 test
897 2743 1228 2804 facultatem
1267 2744 1524 2822 ipsorum
1562 2744 1716 2804 male
1753 2744 2093 2822 dispositam
2131 2741 2346 2802 fixisset
2385 2759 2522 2801 nam
2559 2747 2942 2822 prestet-quam

528 2764 874 2919 quodpiiulla
899 2841 1019 2903 prae
1046 2841 1109 2884 se
1135 2823 1326 2884 ferunt
1351 2823 1567 2920 indicia
1591 2831 1874 2917 corruptae
1901 2821 2220 2918 phantasiae
2245 2829 2308 2882 et
2321 2821 2544 2916 ‘mentis
2569 2838 2700 2882 emo
2824 2820 2942 2881 ime

526 2911 954 3059 mm?
968 2903 1126 3044 ἓξὲξ
1145 2923 1283 3044 32:1¹¹
1270 2901 2938 3062 ffissfussaassiffissffissssssfflfflffiaffliffidmffi

532 3061 705 3122 Unde
732 3062 993 3140 sequitur
1017 3069 1207 3122 causas
1230 3061 1377 3121 nihil
1404 3079 1533 3122 esse
1560 3081 1664 3123 cur
1689 3061 1918 3140 decepti
1944 3062 2041 3121 bic
2065 3061 2349 3121 dieantur.

1130 3141 1275 3202 XV.
1319 3141 1441 3202 Sed
1482 3151 1549 3202 ut
1598 3137 1829 3220 decepti
1871 3141 1968 3200 hic
2019 3159 2138 3202 non
2181 3148 2336 3215 sunt,
2385 3140 2482 3199 Ita
2533 3158 2634 3199 nec
2685 3140 2942 3217 dccipcm

526 3198 577 3245 N
577 3213 630 3248 ⁰⁰
649 3199 870 3306 ffi‘ffi'ssff
903 3202 1003 3246 vol·
1042 3224 1368 3282 voluerunt.-
1452 3221 1601 3280 Nam
1640 3222 1744 3297 qui
1783 3219 1993 3280 fallunt
2032 3228 2092 3280 et
2136 3219 2508 3295 mentiuntur,
2551 3217 2789 3296 aliquod
2827 3217 2940 3278 sibi

1044 3308 1373 3379 proponunt
1410 3299 1699 3360 mendacii
1739 3308 1808 3359 et.
1839 3298 2196 3377 deceptionis
2234 3297 2704 3373 emolumentum,
2734 3297 2832 3357 vel
2871 3307 2940 3359 ut

526 3377 769 3455 gloriam
797 3387 1045 3456 captent,
1074 3379 1172 3440 vel
1196 3389 1264 3441 nt
1289 3380 1586 3440 hominum
1614 3379 1859 3456 gratiam
1900 3385 2274 3456 aucupentur,
2302 3377 2400 3436 vel
2425 3385 2494 3436 ut
2517 3396 2553 3435 ο
2629 3395 2658 3436 s
2683 3383 2744 3436 et
2783 3395 2936 3436 com·

524 3456 697 3516 moda
724 3455 837 3516 sibi
862 3466 1232 3536 comparent:
1316 3457 1403 3518 At
1428 3460 1591 3519 Viris
1620 3458 1734 3517 Dei
1759 3458 1822 3516 in
1849 3457 1964 3517 isto
2001 3455 2333 3516 testimonio
2373 3455 2542 3515 dicen
2583 3474 2638 3530 o,
2665 3454 2809 3548 quid
2833 3474 2936 3534 op-

522 3535 701 3598 tabile
728 3536 825 3597 vel
850 3537 1185 3599 viventibus
1210 3538 1591 3618 quaerebatur,
1620 3537 1720 3597 vel
1747 3537 1872 3597 vita
1895 3533 2108 3597 functis
2127 3539 2158 3596 *ι’
2237 3533 2591 3594 Viventibus
2606 3532 2841 3610 quidem
2865 3554 2940 3595 ea

520 3617 715 3676 omnia
738 3627 974 3696 propter
1012 3635 1142 3698 quas
1176 3619 1568 3700 propulsanda
1606 3615 1837 3676 mentiri
1877 3616 2144 3676 homines
2163 3611 2300 3674 ‘non
2325 3629 2454 3674 raro
2495 3621 2934 3689 consueverunt,

520 3697 732 3775 inopia,
762 3698 957 3776 exilia,
988 3699 1293 3775 cruciamus,
1324 3707 1387 3758 et
1410 3705 1673 3758 extrema
1699 3696 1998 3775 supplicia,
2029 3703 2162 3780 pest
2185 3701 2429 3754 mortem
2455 3710 2596 3754 vero
2623 3691 2860 3782 infamis
2877 3695 2954 3753 et'

520 3795 692 3853 poena
719 3785 948 3837 aeterna.
1032 3779 1113 3838 Et
1136 3787 1332 3838 tamen
1359 3778 1627 3838 omnibus
1653 3776 1783 3836 istis
1809 3775 2156 3855 posthabitis
2181 3791 2298 3833 non
2325 3773 2664 3834 dubitarunt
2688 3773 2938 3833 scientes
2963 3807 2969 3814 ·

521 3854 833 3931 prudentes
859 3857 935 3915 ad
954 3858 1067 3918 hoc
1086 3877 1255 3918 suum
1276 3855 1731 3917 confirmandum
1750 3855 2140 3917 testimonium
2161 3853 2388 3913 infinita
2405 3853 2566 3912 adire
2585 3851 2934 3928 discrimina,

523 3940 584 3991 et
623 3934 997 4010 gravissimas
1034 3936 1231 3996 subire
1272 3937 1653 3997 contumelias
1679 3945 1740 3996 et
1766 3935 2166 3996 acerbissimas
2283 3933 2434 4012 rpeti
2471 3941 2706 3994 mortes.
2789 3931 2937 4008 Quis

521 3951 2938 4172 smmumoefflffffizsfflwsmgsmffizbsnasffipzi

753 4137 768 4168 1

522 4169 759 4246 riantur,
802 4172 905 4248 qui
943 4174 1042 4232 vel
1079 4173 1539 4250 existimationis,
1585 4169 1685 4233 vel
1724 4173 2005 4233 bonorum
2045 4171 2355 4233 discrimen
2395 4171 2554 4232 adire
2595 4171 2934 4244 sustineant,

522 4248 737 4310 nedum
762 4259 1005 4312 mortem
1033 4259 1303 4332 oppetere
1322 4255 1352 4313 2
1432 4254 1618 4314 Nemo
1646 4269 1784 4313 sane
1811 4269 1912 4313 eos
1939 4251 2190 4314 affectati
2217 4262 2338 4314 tam
2369 4251 2624 4330 ingentis
2649 4247 2937 4308 mendacii

522 4345 655 4388 reos
680 4347 853 4407 agere
878 4339 1087 4409 potest,
1117 4333 1261 4410 quin
1284 4347 1387 4392 eos
1413 4332 1587 4393 facist
1612 4329 1985 4392 stultissimos
2011 4331 2184 4393 simul
2212 4341 2272 4394 et
2297 4332 2616 4426 poeninon
2661 4326 2932 4388 stultissi-

521 4427 665 4484 mos,
697 4409 799 4487 qui
824 4407 987 4472 nullo
1014 4431 1121 4472 suo
1146 4413 1318 4489 bono,
1349 4412 1786 4491 certissimoque
1823 4412 1977 4472 malo
2005 4429 2110 4473 suo
2137 4412 2370 4471 mentiri
2395 4407 2705 4482 voluerint,
2734 4413 2936 4466 contra

520 4490 649 4567 ipsa
674 4489 972 4568 religionis
990 4509 1108 4553 suae
1129 4511 1302 4571 quam
1324 4491 1668 4568 scribebant,
1691 4511 1821 4570 quaa
1847 4501 1967 4553 tam
1987 4509 2188 4552 severe
2207 4489 2571 4550 mendacium
2587 4493 2766 4561 vetat,
2789 4485 2932 4562 dog-

458 4620 463 4629 .
520 4579 677 4630 mata
698 4590 714 4646 ς
754 4571 1037 4649 pessimos
1064 4591 1220 4650 vero,
1250 4573 1351 4651 qui
1378 4571 1708 4633 mentiendo
1734 4573 2014 4633 mundum
2038 4573 2374 4632 universum
2400 4567 2598 4628 fallere
2621 4564 2932 4640 voluerint,

520 4649 796 4728 nulloque
824 4652 1078 4729 ipsorum
1105 4653 1257 4714 bono
1286 4672 1481 4714 secum
1508 4653 1678 4712 malis
1706 4652 1972 4714 omnibus
1998 4650 2316 4711 involvere.
