3300 5225
481 342 562 397 44
1437 356 1620 399 mous
1647 354 1887 398 ramus.
2488 330 2739 415 [Quas-r.
2770 354 2899 396 xw.

1381 573 1772 654 QuAEsno
1815 572 1997 635 x1v.

926 757 1008 797 -DE
1036 755 1348 798 Affl'lcums
1375 754 1454 796 m·
1479 754 1811 796 Ennomus
1838 750 2441 795 runnumnrannus,

568 900 664 958 An
689 900 895 958 dentur
921 898 1032 957 loci
1054 898 1286 977 quidam
1317 896 2123 973 Theoloyicifimdamentalea,
2153 894 2277 953 Alii
2296 914 2427 971 non,
2458 902 2515 953 et
2538 894 2815 972 quomodo

1290 977 1438 1036 inter
1460 996 1520 1035 se
1548 976 1801 1053 dignosci
1825 975 2049 1052 possint
2064 976 2093 1033 3

1093 1135 1144 1195 Ι.
1189 1135 1444 1211 Quaestio
1491 1134 1566 1195 de
1607 1134 1880 1195 Articulis
1908 1133 2433 1210 fimdamentalibus
2472 1132 2670 1211 gravis
2706 1140 2797 1193 est
2836 1142 2897 1193 et

490 1194 969 1303 Inm12⁶gaeffimpff
1011 1214 1206 1292 ardua,
1237 1236 1367 1294 quse
1394 1236 1430 1275 a
1455 1215 1634 1275 variis
1660 1224 1943 1291 movetur,
1974 1223 2033 1273 et
2060 1214 2214 1273 circa
2251 1232 2426 1291 quam
2464 1220 2765 1291 peccatum
2806 1221 2897 1273 est

1010 1294 1412 1371 diversimode,
1444 1304 1568 1355 tum
1595 1296 1657 1353 in
1694 1294 1940 1371 defectu,
1970 1304 2095 1354 tum
2134 1293 2197 1351 in
2236 1311 2498 1353 excessu.
2586 1296 2641 1353 1.
2685 1293 2759 1353 In
2798 1295 2893 1352 de·

469 1377 632 1450 fectu
678 1381 921 1451 peceant
959 1375 1250 1435 Soeim‘am
1299 1376 1401 1454 qui
1425 1374 1881 1435 fundamentalia
1918 1373 2267 1452 paucissima
2304 1372 2633 1448 admittunt,
2664 1381 2724 1431 et
2750 1391 2893 1431 non-

487 1454 601 1512 nisi
631 1453 909 1530 Praetica,
941 1454 1300 1515 Theoreticis
1325 1454 1503 1515 ferme
1551 1454 1836 1533 sepositis,
1866 1462 1933 1515 ut
1979 1454 2063 1512 ita
2088 1453 2315 1512 facilem
2356 1471 2484 1513 esse
2524 1452 2895 1511 dissidiorum

487 1533 561 1593 de
591 1533 897 1611 Religione
945 1536 1419 1613 compositionem
1462 1535 1724 1610 doceant,
1770 1542 1971 1613 utpote
2019 1553 2149 1611 quas
2178 1542 2480 1592 versentur
2522 1532 2715 1611 potius
2740 1532 2896 1591 eirca

488 1614 886 1672 conclusiones
913 1613 1314 1693 Theologicas,
1345 1624 1406 1675 et
1451 1614 1727 1692 dogmata
1755 1614 2112 1690 Scholarum,
2158 1632 2333 1690 quam
2374 1613 2528 1671 circa
2552 1612 2893 1671 fundamen-

488 1693 636 1752 tales
680 1691 820 1751 fidei
865 1694 1155 1770 articulos,
1186 1696 1286 1772 qui
1329 1702 1390 1754 et
1435 1695 1604 1771 pauci
1632 1695 1749 1754 sint
1792 1714 2047 1770 numero,
2079 1702 2139 1753 et
2184 1693 2455 1771 utrinque
2481 1692 2599 1751 fere
2626 1691 2893 1751 confessi.

491 1772 626 1831 Hoc
672 1780 962 1851 praetextu
1001 1775 1293 1852 praecipua
1330 1774 1466 1833 fidei
1508 1775 1783 1852 dogmata
1820 1782 2121 1833 removent
2163 1794 2201 1832 a
2244 1772 2787 1847 fundamentalibus,
2830 1780 2898 1832 ut

488 1851 704 1930 dogma
729 1852 804 1911 de
856 1853 1076 1931 Spiritu
1120 1855 1349 1929 Sancte,
1379 1854 1454 1913 de
1481 1854 1780 1930 Trinitate,
1819 1853 1895 1913 de
1944 1854 2201 1913 Persona
2240 1852 2471 1929 Christi,
2504 1851 2576 1910 de
2621 1850 2892 1912 Satisfec-

487 1931 662 2009 tione,
694 1930 804 1993 &c.
887 1933 990 1992 Ad
1017 1952 1118 1993 eos
1159 1934 1442 1994 accedunt
1483 1954 1600 1993 non
1643 1934 1885 1994 obscure
1912 1933 2253 2009 Arminiani,
2304 1933 2405 2011 qui
2445 1932 2897 1991 fundamentalia

487 2012 664 2071 etiam
691 2012 769 2071 ad
795 2032 864 2071 ea
891 2013 1162 2092 redigunt
1189 2014 1393 2092 capita,
1425 2033 1555 2092 quae
1581 2014 1739 2092 apud
1765 2014 2123 2074 Christianos
2150 2033 2349 2073 omnes
2375 2012 2553 2071 ferme
2576 2020 2710 2071 sunt
2730 2021 2897 2072 extra

488 2092 940 2151 controversiam
966 2094 1171 2170 posita,
1216 2103 1276 2154 et
1315 2093 1500 2153 tribus
1542 2094 1672 2153 istis
1712 2094 2093 2168 continentur,
2126 2095 2254 2173 fide
2292 2092 2615 2151 divinarum
2643 2093 2892 2169 promis-

485 2172 720 2249 sionum,
752 2172 1060 2233 obedienda
1087 2174 1404 2233 divinorum
1421 2183 1858 2251 praeceptorum,
1890 2184 1945 2234 et
1970 2175 2156 2233 debita
2181 2173 2494 2249 Scrz‘pturis
2518 2173 2851 2231 reverentia.

1093 2254 1180 2313 II.
1213 2254 1286 2311 In
1302 2274 1529 2313 excessu
1548 2262 1807 2332 peccant,
1827 2262 1953 2314 tum
1967 2252 2250 2333 Pontafleii
2261 2252 2363 2330 qui
2390 2272 2543 2330 saepe
2564 2272 2667 2330 pro
2690 2250 2894 2311 funda-

489 2329 549 2374 In
570 2330 784 2401 Effusam
805 2331 975 2377 Ponti·
1013 2334 1361 2394 mentalibus
1389 2333 1608 2393 foenum
1649 2354 1817 2393 suum
1856 2342 1917 2395 et
1942 2334 2201 2411 stipulas,
2230 2342 2291 2393 et
2317 2330 2593 2410 quioquid
2632 2332 2895 2390 Romana

545 2388 645 2491 ἓξὲξ
673 2392 726 2436 ⁶¹⁵
765 2388 975 2437 nuthet-
1017 2414 1279 2473 Ecclesia
1305 2412 1522 2491 definit,
1547 2413 1856 2473 obtrudere
1881 2433 1999 2473 non
2018 2412 2403 2488 erubescunt;
2432 2420 2556 2471 tum
2582 2412 2901 2470 Lutherani

1011 2494 1334 2571 rigidiores,
1391 2494 1494 2571 qui
1547 2500 1615 2553 ut
1668 2494 2111 2571 syncretismum
2162 2491 2465 2551 nobiscum
2518 2490 2895 2549 difficiliorem

488 2569 750 2649 reddant,
781 2571 1232 2633 fundamentalia
1257 2572 1432 2634 latius
1459 2592 1635 2650 quam
1676 2593 1781 2651 par
1806 2581 1897 2634 est
1922 2572 2259 2650 extendunt,
2290 2590 2540 2632 errorem
2580 2570 2898 2649 quemlibet

491 2672 644 2730 saepe
692 2651 754 2710 in
795 2651 1060 2711 haeresim
1101 2662 1352 2730 vertunt,
1383 2661 1444 2712 et
1483 2672 1561 2712 ex
1598 2652 1929 2731 adiaphoris
1964 2653 2287 2713 necessaria
2314 2652 2547 2727 faciunt,
2577 2660 2644 2711 ut
2671 2651 2897 2712 facilius

491 2731 762 2792 evincant
788 2751 896 2791 nos
923 2731 1202 2792 dissidere
1230 2733 1290 2791 in
1317 2731 1865 2793 fundamentalibus.

575 2811 696 2871 ΙΙΙ.
742 2810 905 2870 Inter
928 2819 1204 2890 utrosque
1243 2812 1498 2872 medium
1537 2821 1740 2874 tenent
1766 2811 2107 2889 Orthodoxi,
2150 2811 2252 2891 qui
2279 2819 2345 2872 ut
2370 2810 2897 2870 fundamentalibus

491 2890 838 2968 quibusdam
885 2893 1207 2952 necessario
1251 2893 1528 2970 nituntur,
1576 2893 1659 2952 ita
1704 2912 1811 2952 nec
1864 2892 2037 2952 nimis
2080 2912 2150 2952 ea
2190 2892 2545 2970 restringunt
2586 2911 2719 2950 cum
2758 2890 2893 2968 illis,

493 2991 600 3030 nec
627 2970 800 3032 nimis
826 2969 1149 3032 extendunt
1175 2991 1305 3031 cum
1331 2972 1480 3032 istis.
1676 2986 1715 3027 ο

1098 3051 1208 3113 IV.
1254 3052 1340 3113 Ut
1378 3052 1817 3112 fundamentum
1856 3053 1917 3110 in
1958 3050 2200 3110 aedificio
2233 3049 2460 3126 dicitur,
2503 3051 2662 3127 quod
2702 3049 2789 3108 illi
2818 3049 2901 3109 ita

494 3127 625 3180 0¹²³st
665 3128 734 3174 ’ἢ
779 3127 973 3174 Articu-
1013 3131 1411 3205 substernitur,
1432 3140 1498 3191 ut
1517 3132 1737 3208 absque
1760 3152 1828 3190 eo
1849 3152 1955 3190 nec
1976 3131 2198 3190 exstrui
2218 3150 2324 3189 nec
2346 3128 2658 3189 consistere
2674 3130 2859 3206 possit
2880 3152 2895 3204 ς

551 3187 974 3291 {gammon-
1016 3210 1110 3269 Ita
1149 3210 1209 3268 in
1251 3211 1556 3289 Religione
1595 3209 1745 3271 illud
1776 3213 2217 3286 fundanaemum
2258 3209 2485 3286 dieitur,
2519 3229 2635 3287 quo
2668 3208 2899 3286 Religio

1015 3297 1139 3350 tota
1165 3290 1382 3365 nititur,
1412 3299 1473 3350 et
1511 3311 1627 3368 quo
1657 3298 1845 3350 stante
1887 3297 2019 3366 stat,
2063 3308 2179 3367 quo
2206 3289 2434 3349 sublato
2472 3289 2703 3348 corruit.
2790 3291 2897 3350 Su·

494 3369 671 3429 mitur
718 3378 909 3429 autem
934 3368 1238 3430 bifariam:
1281 3369 1396 3428 Vel
1450 3368 1795 3446 incomplexe
1822 3379 1881 3429 et
1906 3370 2303 3446 personaliter,
2347 3377 2408 3427 et
2445 3367 2786 3428 transfertur
2825 3367 2902 3427 ad

497 3449 791 3509 Christum
831 3449 1035 3510 salutis
1074 3449 1261 3508 omnis
1301 3448 1755 3526 fundamentum,
1787 3449 1881 3509 cui
1923 3449 2186 3508 Ecclesia
2212 3457 2273 3508 et
2313 3447 2543 3525 Religio
2570 3467 2677 3506 ceu
2722 3456 2901 3524 petras

495 3527 749 3588 immotae
789 3537 849 3588 et
893 3530 1252 3589 inconcussae
1279 3529 1709 3607 superstruitur,
1742 3530 1913 3590 Matt.
1956 3529 2079 3590 xvi.
2112 3530 2227 3605 183
2276 3529 2305 3586 1
2340 3528 2465 3587 Pet.
2507 3527 2567 3586 ii.
2599 3530 2653 3603 6,
2688 3531 2743 3602 7,
2775 3535 2835 3586 et
2866 3530 2895 3584 1

498 3609 627 3668 Cor.
657 3609 738 3668 iii.
787 3611 880 3668 11.
961 3611 1416 3668 Fundamentum
1463 3610 1629 3668 aliud
1664 3630 1824 3669 nemo
1853 3617 2043 3686 potest
2085 3617 2349 3683 statuere,
2389 3617 2610 3684 praeter
2649 3607 2715 3664 id
2730 3609 2907 3683 ‘quod

483 3689 734 3765 positum
760 3699 855 3765 est,
886 3691 1044 3767 quod
1063 3699 1146 3749 est
1174 3689 1430 3750 Clarium
1454 3689 1624 3748 Jesus
1641 3713 1670 3763 ;
1710 3689 1827 3749 Vel
1852 3691 2141 3765 complexe
2160 3695 2219 3746 et
2238 3687 2594 3762 naturaliter,
2623 3705 2729 3764 pro
2750 3686 2899 3745 veri-

495 3775 614 3827 tate
661 3767 1080 3828 fundamentali
1105 3789 1236 3848 quae
1279 3769 1547 3828 omnibus
1593 3768 1884 3830 credenda
1923 3767 2331 3845 praescribitur,
2378 3774 2438 3825 et
2484 3787 2615 3843 quae
2660 3764 2902 3844 proinde

495 3844 632 3905 fidei
657 3846 1094 3908 fundamentum
1121 3849 1349 3908 dieitur.
1433 3848 1566 3908 Hoc
1592 3867 1751 3923 νει-ο,
1781 3848 1879 3908 vel
1906 3851 2017 3907 &tte
2044 3846 2390 3907 ‘extenditur
2416 3845 2491 3904 ad
2530 3846 2716 3924 prima
2744 3845 2902 3904 Reli-

587 3975 686 4026 ω
803 3977 919 4034 2220,
1017 3927 2119 4084 emmas}
2145 3925 2441 4066 aas
2462 3925 2905 4063 stabas:

493 4083 730 4158 θεμελίου
739 4083 1108 4156 fiandamenti
1131 4103 1234 4143 seu
1260 4089 1420 4164 ἇςχὶῖς
1448 4085 1706 4159 veniunt,
1737 4085 1933 4163 qualia
1957 4096 2095 4145 sunt
2132 4050 2628 4162 rempsscentia’ab’
2646 4085 2907 4161 operibus

495 4163 747 4239 mov-tm's,
759 4164 912 4242 fides
931 4163 992 4221 in
1012 4165 1217 4238 Deum,
1237 4164 1640 4240 baptismorum
1660 4165 1937 4240 doctrina,
1967 4164 2243 4242 impositio
2262 4185 2547 4241 manuum,
2568 4163 2904 4222 resurrectio

496 4251 862 4317 mortuorum,
894 4251 948 4300 et
956 4242 1238 4317 judicium
1264 4252 1550 4318 aeternum,
1582 4262 1712 4319 quae
1730 4251 1922 4302 tamen
1944 4245 2137 4322 capita
2160 4264 2356 4322 parem
2384 4242 2744 4303 necessitatis
2772 4261 2900 4318 gra·

496 4320 635 4380 dum
665 4340 780 4379 non
808 4320 1104 4398 obtinent;
1148 4320 1252 4381 sed
1279 4321 1392 4380 alia
1419 4321 1690 4400 primario
1708 4330 1767 4381 et
1792 4341 1896 4400 per
1922 4343 2001 4400 se,
2025 4323 2141 4382 alia
2161 4343 2301 4382 vero
2318 4321 2657 4383 secundario
2678 4329 2903 4379 tantum

495 4408 555 4460 et
582 4421 686 4478 per
711 4399 870 4460 aliud
896 4401 1221 4460 necessaria
1247 4408 1382 4460 sunt
1405 4423 1421 4478 ς
1463 4420 1580 4478 quo
1608 4420 1783 4462 sensu
1824 4403 2051 4462 articuli
2078 4402 2538 4462 fundamentales
2580 4399 2905 4478 Religionis

495 4481 821 4540 referuntur
835 4479 911 4539 ad
941 4480 1316 4558 Decalogum,
1345 4481 1688 4560 Symbolum
1712 4481 2131 4559 Apostolicum‚
2153 4483 2485 4543 Orationem
2516 4479 2901 4555 Dominicam,

501 4561 885 4638 Sacramenta,
917 4569 976 4620 et
1005 4561 1356 4620 Potestatem
1399 4560 1667 4634 clavium,
1711 4562 1848 4639 quia
1874 4562 1959 4621 illi
1998 4562 2377 4622 neeessariam
2406 4570 2466 4620 et
2505 4559 2901 4619 fundamenta-

493 4641 609 4700 lem
657 4641 860 4702 salutis
905 4639 1223 4701 doctrinam
1253 4639 1564 4718 continent,
1596 4641 1719 4700 sine
1764 4661 1879 4719 qua
1922 4643 2145 4720 reliqua
2188 4661 2391 4720 capere
2432 4659 2547 4699 non
2576 4657 2901 4717 possumus.
