3300 5225
489 379 609 438 234
1399 392 1583 439 tocus
1610 392 1880 440 marma.
2439 372 2698 456 [ροισι.
2727 394 2898 440 mv.

491 532 773 595 Ecclesiae
814 532 891 595 ad
932 531 1389 612 interpretandas
1434 534 1776 629 Scripturas,
1827 532 1986 613 quod
2031 530 2235 594 inutile
2279 552 2418 595 saue
2463 533 2629 614 foret,
2679 535 2732 595 si
2773 556 2896 597 rem
3027 530 3036 537 ’

492 616 659 693 Scrip
658 614 805 673 turis
830 613 1100 673 traditam
1126 614 1289 673 nefas
1314 623 1468 673 esset
1493 614 1624 675 aliis
1648 614 1952 675 vocabulis
1975 613 2314 691 exprimere.

572 635 823 753 XXIV.
867 692 1009 752 Alia
1032 700 1124 753 est
1147 694 1365 753 novitas
1388 692 1684 753 verborum
1709 702 1967 771 tautum3
2011 693 2152 751 Alia
2175 712 2308 771 quse
2333 711 2466 752 cum
2492 692 2690 753 verbis
2721 692 2895 755 infert

488 774 789 835 novitatem
810 793 1021 831 rerum.
1105 771 1247 831 Alia
1270 772 1431 833 utilis
1458 782 1517 833 et
1542 773 1880 849 necessaria,
1904 792 2033 851 quse
2060 772 2136 831 ad
2161 771 2604 831 elucidationem
2630 772 2894 833 veritatis

490 862 551 913 et
576 851 785 914 erroris
821 850 1269 911 confutationem
1308 851 1479 929 facit3
1522 852 1664 911 Alia
1687 871 1828 911 vero
1855 871 2007 910 vana
2041 859 2102 911 et
2126 851 2397 927 exitialis,
2427 871 2558 929 quse
2585 852 2694 912 sub
2721 852 2893 913 novis

489 942 561 993 et·
575 932 895 1011 peregrinis
914 932 1109 990 verbis
1133 931 1437 1009 peregrina
1462 930 1686 991 invehit
1711 930 1999 1008 dogmata.
2051 930 2268 990 Paulu's
2294 932 2464 990 istam
2491 931 2743 1007 damnat,
2773 952 2893 992 nou

488 1012 670 1091 illam,
714 1031 894 1106 quum
929 1010 1100 1089 jubet
1124 1010 1311 1069 vitare
1336 1013 1431 1076 τὰς
1455 1013 1643 1080 βιβηλο
1618 1038 1698 1077 ους
1723 1036 1813 1069 m
1816 1011 2042 1081 nooman:
2072 1013 2360 1087 profanas
2383 1030 2578 1069 vocum
2603 1013 2888 1089 novitates,

495 1095 526 1149 1
558 1092 709 1151 Tim.
736 1091 817 1149 vi.
846 1093 944 1150 20.
990 1089 1162 1150 Unde
1190 1088 1349 1167 Aug.
1384 1099 1550 1149 tract.
1580 1094 1678 1167 97,
1719 1091 1783 1149 in
1809 1091 1949 1151 Joh.
1977 1092 2277 1167 Apostolus
2301 1110 2414 1150 non
2439 1090 2892 1150 dicitverborum

487 1172 757 1231 novitates
797 1169 997 1245 detaeita,
1040 1168 1146 1229 sed
1185 1168 1348 1228 addit
1382 1170 1685 1248 profanas3
1727 1170 1876 1229 Sunt
1905 1170 2888 1246 enimetdoctrinoereltyiombeon-

482 1249 1399 1343 yruentesverborumnovitates,
1431 1247 1540 1311 Sco.
1580 1249 2892 1327 resipsoenovnbappellatoenmnimbusante

488 1331 719 1388 nomina
744 1349 851 1388 sna
877 1338 1045 1388 erant
1066 1326 1176 1387 &c-

568 1408 784 1467 XXV.
828 1407 1012 1468 Aliud
1052 1415 1142 1467 est
1176 1406 1287 1467 sub
1326 1426 1503 1486 poeua
1540 1406 1920 1467 anathematis
1959 1406 2268 1468 obtrudere
2306 1424 2483 1467 voces
2521 1406 2584 1465 in
2625 1406 2890 1469 Ecclesia

486 1486 877 1626 ffcipiepddau
936 1486 1133 1546 Aliud
1162 1506 1303 1547 vero
1340 1506 1437 1547 res
1473 1488 1720 1547 vocibus
1759 1487 2150 1566 significatus.
2208 1486 2502 1547 Posterius
2543 1486 2653 1547 rite
2697 1496 2891 1567 potest

530 1588 562 1627 e
660 1586 691 1626 s
790 1587 907 1625 non
966 1565 1105 1625 rius.

562 1586 822 1705 1XXVI.
866 1586 1052 1705 Alpiud
1090 1652 1183 1705 est
1218 1664 1337 1705 non
1376 1664 1503 1705 esse
1544 1645 1605 1705 in
1650 1645 1946 1723 Scriptura
1971 1664 2260 1739 expresse,
2299 1651 2360 1705 et
2393 1648 2534 1705 κατὰ
2558 1650 2616 1704 τὶ
2641 1645 2884 1727 stippa,

491 1724 678 1785 Aliud
702 1744 843 1785 vero
872 1724 1285 1803 aequivaIeuter
1310 1732 1369 1783 et
1392 1728 1533 1784 κατὰ
1566 1730 1623 1784 τὶ
1660 1730 1901 1807 πςῖγμ,
1943 1724 2066 1783 sive
2093 1722 2288 1802 quoad
2311 1744 2434 1784 rem
2471 1726 2885 1803 significatam·
2867 1770 2883 1803 ,

490 1804 687 1864 Voces
712 1804 1028 1881 'lh-initatis,
1074 1806 1342 1880 ἐραυνῶν,
1388 1829 1496 1887 mg
1498 1807 1764 1886 zuein-5,
1807 1806 2092 1881 Persona,
2141 1823 2260 1863 non
2305 1813 2442 1864 sunt
2485 1804 2549 1863 in
2593 1804 2890 1885 Scriptura

493 1884 886 2056 1)ΠὲΥέῗῖἛο
904 1883 1477 2023 ffiffanpodamslillzltbilla
1501 1961 1801 2039 vocabula,
1831 1982 1961 2041 quse
1987 1962 2228 2022 materia
2253 1969 2388 2023 sunt
2419 1961 2747 2041 jurgiorum
2785 1982 2891 2041 per

490 2060 557 2103 se
603 2041 665 2100 in
708 2042 988 2118 Ecclesia,
1036 2040 1140 2101 sed
1182 2060 1300 2100 nou
1338 2061 1470 2119 quae
1510 2049 1736 2101 tantum
1781 2062 1887 2119 per
1930 2042 2198 2101 accidens
2239 2050 2473 2120 propter
2515 2043 2888 2121 pertinaciam

490 2122 907 2259 hiplreticorum,
961 2121 1064 2199 qui
1114 2138 1291 2182 voces
1349 2120 1710 2201 impugnant,
1765 2130 1833 2182 ut
1885 2140 1979 2182 res
2029 2122 2188 2201 ipsas
2240 2122 2483 2182 vocibus
2535 2122 2890 2200 significatas

489 2208 553 2261 to
598 2209 715 2260 ant.

574 2279 894 2339 XXVIII.
938 2278 1103 2339 Licet
1130 2277 1451 2339 Concilium
1478 2277 1943 2341 Alexandrinum
1969 2278 2125 2357 apud
2167 2278 2479 2355 Socratem,
2507 2279 2610 2339 lib.
2637 2279 2719 2339 iii.
2748 2300 2800 2341 e.
2827 2282 2885 2358 5,

487 2378 605 2419 ιιοιι
632 2359 993 2437 usurpandos
1020 2358 1347 2419 decreverit
1366 2358 1513 2417 tales
1538 2359 1814 2419 terminos
1841 2359 1902 2418 1ιι
1929 2359 2304 2419 concionibus
2329 2359 2406 2419 ad
2431 2360 2742 2437 populum.
2784 2380 2888 2438 ag-

488 2439 678 2499 noscit
716 2447 909 2498 tamen
800 2457 1120 2595 pelliposse
1158 2438 1418 2515 legitime
1454 2438 1719 2497 adhiberi
1755 2439 1819 2497 in
1860 2436 2185 2515 Polemicis‚
2228 2438 2460 2517 quando
2485 2456 2578 2523 res
2602 2438 2772 2498 nobis
2797 2448 2889 2500 est

487 2536 621 2579 eum
648 2518 941 2595 versipelli
1075 2516 1362 2576 haereticis
1387 2517 1489 2593 qui
1514 2536 1585 2576 eo
1610 2536 1720 2576 nos
1745 2517 2006 2596 adigunt.

569 2596 831 2657 XXIX.
890 2596 1031 2655 Alia
1074 2604 1207 2656 sunt
1250 2595 1622 2657 fundamenta
1663 2596 1817 2675 fidei,
1861 2597 2002 2657 Alia
2039 2596 2303 2676 ejusdem
2341 2595 2728 2657 munimenta:
2771 2594 2888 2658 Illa

486 2675 812 2735 innitxmtur
846 2683 1074 2735 tantum
1114 2675 1425 2758 scripturis
1450 2684 1511 2735 et
1546 2695 1622 2735 ex
1661 2676 1779 2737 illis
1817 2685 2124 2754 pettmtur3
2168 2676 2294 2736 Ista
2319 2683 2686 2736 assumuntur
2710 2675 2886 2735 etiam

485 2761 654 2814 extra
697 2755 1021 2833 ScrIpturas
1062 2761 1262 2813 contra
1306 2755 1768 2833 impugnantium
1811 2755 2078 2816 insultus.
2161 2756 2285 2834 Ηιι3
2289 2755 2517 2815 usmodi
2557 2764 2693 2815 sunt
2723 2757 2888 2816 varia

486 2834 601 2972 ista
620 2834 907 2894 vocabula
926 2853 963 2894 a
980 2833 1293 2912 Theologis
1313 2835 1643 2913 excogitata
1659 2833 1736 2894 ad
1753 2835 2210 2914 praevertendam
2229 2777 2489 2896 fraudem
2507 2843 2569 2896 et
2587 2860 2714 2894 ran
2691 2838 2888 2917 ovgylaev

530 2914 759 2972 aeretico

484 3019 495 3028 -
569 2933 932 3052 XXerBe
962 2992 1089 3052 Deo
1114 3010 1233 3052 uon
1258 3001 1349 3052 est
1340 2992 1727 3132 Ingruendum
1751 2993 1866 3054 uisi
1893 3013 2024 3054 cum
2047 2994 2191 3071 Deo,
2214 2993 2294 3053 id.
2321 2993 2470 3052 nihil
2495 2993 2884 3072 asserendum,

486 3071 603 3131 nisi
641 3071 855 3149 quod
838 3092 963 3150 1pse
998 3071 1306 3131 asseruerit
1489 3072 1627 3132 erbo
1669 3091 1775 3134 suo
1815 3073 2008 3150 quoad
2043 3093 2139 3134 res
2173 3074 2346 3152 ipsas,
2391 3073 2496 3132 sed
2537 3092 2655 3132 non
2691 3073 2884 3133 statim

486 3151 681 3228 quoad
699 3170 909 3228 voces3
948 3151 1092 3210 alias
1117 3169 1237 3210 non
1262 3151 1377 3212 alia
1401 3151 1603 3231 lingua
1628 3171 1803 3231 quam
1825 3153 2140 3232 Hebraea,
2121 3173 2184 3213 m
2204 3172 2322 3232 qua
2341 3153 2503 3214 Deus
2527 3153 2757 3215 locutus
2775 3160 2879 3231 est,

486 3229 562 3290 de
587 3229 707 3292 illis
732 3239 887 3293 esset
909 3230 1281 3310 loquendum.

1346 3469 1738 3548 QUAEsrlo
1779 3471 2036 3534 xxlv.

564 3628 659 3691 An
688 3629 982 3691 Trinitatis
1007 3628 1342 3709 Mysterium
1366 3630 1439 3689 sit
1462 3630 1752 3691 Articulus
1761 3629 2395 3711 fiendamentalisfldei.
2385 3631 2411 3673 ²
2451 3627 2573 3690 ΔΕ.
2601 3636 2803 3690 contra

1386 3709 1578 3772 Socin.
1606 3718 1670 3771 et
1696 3711 1996 3771 Remonst.

564 3866 617 3925 1.
658 3866 993 3946 Antequam
1020 3867 1092 3927 de
1124 3868 1371 3928 Ver-itate
1396 3867 1668 3947 Hysterii
1694 3868 1994 3929 Trinitatis
2021 3868 2396 3947 disputemus,
2427 3866 2500 3927 de
2527 3867 2657 3927 e⁰us
2587 3869 2882 3927 us-Neces

479 3945 642 4004 sitate
667 3947 931 4022 quaedam
958 3946 1204 4006 dicenda
1242 3955 1394 4023 sunt,
1435 3967 1554 4008 non
1594 3948 1767 4008 modo
1795 3957 1994 4009 contra
2018 3948 2363 4024 Socinianos‚
2392 3947 2495 4025 qui
2689 3954 2750 4006 te
2781 3965 2882 4006 ne-

482 4031 625 4100 gant
650 4025 805 4084 hunc
832 4044 958 4085 esse
984 4025 1122 4084 fidei
1146 4027 1489 4086 articulum.
1526 4026 1631 4086 sed
1657 4027 1832 4086 etiam
1856 4035 2090 4106 propter
2116 4029 2590 4102 Remonstmntes,
2619 4026 2721 4102 qui
2746 4021 2885 4085 lieet

481 4101 640 4161 illius
680 4102 855 4162 fidem
894 4104 1202 4164 videantur
1240 4104 1514 4183 profiteri,
1560 4115 1778 4182 negant
1818 4115 2011 4166 tamen
2053 4107 2312 4167 articulis
2357 4105 2884 4165 fundamentalibus

480 4201 611 4242 esse
637 4181 1073 4258 accensendum,
1102 4193 1169 4244 ut
1196 4185 1320 4244 sine
1342 4183 1545 4244 salutis
1565 4185 1867 4263 dispendio
1893 4187 2078 4265 possit
2103 4207 2140 4246 a
2156 4185 2371 4246 nobis
2351 4185 2641 4264 ignorari3
2679 4193 2746 4244 ut
2771 4185 2884 4243 hoc

480 4280 599 4320 uon
636 4261 878 4320 obscure
916 4269 1217 4338 testantur,
1265 4262 1340 4321 In
1369 4261 1696 4342 Apolog.s
1667 4283 1788 4342 sua,
1832 4285 1882 4325 c.
1926 4269 2010 4344 33
2055 4266 2128 4324 In
2166 4284 2444 4344 responso
2492 4264 2569 4323 ad
2611 4271 2886 4341 excerpta

484 4341 560 4400 D.
566 4340 640 4399 D.
672 4339 922 4400 Profess.
954 4339 1199 4419 Leid.p
1202 4343 1342 4418 3.8,
1374 4343 1486 4418 393
1530 4352 1590 4403 et
1614 4344 1967 4422 Epoecopim,
1994 4313 2099 4405 lib.
2133 4345 2214 4404 iv.
2244 4345 2391 4404 Inst.
2421 4364 2472 4403 c.
2501 4346 2615 4421 343
2659 4344 2743 4402 sic
2771 4342 2882 4402 sci-

480 4420 619 4480 licet
644 4419 746 4498 qui
773 4419 1098 4479 clanculum
1125 4362 1410 4482 subruunt
1434 4421 1772 4501 dogmatum
1801 4423 2256 4484 Christianorum
2280 4424 2602 4497 veritatem,
2629 4423 2882 4514 plerum-

479 4520 593 4578 que
619 4499 781 4578 prius
800 4499 1177 4577 quaestionem
1195 4511 1431 4561 movent
1451 4502 1523 4561 de
1544 4523 1743 4562 eorum
1763 4511 2054 4564 momento
2073 4513 2134 4564 et
2151 4505 2511 4580 necessitate,
2533 4510 2601 4561 ut
2619 4499 2884 4559 homines

479 4580 542 4638 in
569 4579 892 4640 securitatis
914 4599 1179 4640 somnum
1197 4581 1436 4660 inducti,
1458 4589 1621 4642 tanto
1643 4581 1868 4644 facilius
1886 4584 2190 4645 veritatem
2213 4585 2324 4644 sibi
2345 4581 2542 4647 excuti
2567 4580 2877 4704 patiantur-3

480 4679 587 4720 nec
614 4660 910 4721 decertent
934 4679 1041 4740 pro
1067 4659 1181 4721 fide
1210 4662 1389 4722 semel
1418 4661 1647 4724 Sanctis
1675 4663 1827 4723 data.

3231 3421 3281 3690 Δ-ᾼ
