3300 5225
400 345 629 398 ocmsr.
658 325 755 409 110]
1278 345 1359 386 nn
1385 345 1599 387 manno
1626 343 1928 387 Anax-ruo.
2682 327 2801 388 599

1342 566 1732 644 QUAESTIO
1773 567 1860 628 11.

392 726 491 788 An
526 724 837 789 Voluntatis
864 723 1110 789 merati
1128 734 1406 806 repuynet
1428 727 1959 870 mutaticum&
1974 727 2004 788 3
2046 728 2216 806 Neg„
2247 734 2449 790 contra
2475 725 2692 788 Pontif.
2739 735 2800 786 et

358 1025 367 1032 .
476 966 529 1027 Ι.
571 967 907 1046 Antequam
933 965 1007 1026 de
1034 974 1241 1028 natura
1277 973 1341 1028 et
1376 966 1600 1028 ratione
1626 966 1856 1026 formali
1883 964 2082 1026 Liberi
2107 965 2358 1028 Arbitrii
2377 966 2656 1041 dicamus,
2691 983 2796 1025 ex·

394 1047 667 1108 eutienda
692 1056 783 1108 est
808 1047 1052 1124 quaestio
1078 1047 1374 1124 proposita
1397 1055 1633 1126 propter
1653 1046 2056 1125 Adversarios‚
2081 1067 2328 1126 quorum
2353 1048 2466 1108 hoc
2493 1055 2584 1107 est
2608 1047 2798 1128 πςῦτον

394 1125 593 1204 ψύθος,
624 1128 720 1187 cui
748 1135 1152 1204 sapei-struunt
1180 1127 1395 1204 dogma
1434 1145 1604 1186 suum
1629 1145 1935 1186 erroneum
1962 1127 2036 1187 de
2073 1129 2326 1188 essentia.
2358 1126 2645 1188 libertatis
2685 1125 2800 1185 sita

392 1208 456 1266 in
482 1206 900 1283 indifferentia3
943 1207 1214 1266 nimirum
1239 1207 1639 1268 Necessitatem
1663 1207 1917 1283 quamvis
1937 1207 2183 1267 libertati
2202 1208 2500 1268 volzmtatis
2525 1209 2796 1267 adversa-

394 1289 467 1364 ri,
490 1297 546 1348 et
569 1288 943 1347 necessitatem
958 1308 1029 1346 ac
1054 1287 1362 1346 libertatem
1380 1306 1496 1346 esse
1519 1283 1906 1368 ἐπιδιῃςψίνυς
1933 1287 2217 1364 oppositas
2232 1307 2252 1346 .·
2293 1289 2418 1348 Nec
2433 1287 2668 1348 liberum
2693 1305 2795 1346 as·-

393 1367 621 1426 bitrium
646 1367 865 1444 concipi
888 1376 993 1426 aut
1016 1366 1251 1442 intelligi
1274 1386 1444 1443 posse
1469 1387 1595 1426 cum
1622 1366 2082 1429 determinatione
2107 1369 2192 1426 ad
2213 1388 2386 1428 unum
2409 1367 2524 1427 sive
2548 1387 2676 1426 cum
2700 1385 2795 1426 ne·

392 1448 643 1508 cessitate
668 1448 813 1508 illud
834 1448 1222 1506 antecedenter
1247 1447 1664 1508 detor-minante.
1749 1447 1974 1525 Scopus
2009 1467 2128 1508 non
2165 1448 2318 1508 alius
2349 1456 2455 1522 est,
2491 1467 2664 1525 quam
2690 1464 2796 1504 vo-

393 1527 679 1588 luntatem
712 1526 965 1586 hominis
1000 1526 1255 1586 eximere
1291 1547 1328 1585 a
1360 1527 1706 1586 necessitate
1731 1525 2226 1592 determinationis
2262 1535 2322 1587 et
2363 1525 2798 1606 gubernationis

396 1606 631 1685 divina,
660 1616 720 1667 et
743 1603 1010 1669 ἇδίσποτον
1036 1625 1105 1666 ac
1128 1606 1439 1666 Dominam
1465 1625 1701 1667 suornm
1727 1615 1961 1667 actuum
1981 1607 2348 1668 constituere.

1008 1686 1094 1745 11.
1126 1685 1285 1746 Huic
1313 1686 1762 1764 Pelagianorum
1789 1686 2112 1764 assertioni,
2131 1687 2441 1765 opponitur
2458 1683 2798 1746 orthodoxa

399 1751 514 1798 ΝΜ
536 1753 693 1798 οωὼ
724 1766 885 1799 mm·
926 1765 1162 1841 veritas,
1208 1785 1339 1844 quae
1387 1766 1607 1843 statuit,
1655 1767 1790 1826 Non
1830 1787 2060 1827 omnem
2099 1767 2500 1826 necessitatem
2539 1785 2800 1843 pugnare

454 1813 901 1914 lsinbtzsmtuispuggffi
940 1865 1073 1906 cum
1099 1845 1383 1921 libertate,
1414 1846 1470 1904 Ν
1472 1866 1538 1905 ec
1565 1865 1796 1906 omnem
1831 1846 2007 1906 etiam
2051 1867 2182 1932 cum
2223 1867 2294 1906 ea
2321 1846 2651 1921 subsistere,
2695 1843 2802 1904 sed

454 1927 677 1986 qwdm
773 1929 883 1972 *⁵⁸¹²-
922 1925 1175 2002 aliquam
1202 1945 1334 1984 cum
1360 1943 1431 1984 ea
1450 1944 1578 1986 esse
1602 1924 1900 2002 εἰσ-ὕπατ’,
1919 1927 2174 2005 aliquam
2192 1947 2333 1986 vero
2361 1945 2494 1986 cum
2521 1945 2592 1986 ea
2615 1924 2800 1984 amice

460 1989 585 2031 ‘¹²³²’
919 2004 1267 2098 conspirare,
1294 2004 1461 2097 quod·
1479 2024 1655 2083 supra
1681 2007 1808 2083 jam
1834 2006 2021 2066 obiter
2046 2007 2416 2066 observatum
2445 1995 2586 2065 Loc'.
2614 2001 2799 2065 VIII.

400 2085 513 2162 Qu.
547 2086 601 2144 1.
628 2083 804 2162 paulo
832 2083 1164 2144 distinctius
1188 2093 1281 2144 est
1306 2085 1734 2163 explicandum.
2417 2103 2420 2106 ’

482 2163 607 2224 111.
648 2163 817 2224 Varii
856 2165 1019 2224 varie
1046 2164 1403 2224 Libertatem
1446 2163 1623 2224 distin
1705 2170 1834 2224 unt.
1919 2162 2168 2238 Quidam
2210 2172 2279 2224 ut
2320 2165 2682 2240 Ber-nardus,
2724 2163 2799 2225 de

404 2244 571 2305 Grat.
601 2252 661 2303 et
686 2242 789 2304 lib.
808 2244 971 2321 arbi„
1002 2252 1063 2304 et
1088 2265 1165 2304 ex
1192 2263 1263 2304 eo
1278 2245 1567 2320 Lombar„
1588 2243 1635 2302 li
1679 2288 1694 2303 .
1711 2243 1774 2302 ii.
1793 2242 1928 2304 dist.
1951 2245 2048 2322 25,
2068 2243 2352 2323 triplicem
2379 2244 2518 2304 facit
2537 2244 2799 2304 Liberta-

402 2333 528 2398 tem,
555 2323 801 2401 primam
827 2345 864 2382 a
888 2324 1221 2400 necessitate,
1265 2322 1579 2384 secundam
1618 2344 1656 2382 a
1683 2333 1936 2400 peccate,
1978 2324 2208 2386 tertiam
2233 2345 2272 2384 a
2295 2325 2542 2384 maerin.
2625 2324 2800 2384 Illam

402 2411 577 2464 vocat
600 2411 841 2480 natur-ce,
882 2423 1057 2482 quam
1098 2404 1345 2464 contulit
1368 2403 1539 2463 nobis
1580 2403 1641 2462 in
1681 2403 2012 2463 conditione
2051 2411 2312 2481 naturae3
2357 2404 2540 2463 Istam
2571 2405 2797 2482 qratioe,

401 2483 540 2561 quia
564 2490 953 2544 restauramur
992 2483 1071 2542 ad
1115 2503 1243 2542 eam
1284 2482 1345 2542 in
1371 2483 1597 2560 gratia3
1643 2482 1816 2542 Hanc
1837 2484 2056 2561 qloviae,
2085 2484 2223 2562 quia
2256 2491 2586 2544 reservatur
2629 2483 2801 2544 nobis

400 2563 465 2623 in
492 2563 697 2642 gloria.
781 2563 895 2625 Per
939 2564 1184 2642 primam
1230 2571 1571 2641 proestamus
1612 2563 1839 2625 caeteris
1881 2563 2289 2640 animantibus,
2337 2584 2441 2643 per
2485 2563 2802 2626 secundam

400 2662 653 2719 carnem,
680 2663 786 2721 per
810 2644 1039 2705 tertiam
1066 2652 1311 2703 mortem
1338 2644 1700 2721 subjicimus.
1784 2643 1983 2703 Prima
2022 2643 2106 2703 sic
2133 2644 2414 2705 naturalis
2442 2653 2532 2705 est
2557 2644 2796 2721 homini,

401 2731 468 2784 ut
495 2732 747 2801 nequeat
772 2723 893 2783 ullo
922 2723 1095 2783 modo
1122 2723 1283 2801 eripi,
1327 2723 1458 2783 alise
1499 2723 1629 2783 duae
1670 2743 1775 2802 per
1805 2731 2108 2802 peccatum
2136 2731 2272 2784 sunt
2297 2724 2544 2784 amissae.
2629 2724 2802 2785 Hanc

402 2803 833 2864 distinctionem
880 2803 1051 2863 facile
1092 2802 1418 2881 recipimus,
1463 2802 1637 2863 modo
1683 2803 1793 2863 snb
1831 2802 2192 2864 necessitatis
2230 2822 2377 2862 voce
2403 2802 2800 2883 intelligamus

401 2893 523 2943 tam
554 2884 959 2943 necessitatem
1003 2884 1307 2963 physicam
1352 2902 1531 2961 quam
1568 2882 1902 2959 coactionis,
1931 2903 2062 2961 quse
2103 2902 2236 2943 cum
2272 2882 2562 2945 libertatis
2595 2895 2804 2947 natura

402 2973 543 3025 sunt
566 2962 865 3023 οἱα-ὕστατοι.

487 3043 599 3103 IV.
646 3044 767 3104 Sed
790 3054 858 3104 ut
884 3043 1099 3103 clarius
1123 3060 1219 3103 res
1260 3050 1389 3103 tota
1434 3050 1649 3121 pateat,
1693 3041 2022 3103 libertatem
2062 3050 2122 3103 et
2160 3042 2564 3104 necessitatem
2591 3042 2654 3103 in
2695 3063 2802 3104 sex

404 3124 596 3202 capita
621 3124 964 3185 tribuimusz
1007 3122 1295 3183 Nimirum
1320 3130 1389 3183 ut
1414 3124 1708 3185 Voluntas
1734 3130 1927 3201 potest
1954 3122 2218 3201 spectari,
2247 3120 2366 3183 Vel
2391 3122 2614 3185 ratione
2705 3146 2801 3185 en·

404 3201 473 3261 tis
500 3203 736 3277 externi,
782 3202 899 3261 Vel
924 3204 1147 3262 ratione
1172 3203 1426 3261 mater-icc
1452 3213 1507 3263 et
1529 3223 1720 3263 sensus
1747 3202 1970 3279 interni,
2013 3202 2130 3263 Vel
2157 3203 2379 3263 ratione
2404 3202 2540 3281 Dei,
2567 3144 2802 3265 Vegfm-

403 3282 562 3341 tione
590 3282 890 3341 intellectus
906 3282 1169 3357 practici,
1212 3281 1330 3340 Vel
1356 3282 1577 3342 ratione
1604 3282 1864 3341 bonitatis
1890 3292 1994 3342 aut
2015 3282 2246 3341 malitiae
2273 3282 2467 3361 objecti
2502 3304 2607 3362 pro
2685 3284 2800 3361 siti,

405 3361 523 3421 Vel
548 3362 770 3421 ratione
798 3369 1017 3419 eventia
1046 3370 1097 3419 et
1122 3361 1443 3429 existentioe.
1526 3361 1686 3419 Hinc
1707 3361 2019 3438 sextuplex
2038 3363 2220 3421 oritur
2243 3363 2578 3441 necessitas,
2659 3364 2806 3423 rima

402 3441 697 3501 necessitas
721 3440 1037 3515 coactionis,
1068 3459 1197 3516 quae
1226 3440 1408 3499 oritur
1432 3439 1508 3498 ab
1534 3448 1748 3517 agente
1775 3449 2033 3514 externo,
2076 3440 2224 3499 nihil
2251 3440 2579 3503 conferente
2605 3464 2676 3503 eo
2702 3443 2806 3521 qui

403 3522 651 3599 cogitur.
737 3519 1010 3581 Secunda
1032 3519 1325 3579 necessitas
1360 3520 1601 3596 physica
1628 3528 1682 3579 et
1705 3520 1890 3595 bruta,
1936 3538 2068 3596 quae
2109 3518 2358 3578 occurrit
2383 3519 2445 3577 in
2471 3520 2802 3581 inanimatis

403 3608 464 3661 et
491 3600 695 3676 brutis,
724 3620 855 3678 quae
882 3620 1038 3660 coeco
1063 3607 1284 3659 naturae
1312 3598 1549 3677 impetu,
1586 3599 1686 3659 vel
1711 3598 1882 3659 bruto
1909 3597 2188 3658 instinctu
2213 3606 2274 3657 et
2299 3598 2498 3657 innato
2525 3600 2802 3677 appetitu,

404 3680 568 3740 nullo
596 3689 791 3741 autem
816 3678 1302 3740 rationis-lumine
1328 3687 1529 3757 agunt,
1571 3687 1639 3739 ut
1678 3678 1993 3739 necessitas
2019 3677 2176 3755 ignis
2201 3676 2278 3737 ad
2303 3677 2586 3737 urendum
2612 3678 2804 3756 posito

301 3793 310 3803 ·
406 3760 637 3837 objecto
683 3758 1093 3833 combustibili,
1121 3758 1438 3818 necessitas
1484 3758 1549 3817 in
1594 3761 1746 3836 equo
1790 3757 1868 3817 ad
1915 3756 2204 3819 edendum
2249 3757 2440 3837 posita
2484 3757 2665 3818 herba
2705 3758 2807 3819 vel

404 3840 580 3917 foeno,
611 3840 735 3899 sine
762 3839 886 3899 ulla
911 3838 1203 3921 remeia-u.
1267 3838 1465 3897 Tertia
1480 3847 1571 3899 est
1596 3837 1890 3897 necessitas
1907 3838 2286 3915 dependentia
2302 3845 2578 3897 creaturae
2598 3858 2634 3896 a
2656 3838 2803 3915 Deo,

406 3928 528 3979 tam
554 3919 749 3997 quoad
776 3922 896 3996 jus,
926 3929 987 3981 et
1016 3920 1237 3997 Legem
1263 3918 1339 3977 ab
1366 3918 1471 3978 illo
1498 3918 1766 3997 positam,
1796 3937 1972 3997 quam
2011 3915 2206 3996 quoad
2231 3918 2476 3995 sactum,
2519 3918 2804 3995 guberna-

404 3999 625 4059 tionem
652 4000 875 4059 scilicet
898 3998 1300 4077 providentia,
1348 4001 1401 4057 1.
1431 3998 1493 4057 in
1531 3995 1908 4059 antecedente
1949 3994 2200 4073 decret0,
2243 4002 2301 4057 2.
2329 3996 2390 4055 in
2419 3998 2808 4078 subsequente
2863 4034 2874 4053 0

404 4079 783 4155 executione;
813 4100 943 4157 quse
960 4077 1277 4139 necessitas
1296 4077 1507 4138 dicitur
1531 4076 1926 4157 hypothetica,
1955 4084 2081 4137 tum
2105 4076 2555 4155 infallibilitatis,
2583 4078 2807 4139 ratione

402 4158 799 4237 praescientiae,
844 4167 969 4219 tum
1010 4158 1511 4233 immutabilitatis,
1555 4158 1778 4217 ratione
1820 4156 2054 4233 decreti,
2104 4165 2163 4216 et
2189 4158 2433 4218 actualis
2473 4178 2806 4219 concursus.

408 4238 627 4315 Quarta
654 4240 949 4299 necessitas
964 4236 1283 4312 rationalis,
1300 4238 1781 4297 determinationis
1807 4238 1892 4297 ad
1914 4258 2087 4299 unum
2114 4238 2188 4296 ab
2214 4237 2544 4299 intellectus
2569 4238 2810 4317 practici

396 4319 639 4396 judicio,
685 4318 781 4379 cui
808 4318 1087 4396 refragari
1112 4338 1231 4377 non
1256 4325 1450 4395 potest
1475 4317 1768 4377 voluntas.
1853 4316 2068 4393 Quinta
2093 4318 2385 4379 necessitas
2410 4317 2660 4395 moralis,
2702 4338 2810 4379 seu

402 4398 699 4475 servitutis,
730 4419 861 4476 quse
902 4398 1085 4457 oritur
1112 4418 1187 4456 ex
1228 4397 1525 4456 habitibus
1553 4396 1724 4457 bonis
1751 4392 1849 4456 vel
1875 4398 2062 4473 malis,
2093 4405 2155 4458 et
2179 4398 2428 4477 appulsu
2454 4400 2811 4477 objectorum

402 4479 481 4539 ad
507 4479 811 4539 facultates
838 4498 973 4538 suas
1000 4500 1016 4538 z
1060 4478 1151 4537 Ea
1176 4478 1330 4537 enim
1358 4485 1448 4536 est
1472 4476 1778 4536 habituum
1807 4478 2114 4537 moralium
2140 4478 2307 4553 ratio,
2351 4486 2416 4537 ut
2441 4478 2710 4556 quamvis
2748 4478 2812 4537 in

401 4567 605 4620 nostra
630 4566 918 4637 potestate
946 4577 1147 4617 eorum
1175 4556 1481 4635 acquisitio
1510 4556 1702 4634 fuerit,
1733 4554 1836 4617 ubi
1863 4566 2060 4617 tamen
2085 4558 2362 4617 voluntas
2376 4564 2576 4616 nostra
2599 4558 2674 4617 iis
2701 4557 2808 4617 im-

400 4638 545 4699 buta
571 4647 677 4717 est,
708 4657 897 4716 neque
924 4658 1042 4722 non
1069 4636 1327 4698 exerceri
1352 4655 1540 4715 neque
1568 4635 1784 4715 deponi
1809 4637 2052 4716 possint,
2083 4636 2424 4698 ut‘Philoso.
2455 4644 2612 4697 recte
2639 4636 2811 4700 docet
