3300 5225
300 318 521 367 ouns‘r.
551 297 665 380 1x.]
1300 320 1379 360 ns
1409 319 1691 364 racemo.
2587 304 2706 363 555

300 467 399 520 tus
423 460 553 520 luce
583 459 970 535 collustratus,
1000 459 1111 519 hoc
1146 459 1273 540 ipso
1302 462 1768 540 corruptissimus
1815 469 1920 538 est,
1963 471 2022 522 et
2064 462 2210 521 niliil
2252 461 2392 522 boni
2434 469 2708 540 praestare

301 547 513 618 potest.
596 543 653 599 3.
699 540 977 614 Quamvis
1005 541 1241 600 axioma
1287 542 1696 602 concederetur
1724 543 1917 619 quoad
1963 543 2078 602 alia
2117 551 2371 621 peccata,
2401 543 2710 619 peculiaris
2817 577 2823 582 .

306 629 501 679 tamen
528 628 618 680 est
644 621 791 679 ratio
818 621 1003 696 istius,
1036 640 1151 698 quo
1178 621 1369 682 foedus
1396 621 1639 681 fractum
1679 630 1784 698 est,
1815 643 1884 682 ac
1923 622 2166 716 proinde
2206 622 2486 681 beneficia
2517 623 2710 680 omnia

305 699 541 760 foederis
568 699 797 760 amissa.
875 703 933 759 4.
978 699 1362 761 Confirmatur
1388 721 1423 760 a
1449 701 1574 794 pari
1600 702 1662 759 in
1690 701 1957 779 Angelis,
1981 703 2083 779 qui
2107 711 2345 780 peccato
2373 723 2479 762 suo
2505 702 2586 761 ita
2607 722 2708 760 ex-

306 789 610 840 cusserunt
635 780 897 839 habitum
926 780 1247 840 sanctitatis
1274 788 1333 841 et
1353 781 1614 860 justitiae,
1645 781 1707 842 in
1734 783 1978 842 veritate
2005 803 2123 843 non
2151 783 2375 858 stando,
2416 783 2460 841 J
2463 781 2556 842 oh
2586 781 2708 840 viii.

309 863 407 936 44,
437 868 505 920 ut
529 861 746 920 malum
772 862 964 919 ἐνίπτοι
992 860 1105 919 sibi
1130 861 1557 920 accersiverint.
1642 864 1699 921 5.
1746 863 1869 940 Ipsi
1896 862 2241 923 Adversarii
2269 862 2536 937 fatentur,
2567 881 2709 939 quo-

308 941 401 1000 vis
429 941 695 1018 graviore
721 949 959 1018 peccato
987 939 1175 999 amitti
1206 941 1483 1019 Spiritum
1516 942 1810 1001 Sanctum.

390 1021 547 1080 XII.
596 1021 701 1080 Si'
684 1041 747 1078 ιιι
773 1020 1050 1098 regenitis
1076 1039 1180 1097 per
1206 1020 1462 1099 ipsorum
1490 1030 1792 1099 peccatum
1819 1042 1936 1081 non
1965 1021 2257 1082 excutitur
2282 1021 2518 1082 habitus
2546 1041 2710 1080 sanc·

310 1101 495 1160 titatis
521 1101 659 1160 licet
686 1100 1070 1179 imperfectuS,
1100 1100 1203 1177 qui
1229 1119 1512 1160 excussus
1540 1100 1649 1160 fuit
1675 1122 1780 1179 per
1806 1100 2025 1160 Adami
2064 1101 2289 1178 lapsum
2327 1102 2465 1161 licet
2490 1101 2707 1179 perfec-

309 1189 405 1240 tus
460 1189 628 1256 esset,
678 1181 790 1240 hoc
842 1200 959 1238 non
1004 1180 1221 1258 pendet
1266 1201 1303 1239 a
1346 1188 1553 1240 natura
1596 1181 1838 1258 peccati,
1884 1182 1989 1240 sed
2041 1201 2076 1240 a
2113 1181 2300 1258 gratia
2338 1200 2710 1259 perseveran-

308 1261 425 1400 ῗὶἰαί,
454 1261 592 1401 qpia
614 1259 819 1322 fideles
843 1260 1063 1321 habent
1086 1261 1527 1338 promissionem
1568 1262 2032 1340 perseverantias,
2075 1281 2244 1338 quam
2289 1260 2556 1320 Adamus
2593 1281 2712 1320 non

352 1361 387 1400 a
426 1361 486 1400 ιιι
516 1386 531 1401 .

1236 1580 1623 1656 QUAESTIO
1667 1581 1786 1641 IX.

309 1740 405 1798 An
430 1740 670 1799 actualis
709 1739 1078 1800 inobedientia
1105 1741 1321 1800 Adami
1356 1741 1606 1800 omnibus
1648 1743 1764 1816 eius
1795 1741 2040 1818 posteris
2065 1738 2325 1799 naturali
2356 1741 2717 1815 qeneratione

398 1821 471 1879 ab
498 1841 561 1879 eo
589 1821 843 1878 oriundis
862 1821 1165 1897 imputetur
1190 1822 1554 1898 imputatione
1580 1821 1908 1881 immediata
1935 1830 1988 1879 et
2011 1823 2363 1880 antecedente
2384 1822 2412 1878 ,²
2494 1819 2614 1880 Aff.

391 1979 443 2038 1.
487 1979 653 2039 Licet
680 1998 880 2038 omnes
910 1978 1221 2039 Christiani
1248 1979 1612 2039 consentiant
1639 1979 1702 2038 in
1729 1979 2024 2058 agnitione
2069 1980 2294 2073 peccati
2332 1979 2566 2056 Adami,
2597 1999 2716 2038 non

299 2079 513 2152 parum
539 2068 733 2118 tamen
762 2059 912 2118 inter
938 2078 1001 2117 se
1030 2059 1313 2118 dissident
1340 2059 1533 2153 quoad
1560 2060 1688 2137 ejus
1715 2059 1934 2135 effecta,
1965 2059 2330 2136 potissimum
2356 2078 2496 2118 vero
2523 2059 2718 2137 quoad

313 2139 769 2217 imputationem,
798 2158 928 2216 quae
956 2159 993 2196 a
1020 2139 1197 2197 variis
1226 2139 1365 2198 vel
1348 2159 1411 2197 ιιι
1438 2138 1679 2198 dubium
1705 2147 1964 2214 vocatur,
1996 2139 2093 2196 vel
2119 2148 2315 2216 aperte
2341 2147 2606 2215 negatur.

314 2242 525 2294 Quinam
534 2247 713 2303 ωαψς,
726 2229 815 2289 im'-
936 2218 1023 2276 II.
1068 2219 1214 2277 Haec
1241 2219 1395 2278 fuit·
1370 2238 1495 2296 Jam
1523 2219 1662 2278 olim
1699 2218 2143 2295 Pelagianos-um
2182 2225 2446 2277 veterum
2485 2227 2714 2278 senten-

368 2303 675 2406 Ξὲιὲειιὶοιιοω
708 2315 815 2361 pec-
856 2297 954 2373 tia,
986 2299 1087 2375 qui
1112 2299 1531 2376 pertendebant
1559 2299 1870 2358 Peccatum
1899 2297 2160 2356 Adami
2142 2298 2255 2376 ipsi
2283 2297 2394 2356 soli
2428 2297 2712 2373 nocuisse,

315 2455 605 2534 Apostoli,
638 2456 808 2516 Rom.
837 2478 897 2517 v.
931 2457 1023 2532 12,
1060 2457 1135 2516 ad
1178 2457 1515 2518 imitationis
1560 2459 1892 2535 exemplum
1931 2457 2373 2534 restringebant.
2459 2456 2716 2532 Quorum

311 2536 375 2594 in
400 2538 513 2596 hoc
536 2537 742 2615 capite,
770 2546 838 2596 ut
865 2538 927 2596 in
954 2538 1175 2598 caeteris
1216 2537 1337 2598 fere
1378 2537 1662 2615 omnibus,
1693 2537 1945 2616 vestigia
1986 2545 2255 2616 premunt
2279 2537 2585 2615 Sociniani,
2615 2538 2718 2616 qui

312 2618 527 2677 diserte
553 2627 771 2694 negant
796 2626 981 2678 totum
1010 2637 1196 2697 genus
1221 2620 1537 2678 humanum
1564 2638 1834 2696 peccasse
1861 2627 1922 2677 et
1956 2618 2184 2695 lapsum
2211 2638 2338 2677 esse
2375 2619 2438 2677 in
2465 2618 2715 2695 Adamo,

312 2706 415 2757 aut
440 2698 697 2757 voluisse
720 2698 927 2774 Deum,
958 2707 1024 2759 ut
1050 2707 1283 2777 propter
1310 2718 1490 2759 unum
1515 2698 1683 2758 illum
1717 2698 1944 2777 lapsum
1973 2706 2160 2758 totum
2190 2717 2374 2774 genus
2401 2699 2718 2758 humanum

312 2797 475 2837 reum
504 2786 658 2837 esset
684 2778 922 2856 peccati,
952 2786 1019 2839 ut
1044 2779 1281 2839 Socinus
1306 2778 1564 2872 loquitur
1582 2778 1658 2837 de
1687 2786 1841 2838 statu
1868 2778 2040 2857 primi
2065 2778 2242 2837 homi.
2272 2798 2397 2855 cap.
2439 2798 2502 2836 x.
2545 2786 2604 2837 et
2643 2778 2718 2838 de

317 2858 578 2919 ServatO.
606 2878 741 2937 pag.
772 2862 827 2935 3,
858 2878 983 2937 cap.
1014 2861 1072 2935 8,
1106 2861 1141 2893 ‘⁶
1169 2858 1426 2919 Tametsi
1467 2878 1668 2918 omnes
1701 2858 1776 2917 ab
1803 2858 2035 2918 Adamo
2073 2857 2359 2936 prognati,
2389 2858 2562 2916 morti
2587 2878 2715 2937 per·

312 2948 501 3016 petuae
530 2938 647 2997 sint
673 2938 929 3032 obnoxii,
957 2958 1076 2998 non
1102 2938 1235 2999 ideo
1260 2939 1345 3015 ιιι,
1376 2938 1577 3032 quod
1560 2938 1704 3017 ipsis
1724 2938 1941 2997 Adami
1969 2938 2243 2997 delictum
2263 2938 2593 3015 imputetur,
2615 2937 2720 2997 sed

313 3018 451 3094 quia
476 3017 551 3076 ab
580 3038 649 3076 eo
676 3018 965 3097 progeniti
994 3028 1145 3095 sunt,
1170 3019 1271 3113 qui
1297 3018 1469 3078 morti
1489 3026 1781 3096 perpetuae
1809 3018 2008 3078 divino
2034 3017 2268 3077 decreto
2295 3017 2406 3077 fuit
2432 3017 2717 3078 addictus.

316 3098 397 3155 Et
420 3097 505 3156 ita
529 3117 653 3155 non
678 3106 913 3176 propter
938 3099 1163 3176 peccati
1180 3100 1618 3177 imputationem
1646 3098 1712 3157 id
1737 3099 1856 3159 illis
1885 3097 2146 3176 contigit,
2187 3097 2290 3157 sed
2335 3106 2571 3177 propter
2617 3118 2718 3176 ge-

311 3176 469 3235 neris
495 3178 1029 3254 propagationem.''

397 3256 518 3314 III.
558 3255 617 3313 A
646 3256 857 3332 quibus
884 3276 1003 3315 non
1028 3257 1305 3318 recedunt
1342 3258 1746 3335 Anabaptnktae,
1789 3258 1890 3337 qui
1929 3266 2148 3337 negant
2187 3266 2450 3336 posteros
2487 3266 2722 3336 propter

314 3336 540 3413 lapsum
570 3334 883 3413 primorum
910 3344 1211 3429 parentum
1240 3356 1367 3395 esse
1394 3356 1542 3395 reos·
1626 3338 1752 3396 Nec
1779 3338 1894 3396 alia
1921 3346 2010 3397 est
2045 3338 2564 3397 Remonstrantmm
2591 3358 2721 3398 sen-

314 3416 530 3493 tentia3
577 3414 857 3489 Quamvis
884 3415 1039 3474 enim
1067 3416 1141 3474 ab
1182 3415 1347 3473 initio
1396 3416 1669 3492 ambigue
1714 3416 2103 3493 loquerentur,
2133 3425 2201 3475 ut
2245 3418 2530 3476 incertum
2567 3424 2721 3477 esset

314 3495 457 3574 quid
486 3502 819 3569 statuerent,
850 3502 1052 3573 postea
1090 3502 1303 3570 tamen,
1335 3494 1511 3572 Apol.
1543 3514 1592 3553 c.
1622 3495 1745 3570 vii.,
1775 3514 1894 3553 non
1921 3494 2164 3553 obscure
2192 3514 2254 3554 se
2287 3496 2610 3555 Socinianis
2637 3496 2720 3554 fa-

314 3594 452 3634 vere
479 3575 675 3633 testati
704 3582 854 3650 sunt,
886 3574 1281 3652 imputationis
1323 3574 1556 3651 quidem
1598 3592 1810 3633 nomen
1851 3574 2182 3649 retinentes,
2228 3573 2332 3633 sed
2371 3594 2494 3632 rem
2534 3574 2722 3667 ipsam

315 3655 601 3731 tollentes,
634 3654 772 3714 dum
800 3655 1079 3729 scribunt,
1116 3656 1151 3689 “
1181 3653 1492 3713 Peccatum
1522 3652 1740 3711 Adami
1767 3674 1803 3712 a
1831 3655 1958 3713 Deo
1986 3653 2256 3729 imputari
2295 3652 2543 3729 posteris
2571 3653 2718 3731 ejus,

313 3755 433 3794 non
459 3733 626 3811 quasi
652 3754 855 3793 revera
881 3742 1115 3793 censeat
1138 3754 1269 3793 reos
1296 3734 1454 3811 ipsos
1482 3732 1746 3811 ejusdem
1767 3754 1898 3793 cum
1927 3732 2158 3791 Adamo
2177 3732 2402 3810 peccati
2429 3740 2488 3791 et
2515 3733 2720 3811 culpas,

315 3815 419 3874 sed
447 3823 731 3892 quatenus
759 3834 859 3874 eos
886 3813 1072 3873 eidem
1100 3814 1255 3873 malo
1283 3814 1376 3873 cui
1407 3813 1672 3872 Adamus
1699 3833 1867 3891 perp
1869 3820 2128 3873 eccatum
2157 3812 2474 3871 obnoxium
2501 3832 2564 3871 se
2591 3813 2720 3872 red-

314 3895 480 3971 didit,
512 3894 797 3954 obnoxios
823 3894 984 3953 nasci
1010 3892 1256 3953 voluitl'
1342 3892 1513 3968 Quod
1547 3892 1761 3953 clarius
1803 3893 1992 3953 adhuc
2036 3892 2336 3951 confirmat
2384 3892 2724 3952 Curcelloeus

312 3976 416 4034 lib.
446 3974 520 4033 de
547 3975 592 4034 J
593 3994 694 4033 ure
724 3974 855 4049 Dei,
884 3973 987 4034 ubi
1014 3974 1203 4047 reiicit
1230 3993 1459 4033 omnem
1486 3973 1647 4031 illam
1674 3973 1896 4051 peccati
1921 3972 2378 4050 imputationem.

397 4055 509 4114 IV.
553 4055 609 4113 N
610 4074 677 4114 ec
712 4054 886 4113 modo
914 4054 958 4111 οἱ
985 4054 1031 4125 ἓξ
1059 4054 1269 4119 ἐναντίαις
1299 4052 1752 4131 Imputationem
1776 4053 1948 4113 istam
1975 4052 2356 4129 impugnant,
2405 4052 2522 4111 Sed
2550 4052 2724 4112 etiam

314 4135 467 4195 inter
491 4142 721 4193 nostros
750 4134 823 4193 R.
854 4143 914 4194 et
942 4134 1028 4193 Cl.
1058 4133 1186 4193 Vir.
1214 4136 1340 4193 Jos.
1371 4134 1633 4193 Placoeus
1663 4133 1963 4193 Professor
2007 4132 2414 4193 salmuriensis
2453 4133 2566 4191 hoc
2597 4132 2723 4192 Ad-

312 4214 697 4275 versariorum
726 4222 1113 4273 commentum
1140 4213 1215 4272 ad
1217 4213 1456 4291 optavit,
1480 4221 1540 4273 et
1566 4213 1706 4273 dum
1733 4221 1916 4273 totam
1941 4212 2222 4272 rationem
2247 4212 2400 4271 labis
2427 4212 2727 4290 originalis

315 4294 617 4353 constituit
642 4294 704 4351 in
729 4293 1029 4369 habituali,
1061 4293 1387 4370 subjectiva
1412 4301 1473 4351 et
1508 4292 1824 4353 inhaerente
1852 4294 2232 4371 corruptione,
2265 4311 2394 4369 quae
2423 4291 2498 4351 ad
2527 4291 2727 4386 singu-

312 4374 405 4433 los
443 4394 547 4452 per
586 4374 1017 4466 generationem
1044 4372 1391 4432 ordinariam
1431 4381 1802 4450 propagatur,
1845 4373 2282 4451 imputationem
2323 4372 2494 4431 istam
2520 4372 2724 4449 rejicit,

314 4463 374 4514 et
412 4473 625 4533 magno
667 4452 962 4512 molimine
1003 4472 1337 4531 oppugnare
1380 4460 1622 4547 conatur
1663 4452 1724 4511 in
1755 4453 2016 4512 messim
2041 4452 2409 4513 Salmuviem.
2439 4452 2512 4510 de
2557 4452 2727 4511 Statu

314 4534 565 4593 hominis
604 4533 754 4612 lapsi
794 4542 929 4593 ante
972 4534 1235 4611 gratiam,
1280 4540 1339 4592 et
1379 4532 1441 4590 in
1468 4531 1647 4593 variis
1675 4532 2041 4595 Tractatibus
2089 4553 2261 4611 super
2289 4552 2356 4592 eo
2384 4538 2725 4609 argumento

316 4614 504 4674 editis.

853 2396 973 2436 non
1025 2397 1165 2438 vero
1212 2378 1343 2438 aliis
1396 2378 1727 2437 hominibus
1781 2379 1964 2456 ipsius
2017 2377 2281 2454 posteris,
2329 2377 2484 2437 unde
2521 2377 2716 2437 locum
2827 2401 2834 2406 ·

3218 667 3224 696 ..A
3217 581 3224 660 Q.
3218 543 3223 574 -Α
3215 391 3224 538 Α--ι-ψ-
3216 299 3224 388 —-—
3215 201 3224 294 -..-.—·-v
