<?xml version="1.0" encoding="UTF-8"?>
<!DOCTYPE html PUBLIC "-//W3C//DTD XHTML 1.0 Transitional//EN"
    "http://www.w3.org/TR/xhtml1/DTD/xhtml1-transitional.dtd">
<html xmlns="http://www.w3.org/1999/xhtml" xml:lang="en" lang="en">
 <head>
  <title>
</title>
<meta http-equiv="Content-Type" content="text/html;charset=utf-8" />
  <meta name='ocr-system' content='tesseract 3.04.00' />
  <meta name='ocr-capabilities' content='ocr_page ocr_carea ocr_par ocr_line ocrx_word'/>
</head>
<body>
  <div class='ocr_page' id='page_1' title='image "./institutiotheol00turrgoog_0125.png"; bbox 0 0 3300 5225; ppageno 0'>
   <div class='ocr_carea' id='block_1_1' title="bbox 29 630 36 729">
    <p class='ocr_par' dir='ltr' id='par_1_1' title="bbox 29 630 36 729">
     <span class='ocr_line' id='line_1_1' title="bbox 29 630 36 729; textangle 90"><span class='ocrx_word' id='word_1_1' title='bbox 29 630 36 729; x_wconf 55' lang='grc' dir='ltr'><strong>ὴ-</strong></span> 
     </span>
    </p>
   </div>
   <div class='ocr_carea' id='block_1_2' title="bbox 349 366 2752 449">
    <p class='ocr_par' dir='ltr' id='par_1_2' title="bbox 349 366 2752 449">
     <span class='ocr_line' id='line_1_2' title="bbox 349 366 2752 449; baseline -0.001 -19"><span class='ocrx_word' id='word_1_2' title='bbox 349 386 573 437; x_wconf 71' lang='grc' dir='ltr'>ιιιιιιιει.</span> <span class='ocrx_word' id='word_1_3' title='bbox 604 366 696 449; x_wconf 80' lang='lat' dir='ltr'><strong>v.]</strong></span> <span class='ocrx_word' id='word_1_4' title='bbox 1325 388 1403 427; x_wconf 78' lang='lat' dir='ltr'><strong>nn</strong></span> <span class='ocrx_word' id='word_1_5' title='bbox 1434 386 1778 431; x_wconf 67' lang='lat' dir='ltr'><strong>sommum.</strong></span> <span class='ocrx_word' id='word_1_6' title='bbox 2677 369 2752 427; x_wconf 80' lang='lat'><strong>73</strong></span> 
     </span>
    </p>
   </div>
   <div class='ocr_carea' id='block_1_3' title="bbox 351 524 2866 605">
    <p class='ocr_par' dir='ltr' id='par_1_3' title="bbox 351 524 2866 605">
     <span class='ocr_line' id='line_1_3' title="bbox 351 524 2866 605; baseline -0.001 -18"><span class='ocrx_word' id='word_1_7' title='bbox 351 528 503 587; x_wconf 83' lang='lat' dir='ltr'><strong>catio</strong></span> <span class='ocrx_word' id='word_1_8' title='bbox 547 527 702 605; x_wconf 85' lang='lat' dir='ltr'><strong>apud</strong></span> <span class='ocrx_word' id='word_1_9' title='bbox 748 526 1001 585; x_wconf 86' lang='lat' dir='ltr'><strong>Psaltem</strong></span> <span class='ocrx_word' id='word_1_10' title='bbox 1045 526 1217 586; x_wconf 87' lang='lat' dir='ltr'><strong>debet</strong></span> <span class='ocrx_word' id='word_1_11' title='bbox 1258 526 1535 597; x_wconf 81' lang='lat' dir='ltr'><strong>obtinere,</strong></span> <span class='ocrx_word' id='word_1_12' title='bbox 1582 547 1756 604; x_wconf 89' lang='lat' dir='ltr'><strong>quam</strong></span> <span class='ocrx_word' id='word_1_13' title='bbox 1801 526 1954 605; x_wconf 87' lang='lat' dir='ltr'><strong>apud</strong></span> <span class='ocrx_word' id='word_1_14' title='bbox 2011 524 2241 585; x_wconf 89' lang='lat' dir='ltr'><strong>Isaiam.</strong></span> <span class='ocrx_word' id='word_1_15' title='bbox 2342 528 2397 583; x_wconf 88' lang='grc'><strong>4.</strong></span> <span class='ocrx_word' id='word_1_16' title='bbox 2442 524 2756 585; x_wconf 86' lang='lat' dir='ltr'><strong>Versiones</strong></span> <span class='ocrx_word' id='word_1_17' title='bbox 2851 571 2866 585; x_wconf 94' lang='lat'><strong>.</strong></span> 
     </span>
    </p>
   </div>
   <div class='ocr_carea' id='block_1_4' title="bbox 349 603 2762 4717">
    <p class='ocr_par' dir='ltr' id='par_1_4' title="bbox 349 603 2759 2089">
     <span class='ocr_line' id='line_1_4' title="bbox 352 603 2752 685; baseline -0.002 -20"><span class='ocrx_word' id='word_1_18' title='bbox 352 607 767 684; x_wconf 68' lang='lat' dir='ltr'><strong>antiquissimae</strong></span> <span class='ocrx_word' id='word_1_19' title='bbox 794 606 877 665; x_wconf 86' lang='lat' dir='ltr'><strong>ita</strong></span> <span class='ocrx_word' id='word_1_20' title='bbox 901 614 1215 685; x_wconf 85' lang='lat' dir='ltr'><strong>exponunt,</strong></span> <span class='ocrx_word' id='word_1_21' title='bbox 1248 606 1455 665; x_wconf 89' lang='lat' dir='ltr'><strong>LXX.</strong></span> <span class='ocrx_word' id='word_1_22' title='bbox 1486 604 1690 683; x_wconf 54' lang='lat' dir='ltr'><strong>aguzun,</strong></span> <span class='ocrx_word' id='word_1_23' title='bbox 1722 607 1806 665; x_wconf 88' lang='lat' dir='ltr'><strong>sie</strong></span> <span class='ocrx_word' id='word_1_24' title='bbox 1828 605 2097 681; x_wconf 82' lang='lat' dir='ltr'><strong>Arabica,</strong></span> <span class='ocrx_word' id='word_1_25' title='bbox 2133 604 2388 681; x_wconf 81' lang='lat' dir='ltr'><strong>Syriaca,</strong></span> <span class='ocrx_word' id='word_1_26' title='bbox 2407 603 2752 680; x_wconf 86' lang='lat' dir='ltr'><strong>AEthiopiea.</strong></span> 
     </span>
     <span class='ocr_line' id='line_1_5' title="bbox 354 683 2756 763; baseline -0.002 -18"><span class='ocrx_word' id='word_1_27' title='bbox 354 688 411 745; x_wconf 88' lang='lat'><strong>5.</strong></span> <span class='ocrx_word' id='word_1_28' title='bbox 460 686 679 745; x_wconf 77' lang='lat' dir='ltr'><strong>Psalmi</strong></span> <span class='ocrx_word' id='word_1_29' title='bbox 722 704 947 763; x_wconf 83' lang='lat' dir='ltr'><strong>scopus,</strong></span> <span class='ocrx_word' id='word_1_30' title='bbox 992 686 1093 762; x_wconf 89' lang='lat' dir='ltr'><strong>qui</strong></span> <span class='ocrx_word' id='word_1_31' title='bbox 1131 695 1221 745; x_wconf 86' lang='lat' dir='ltr'><strong>est</strong></span> <span class='ocrx_word' id='word_1_32' title='bbox 1260 705 1432 763; x_wconf 86' lang='lat' dir='ltr'><strong>agere</strong></span> <span class='ocrx_word' id='word_1_33' title='bbox 1476 686 1551 745; x_wconf 89' lang='lat' dir='ltr'><strong>de</strong></span> <span class='ocrx_word' id='word_1_34' title='bbox 1590 686 1832 745; x_wconf 82' lang='lat' dir='ltr'><strong>consilio</strong></span> <span class='ocrx_word' id='word_1_35' title='bbox 1873 685 2126 744; x_wconf 89' lang='lat' dir='ltr'><strong>hostium</strong></span> <span class='ocrx_word' id='word_1_36' title='bbox 2176 684 2390 744; x_wconf 77' lang='lat' dir='ltr'>Christi</span> <span class='ocrx_word' id='word_1_37' title='bbox 2434 683 2586 741; x_wconf 85' lang='lat' dir='ltr'><strong>eirea</strong></span> <span class='ocrx_word' id='word_1_38' title='bbox 2625 684 2756 759; x_wconf 84' lang='lat' dir='ltr'><strong>ejus</strong></span> 
     </span>
     <span class='ocr_line' id='line_1_6' title="bbox 354 762 2756 842; baseline -0.002 -18"><span class='ocrx_word' id='word_1_39' title='bbox 354 764 819 839; x_wconf 79' lang='lat' dir='ltr'><strong>crucifixionem3</strong></span> <span class='ocrx_word' id='word_1_40' title='bbox 862 764 1021 842; x_wconf 90' lang='lat' dir='ltr'><strong>quod</strong></span> <span class='ocrx_word' id='word_1_41' title='bbox 1062 774 1223 842; x_wconf 90' lang='lat' dir='ltr'><strong>patet</strong></span> <span class='ocrx_word' id='word_1_42' title='bbox 1261 786 1337 823; x_wconf 87' lang='lat' dir='ltr'><strong>ex</strong></span> <span class='ocrx_word' id='word_1_43' title='bbox 1364 765 1615 823; x_wconf 79' lang='lat' dir='ltr'><strong>vestium</strong></span> <span class='ocrx_word' id='word_1_44' title='bbox 1657 765 1957 839; x_wconf 84' lang='lat' dir='ltr'><strong>divisione,</strong></span> <span class='ocrx_word' id='word_1_45' title='bbox 2003 774 2062 823; x_wconf 90' lang='lat' dir='ltr'><strong>et</strong></span> <span class='ocrx_word' id='word_1_46' title='bbox 2103 765 2312 823; x_wconf 79' lang='lat' dir='ltr'><strong>tunieae</strong></span> <span class='ocrx_word' id='word_1_47' title='bbox 2357 762 2656 822; x_wconf 90' lang='lat' dir='ltr'><strong>sortitione</strong></span> <span class='ocrx_word' id='word_1_48' title='bbox 2697 770 2756 821; x_wconf 87' lang='lat' dir='ltr'><strong>et</strong></span> 
     </span>
     <span class='ocr_line' id='line_1_7' title="bbox 354 842 2753 934; baseline -0.001 -32"><span class='ocrx_word' id='word_1_49' title='bbox 354 845 481 903; x_wconf 89' lang='lat' dir='ltr'><strong>sim.</strong></span> <span class='ocrx_word' id='word_1_50' title='bbox 566 844 708 917; x_wconf 85' lang='lat' dir='ltr'><strong>Quis</strong></span> <span class='ocrx_word' id='word_1_51' title='bbox 752 862 891 902; x_wconf 84' lang='lat' dir='ltr'><strong>vero</strong></span> <span class='ocrx_word' id='word_1_52' title='bbox 939 842 1135 903; x_wconf 84' lang='lat' dir='ltr'><strong>eredat</strong></span> <span class='ocrx_word' id='word_1_53' title='bbox 1186 842 1249 901; x_wconf 88' lang='lat' dir='ltr'><strong>id</strong></span> <span class='ocrx_word' id='word_1_54' title='bbox 1290 844 1447 921; x_wconf 90' lang='lat' dir='ltr'><strong>quod</strong></span> <span class='ocrx_word' id='word_1_55' title='bbox 1500 845 1852 922; x_wconf 60' lang='lat' dir='ltr'><strong>praecipuum</strong></span> <span class='ocrx_word' id='word_1_56' title='bbox 1893 852 2034 920; x_wconf 87' lang='lat' dir='ltr'><strong>erat,</strong></span> <span class='ocrx_word' id='word_1_57' title='bbox 2081 852 2140 903; x_wconf 89' lang='lat' dir='ltr'><strong>et</strong></span> <span class='ocrx_word' id='word_1_58' title='bbox 2181 850 2518 902; x_wconf 85' lang='lat' dir='ltr'><strong>eaeterorum</strong></span> <span class='ocrx_word' id='word_1_59' title='bbox 2561 849 2753 934; x_wconf 80' lang='lat' dir='ltr'><strong>eaput,</strong></span> 
     </span>
     <span class='ocr_line' id='line_1_8' title="bbox 353 920 2756 1001; baseline -0.002 -18"><span class='ocrx_word' id='word_1_60' title='bbox 353 924 583 983; x_wconf 86' lang='lat' dir='ltr'><strong>silentio</strong></span> <span class='ocrx_word' id='word_1_61' title='bbox 609 923 787 981; x_wconf 83' lang='lat' dir='ltr'><strong>fuisse</strong></span> <span class='ocrx_word' id='word_1_62' title='bbox 820 923 1265 1001; x_wconf 70' lang='lat' dir='ltr'><strong>praetermissum</strong></span> <span class='ocrx_word' id='word_1_63' title='bbox 1282 926 1313 981; x_wconf 77' lang='lat' dir='ltr'>P</span> <span class='ocrx_word' id='word_1_64' title='bbox 1392 925 1448 981; x_wconf 89' lang='grc'><strong>6.</strong></span> <span class='ocrx_word' id='word_1_65' title='bbox 1495 924 1686 983; x_wconf 81' lang='lat' dir='ltr'><strong>Series</strong></span> <span class='ocrx_word' id='word_1_66' title='bbox 1712 924 2020 982; x_wconf 83' lang='lat' dir='ltr'><strong>verborum</strong></span> <span class='ocrx_word' id='word_1_67' title='bbox 2060 924 2171 982; x_wconf 88' lang='lat' dir='ltr'><strong>hoe</strong></span> <span class='ocrx_word' id='word_1_68' title='bbox 2210 922 2498 999; x_wconf 79' lang='lat' dir='ltr'><strong>postulat3</strong></span> <span class='ocrx_word' id='word_1_69' title='bbox 2541 940 2676 979; x_wconf 85' lang='lat' dir='ltr'><strong>nam</strong></span> <span class='ocrx_word' id='word_1_70' title='bbox 2703 920 2756 979; x_wconf 89' lang='lat' dir='ltr'><strong>si</strong></span> 
     </span>
     <span class='ocr_line' id='line_1_9' title="bbox 350 1002 2755 1080; baseline -0.001 -19"><span class='ocrx_word' id='word_1_71' title='bbox 350 1004 623 1080; x_wconf 82' lang='lat' dir='ltr'><strong>legamus</strong></span> <span class='ocrx_word' id='word_1_72' title='bbox 644 1004 793 1061; x_wconf 85' lang='lat' dir='ltr'><strong>sieut</strong></span> <span class='ocrx_word' id='word_1_73' title='bbox 812 1002 949 1076; x_wconf 90' lang='lat' dir='ltr'><strong>Leo,</strong></span> <span class='ocrx_word' id='word_1_74' title='bbox 979 1002 1175 1060; x_wconf 80' lang='lat' dir='ltr'><strong>hiulca</strong></span> <span class='ocrx_word' id='word_1_75' title='bbox 1194 1002 1305 1060; x_wconf 87' lang='lat' dir='ltr'><strong>erit</strong></span> <span class='ocrx_word' id='word_1_76' title='bbox 1324 1002 1523 1075; x_wconf 77' lang='lat' dir='ltr'><strong>oratic,</strong></span> <span class='ocrx_word' id='word_1_77' title='bbox 1554 1012 1615 1063; x_wconf 90' lang='lat' dir='ltr'><strong>et</strong></span> <span class='ocrx_word' id='word_1_78' title='bbox 1639 1003 1836 1061; x_wconf 88' lang='lat' dir='ltr'><strong>nullus</strong></span> <span class='ocrx_word' id='word_1_79' title='bbox 1855 1004 1985 1080; x_wconf 87' lang='lat' dir='ltr'><strong>ejus</strong></span> <span class='ocrx_word' id='word_1_80' title='bbox 2007 1020 2244 1077; x_wconf 85' lang='lat' dir='ltr'><strong>sensus3</strong></span> <span class='ocrx_word' id='word_1_81' title='bbox 2287 1020 2490 1059; x_wconf 64' lang='lat' dir='ltr'><strong>mamm</strong></span> <span class='ocrx_word' id='word_1_82' title='bbox 2508 1010 2564 1059; x_wconf 80' lang='lat' dir='ltr'><strong>et</strong></span> <span class='ocrx_word' id='word_1_83' title='bbox 2576 1002 2755 1076; x_wconf 69' lang='lat' dir='ltr'><strong>pedes</strong></span> 
     </span>
     <span class='ocr_line' id='line_1_10' title="bbox 350 1078 2752 1173; baseline -0.001 -34"><span class='ocrx_word' id='word_1_84' title='bbox 350 1102 501 1140; x_wconf 74' lang='lat' dir='ltr'><strong>meos</strong></span> <span class='ocrx_word' id='word_1_85' title='bbox 539 1082 681 1139; x_wconf 72' lang='lat' dir='ltr'><strong>st‘cut</strong></span> <span class='ocrx_word' id='word_1_86' title='bbox 718 1082 877 1154; x_wconf 77' lang='lat' dir='ltr'><strong>Le05</strong></span> <span class='ocrx_word' id='word_1_87' title='bbox 918 1088 1145 1158; x_wconf 82' lang='lat' dir='ltr'><strong>oportet</strong></span> <span class='ocrx_word' id='word_1_88' title='bbox 1186 1100 1326 1157; x_wconf 88' lang='lat' dir='ltr'><strong>ergo</strong></span> <span class='ocrx_word' id='word_1_89' title='bbox 1364 1088 1432 1140; x_wconf 90' lang='lat' dir='ltr'><strong>ut</strong></span> <span class='ocrx_word' id='word_1_90' title='bbox 1472 1080 1549 1139; x_wconf 87' lang='lat' dir='ltr'><strong>sit</strong></span> <span class='ocrx_word' id='word_1_91' title='bbox 1587 1081 1826 1158; x_wconf 80' lang='lat' dir='ltr'>aliquod</span> <span class='ocrx_word' id='word_1_92' title='bbox 1850 1082 2092 1141; x_wconf 79' lang='lat' dir='ltr'><strong>verbum</strong></span> <span class='ocrx_word' id='word_1_93' title='bbox 2131 1081 2430 1173; x_wconf 85' lang='lat' dir='ltr'><strong>periodum</strong></span> <span class='ocrx_word' id='word_1_94' title='bbox 2457 1078 2752 1156; x_wconf 81' lang='lat' dir='ltr'><strong>claudens,</strong></span> 
     </span>
     <span class='ocr_line' id='line_1_11' title="bbox 352 1159 2755 1241; baseline -0.001 -22"><span class='ocrx_word' id='word_1_95' title='bbox 352 1160 509 1241; x_wconf 89' lang='lat' dir='ltr'><strong>quod</strong></span> <span class='ocrx_word' id='word_1_96' title='bbox 533 1180 651 1219; x_wconf 89' lang='lat' dir='ltr'><strong>non</strong></span> <span class='ocrx_word' id='word_1_97' title='bbox 680 1168 871 1238; x_wconf 86' lang='lat' dir='ltr'><strong>potest</strong></span> <span class='ocrx_word' id='word_1_98' title='bbox 896 1160 1057 1220; x_wconf 86' lang='lat' dir='ltr'><strong>aliud</strong></span> <span class='ocrx_word' id='word_1_99' title='bbox 1078 1180 1203 1219; x_wconf 87' lang='lat' dir='ltr'><strong>esse</strong></span> <span class='ocrx_word' id='word_1_100' title='bbox 1226 1180 1399 1236; x_wconf 87' lang='lat' dir='ltr'><strong>quam</strong></span> <span class='ocrx_word' id='word_1_101' title='bbox 1434 1178 1511 1216; x_wconf 67' lang='grc' dir='ltr'>ιτ.»</span> <span class='ocrx_word' id='word_1_102' title='bbox 1512 1163 1837 1235; x_wconf 68' lang='lat' dir='ltr'><strong>,foder-unt,</strong></span> <span class='ocrx_word' id='word_1_103' title='bbox 1857 1180 1972 1236; x_wconf 84' lang='lat' dir='ltr'><strong>quo</strong></span> <span class='ocrx_word' id='word_1_104' title='bbox 2001 1160 2236 1238; x_wconf 78' lang='lat' dir='ltr'><strong>respicit</strong></span> <span class='ocrx_word' id='word_1_105' title='bbox 2266 1159 2423 1218; x_wconf 79' lang='lat' dir='ltr'><strong>aliud</strong></span> <span class='ocrx_word' id='word_1_106' title='bbox 2445 1159 2755 1218; x_wconf 84' lang='lat' dir='ltr'><strong>Oraeulum</strong></span> 
     </span>
     <span class='ocr_line' id='line_1_12' title="bbox 353 1238 2755 1319; baseline -0.002 -18"><span class='ocrx_word' id='word_1_107' title='bbox 353 1240 563 1301; x_wconf 85' lang='lat' dir='ltr'><strong>Zaeha.</strong></span> <span class='ocrx_word' id='word_1_108' title='bbox 592 1240 695 1297; x_wconf 81' lang='lat' dir='ltr'><strong>xii.</strong></span> <span class='ocrx_word' id='word_1_109' title='bbox 730 1242 822 1314; x_wconf 87' lang='lat'><strong>10,</strong></span> <span class='ocrx_word' id='word_1_110' title='bbox 850 1240 1111 1299; x_wconf 80' lang='lat' dir='ltr'><strong>videbunt</strong></span> <span class='ocrx_word' id='word_1_111' title='bbox 1148 1260 1311 1316; x_wconf 81' lang='lat' dir='ltr'><strong>quem</strong></span> <span class='ocrx_word' id='word_1_112' title='bbox 1352 1244 1774 1319; x_wconf 63' lang='lat' dir='ltr'><strong>transfixerunt.</strong></span> <span class='ocrx_word' id='word_1_113' title='bbox 1858 1243 1915 1297; x_wconf 83' lang='lat'><strong>⁷.</strong></span> <span class='ocrx_word' id='word_1_114' title='bbox 1959 1240 2236 1313; x_wconf 87' lang='lat' dir='ltr'><strong>Quamvis</strong></span> <span class='ocrx_word' id='word_1_115' title='bbox 2265 1238 2530 1297; x_wconf 85' lang='lat' dir='ltr'><strong>daremus</strong></span> <span class='ocrx_word' id='word_1_116' title='bbox 2562 1238 2755 1295; x_wconf 81' lang='lat' dir='ltr'><strong>locum</strong></span> 
     </span>
     <span class='ocr_line' id='line_1_13' title="bbox 350 1318 2753 1399; baseline -0.003 -18"><span class='ocrx_word' id='word_1_117' title='bbox 350 1322 528 1381; x_wconf 84' lang='lat' dir='ltr'><strong>fuisse</strong></span> <span class='ocrx_word' id='word_1_118' title='bbox 556 1327 885 1395; x_wconf 79' lang='lat' dir='ltr'><strong>corruptum</strong></span> <span class='ocrx_word' id='word_1_119' title='bbox 912 1338 949 1377; x_wconf 98' lang='lat' dir='ltr'><strong>a</strong></span> <span class='ocrx_word' id='word_1_120' title='bbox 975 1320 1017 1379; x_wconf 86' lang='lat' dir='ltr'><strong>J</strong></span> <span class='ocrx_word' id='word_1_121' title='bbox 1020 1319 1220 1393; x_wconf 78' lang='lat' dir='ltr'><strong>udaeis</strong></span> <span class='ocrx_word' id='word_1_122' title='bbox 1252 1338 1367 1377; x_wconf 87' lang='lat' dir='ltr'><strong>non</strong></span> <span class='ocrx_word' id='word_1_123' title='bbox 1387 1328 1728 1399; x_wconf 80' lang='lat' dir='ltr'><strong>sequeretur</strong></span> <span class='ocrx_word' id='word_1_124' title='bbox 1753 1319 2174 1395; x_wconf 77' lang='lat' dir='ltr'>corruptionem</span> <span class='ocrx_word' id='word_1_125' title='bbox 2195 1337 2322 1377; x_wconf 87' lang='lat' dir='ltr'><strong>esse</strong></span> <span class='ocrx_word' id='word_1_126' title='bbox 2349 1318 2753 1391; x_wconf 80' lang='lat' dir='ltr'><strong>universalem,</strong></span> 
     </span>
     <span class='ocr_line' id='line_1_14' title="bbox 352 1395 2756 1479; baseline -0.002 -19"><span class='ocrx_word' id='word_1_127' title='bbox 352 1402 489 1479; x_wconf 85' lang='lat' dir='ltr'><strong>quia</strong></span> <span class='ocrx_word' id='word_1_128' title='bbox 518 1398 865 1457; x_wconf 80' lang='lat' dir='ltr'><strong>Masorethae</strong></span> <span class='ocrx_word' id='word_1_129' title='bbox 892 1406 1179 1458; x_wconf 78' lang='lat' dir='ltr'><strong>testantur</strong></span> <span class='ocrx_word' id='word_1_130' title='bbox 1204 1417 1267 1457; x_wconf 89' lang='lat' dir='ltr'><strong>se</strong></span> <span class='ocrx_word' id='word_1_131' title='bbox 1295 1398 1357 1455; x_wconf 90' lang='lat' dir='ltr'><strong>in</strong></span> <span class='ocrx_word' id='word_1_132' title='bbox 1379 1400 1690 1459; x_wconf 78' lang='lat' dir='ltr'>codicibus</span> <span class='ocrx_word' id='word_1_133' title='bbox 1717 1397 2140 1474; x_wconf 86' lang='lat' dir='ltr'><strong>probatioribus</strong></span> <span class='ocrx_word' id='word_1_134' title='bbox 2161 1397 2436 1473; x_wconf 85' lang='lat' dir='ltr'><strong>seriptum</strong></span> <span class='ocrx_word' id='word_1_135' title='bbox 2465 1395 2756 1455; x_wconf 78' lang='lat' dir='ltr'><strong>invenisse</strong></span> 
     </span>
     <span class='ocr_line' id='line_1_15' title="bbox 350 1474 2754 1555; baseline -0.001 -20"><span class='ocrx_word' id='word_1_136' title='bbox 350 1502 475 1553; x_wconf 67' lang='lat' dir='ltr'><strong>we,</strong></span> <span class='ocrx_word' id='word_1_137' title='bbox 521 1478 755 1535; x_wconf 88' lang='lat' dir='ltr'><strong>Masora</strong></span> <span class='ocrx_word' id='word_1_138' title='bbox 794 1478 1131 1555; x_wconf 76' lang='lat' dir='ltr'><strong>marginalis</strong></span> <span class='ocrx_word' id='word_1_139' title='bbox 1171 1476 1249 1535; x_wconf 86' lang='lat' dir='ltr'><strong>ad</strong></span> <span class='ocrx_word' id='word_1_140' title='bbox 1290 1478 1462 1538; x_wconf 89' lang='lat' dir='ltr'><strong>Num.</strong></span> <span class='ocrx_word' id='word_1_141' title='bbox 1506 1478 1672 1537; x_wconf 83' lang='lat' dir='ltr'>xxiv.</span> <span class='ocrx_word' id='word_1_142' title='bbox 1719 1480 1776 1536; x_wconf 88' lang='lat'><strong>9.</strong></span> <span class='ocrx_word' id='word_1_143' title='bbox 1888 1478 1967 1536; x_wconf 89' lang='lat' dir='ltr'><strong>Et</strong></span> <span class='ocrx_word' id='word_1_144' title='bbox 2007 1478 2190 1535; x_wconf 81' lang='lat' dir='ltr'>Jacob</span> <span class='ocrx_word' id='word_1_145' title='bbox 2235 1479 2385 1534; x_wconf 78' lang='lat' dir='ltr'><strong>Ben-</strong></span> <span class='ocrx_word' id='word_1_146' title='bbox 2389 1476 2590 1533; x_wconf 80' lang='lat' dir='ltr'><strong>Haiim</strong></span> <span class='ocrx_word' id='word_1_147' title='bbox 2637 1474 2754 1533; x_wconf 86' lang='lat' dir='ltr'><strong>eol-</strong></span> 
     </span>
     <span class='ocr_line' id='line_1_16' title="bbox 349 1554 2754 1636; baseline -0.002 -21"><span class='ocrx_word' id='word_1_148' title='bbox 349 1558 531 1617; x_wconf 89' lang='lat' dir='ltr'><strong>leetor</strong></span> <span class='ocrx_word' id='word_1_149' title='bbox 558 1556 745 1634; x_wconf 87' lang='lat' dir='ltr'><strong>operis</strong></span> <span class='ocrx_word' id='word_1_150' title='bbox 784 1556 1157 1616; x_wconf 79' lang='lat' dir='ltr'><strong>Masorethiei</strong></span> <span class='ocrx_word' id='word_1_151' title='bbox 1185 1555 1399 1619; x_wconf 87' lang='lat' dir='ltr'><strong>Veneti</strong></span> <span class='ocrx_word' id='word_1_152' title='bbox 1438 1559 1501 1617; x_wconf 91' lang='lat' dir='ltr'><strong>in</strong></span> <span class='ocrx_word' id='word_1_153' title='bbox 1527 1556 1875 1636; x_wconf 78' lang='lat' dir='ltr'><strong>quibusdam</strong></span> <span class='ocrx_word' id='word_1_154' title='bbox 1903 1556 2329 1633; x_wconf 77' lang='lat' dir='ltr'><strong>exemplaribus</strong></span> <span class='ocrx_word' id='word_1_155' title='bbox 2357 1555 2627 1613; x_wconf 84' lang='lat' dir='ltr'><strong>correctis</strong></span> <span class='ocrx_word' id='word_1_156' title='bbox 2669 1554 2754 1611; x_wconf 88' lang='lat' dir='ltr'><strong>in·</strong></span> 
     </span>
     <span class='ocr_line' id='line_1_17' title="bbox 350 1635 2756 1713; baseline -0.002 -18"><span class='ocrx_word' id='word_1_157' title='bbox 350 1636 512 1696; x_wconf 85' lang='lat' dir='ltr'><strong>venit</strong></span> <span class='ocrx_word' id='word_1_158' title='bbox 538 1637 829 1713; x_wconf 88' lang='lat' dir='ltr'><strong>seriptum,</strong></span> <span class='ocrx_word' id='word_1_159' title='bbox 860 1636 1133 1696; x_wconf 80' lang='lat' dir='ltr'><strong>seilicet&#39;</strong></span> <span class='ocrx_word' id='word_1_160' title='bbox 1116 1656 1177 1693; x_wconf 89' lang='grc' dir='ltr'><strong>ιιι</strong></span> <span class='ocrx_word' id='word_1_161' title='bbox 1214 1644 1398 1713; x_wconf 88' lang='lat' dir='ltr'><strong>textu,</strong></span> <span class='ocrx_word' id='word_1_162' title='bbox 1418 1656 1544 1712; x_wconf 55' lang='lat' dir='ltr'><strong>ww,</strong></span> <span class='ocrx_word' id='word_1_163' title='bbox 1573 1637 1789 1695; x_wconf 85' lang='lat' dir='ltr'><strong>lectum</strong></span> <span class='ocrx_word' id='word_1_164' title='bbox 1816 1654 1972 1711; x_wconf 88' lang='lat' dir='ltr'><strong>vero,</strong></span> <span class='ocrx_word' id='word_1_165' title='bbox 2004 1635 2082 1694; x_wconf 89' lang='lat' dir='ltr'><strong>id.</strong></span> <span class='ocrx_word' id='word_1_166' title='bbox 2115 1635 2176 1693; x_wconf 92' lang='lat' dir='ltr'><strong>in</strong></span> <span class='ocrx_word' id='word_1_167' title='bbox 2206 1635 2467 1711; x_wconf 78' lang='lat' dir='ltr'><strong>margine</strong></span> <span class='ocrx_word' id='word_1_168' title='bbox 2493 1642 2756 1693; x_wconf 87' lang='lat' dir='ltr'><strong>notatum</strong></span> 
     </span>
     <span class='ocr_line' id='line_1_18' title="bbox 349 1682 2758 1790; baseline -0.003 -13"><span class='ocrx_word' id='word_1_169' title='bbox 349 1738 477 1790; x_wconf 56' lang='lat' dir='ltr'><strong>we,</strong></span> <span class='ocrx_word' id='word_1_170' title='bbox 507 1717 641 1774; x_wconf 69' lang='lat' dir='ltr'><strong>Joh.</strong></span> <span class='ocrx_word' id='word_1_171' title='bbox 670 1718 907 1774; x_wconf 73' lang='lat' dir='ltr'><strong>Isaacus</strong></span> <span class='ocrx_word' id='word_1_172' title='bbox 944 1735 1021 1773; x_wconf 86' lang='lat' dir='ltr'><strong>ex</strong></span> <span class='ocrx_word' id='word_1_173' title='bbox 1051 1716 1095 1775; x_wconf 88' lang='lat' dir='ltr'>J</span> <span class='ocrx_word' id='word_1_174' title='bbox 1097 1715 1265 1774; x_wconf 81' lang='lat' dir='ltr'><strong>udaeo</strong></span> <span class='ocrx_word' id='word_1_175' title='bbox 1294 1682 1658 1775; x_wconf 82' lang='lat' dir='ltr'><strong>Christianus</strong></span> <span class='ocrx_word' id='word_1_176' title='bbox 1694 1714 1882 1774; x_wconf 80' lang='lat' dir='ltr'><strong>faetus</strong></span> <span class='ocrx_word' id='word_1_177' title='bbox 1919 1722 2120 1773; x_wconf 88' lang='lat' dir='ltr'><strong>eontra</strong></span> <span class='ocrx_word' id='word_1_178' title='bbox 2147 1712 2474 1771; x_wconf 85' lang='lat' dir='ltr'><strong>Lindanum</strong></span> <span class='ocrx_word' id='word_1_179' title='bbox 2511 1722 2758 1772; x_wconf 83' lang='lat' dir='ltr'><strong>testatur</strong></span> 
     </span>
     <span class='ocr_line' id='line_1_19' title="bbox 350 1792 2755 1873; baseline -0.001 -21"><span class='ocrx_word' id='word_1_180' title='bbox 350 1794 411 1851; x_wconf 88' lang='lat' dir='ltr'><strong>in</strong></span> <span class='ocrx_word' id='word_1_181' title='bbox 442 1794 723 1853; x_wconf 85' lang='lat' dir='ltr'><strong>Psalterio</strong></span> <span class='ocrx_word' id='word_1_182' title='bbox 751 1794 849 1853; x_wconf 82' lang='lat' dir='ltr'><strong>avi</strong></span> <span class='ocrx_word' id='word_1_183' title='bbox 876 1794 967 1853; x_wconf 86' lang='lat' dir='ltr'><strong>sui</strong></span> <span class='ocrx_word' id='word_1_184' title='bbox 994 1814 1057 1853; x_wconf 89' lang='lat' dir='ltr'><strong>se</strong></span> <span class='ocrx_word' id='word_1_185' title='bbox 1082 1794 1239 1853; x_wconf 89' lang='lat' dir='ltr'><strong>idem</strong></span> <span class='ocrx_word' id='word_1_186' title='bbox 1266 1796 1563 1873; x_wconf 87' lang='lat' dir='ltr'><strong>reperisse,</strong></span> <span class='ocrx_word' id='word_1_187' title='bbox 1594 1796 1753 1873; x_wconf 90' lang='lat' dir='ltr'><strong>quod</strong></span> <span class='ocrx_word' id='word_1_188' title='bbox 1779 1794 2080 1853; x_wconf 77' lang='lat' dir='ltr'><strong>confirmat</strong></span> <span class='ocrx_word' id='word_1_189' title='bbox 2103 1794 2325 1869; x_wconf 78' lang='lat' dir='ltr'><strong>Capito.</strong></span> <span class='ocrx_word' id='word_1_190' title='bbox 2349 1792 2538 1852; x_wconf 87' lang='lat' dir='ltr'><strong>Instit.</strong></span> <span class='ocrx_word' id='word_1_191' title='bbox 2571 1792 2755 1854; x_wconf 88' lang='lat' dir='ltr'><strong>Hebr.</strong></span> 
     </span>
     <span class='ocr_line' id='line_1_20' title="bbox 349 1872 2759 1967; baseline 0 -36"><span class='ocrx_word' id='word_1_192' title='bbox 349 1872 412 1931; x_wconf 93' lang='lat' dir='ltr'><strong>li.</strong></span> <span class='ocrx_word' id='word_1_193' title='bbox 454 1872 493 1931; x_wconf 91' lang='lat' dir='ltr'><strong>i.</strong></span> <span class='ocrx_word' id='word_1_194' title='bbox 536 1892 660 1950; x_wconf 86' lang='lat' dir='ltr'><strong>eap.</strong></span> <span class='ocrx_word' id='word_1_195' title='bbox 695 1876 787 1933; x_wconf 90' lang='grc'><strong>10.</strong></span> <span class='ocrx_word' id='word_1_196' title='bbox 872 1874 995 1931; x_wconf 89' lang='lat' dir='ltr'><strong>Nee</strong></span> <span class='ocrx_word' id='word_1_197' title='bbox 1036 1874 1267 1933; x_wconf 86' lang='lat' dir='ltr'><strong>diffiteri</strong></span> <span class='ocrx_word' id='word_1_198' title='bbox 1306 1885 1563 1967; x_wconf 78' lang='lat' dir='ltr'><strong>possunt</strong></span> <span class='ocrx_word' id='word_1_199' title='bbox 1593 1873 1898 1948; x_wconf 77' lang='lat' dir='ltr'><strong>pontificii,</strong></span> <span class='ocrx_word' id='word_1_200' title='bbox 1943 1892 2074 1933; x_wconf 83' lang='lat' dir='ltr'><strong>eum</strong></span> <span class='ocrx_word' id='word_1_201' title='bbox 2103 1873 2298 1931; x_wconf 84' lang='lat' dir='ltr'><strong>Biblia</strong></span> <span class='ocrx_word' id='word_1_202' title='bbox 2325 1872 2759 1949; x_wconf 70' lang='lat' dir='ltr'><strong>complutensis</strong></span> 
     </span>
     <span class='ocr_line' id='line_1_21' title="bbox 350 1952 2756 2088; baseline -0 -79"><span class='ocrx_word' id='word_1_203' title='bbox 350 1952 437 2088; x_wconf 55' lang='lat' dir='ltr'><strong>iffi</strong></span> <span class='ocrx_word' id='word_1_204' title='bbox 458 1952 673 2028; x_wconf 88' lang='lat' dir='ltr'><strong>legant,</strong></span> <span class='ocrx_word' id='word_1_205' title='bbox 704 1961 764 2011; x_wconf 89' lang='lat' dir='ltr'><strong>et</strong></span> <span class='ocrx_word' id='word_1_206' title='bbox 790 1952 1199 2012; x_wconf 85' lang='lat' dir='ltr'><strong>Genebrardus</strong></span> <span class='ocrx_word' id='word_1_207' title='bbox 1227 1954 1404 2012; x_wconf 88' lang='lat' dir='ltr'><strong>variis</strong></span> <span class='ocrx_word' id='word_1_208' title='bbox 1432 1953 1778 2013; x_wconf 75' lang='lat' dir='ltr'><strong>testimoniis</strong></span> <span class='ocrx_word' id='word_1_209' title='bbox 1804 1953 1848 2014; x_wconf 84' lang='lat' dir='ltr'>J</span> <span class='ocrx_word' id='word_1_210' title='bbox 1851 1953 2144 2012; x_wconf 77' lang='lat' dir='ltr'><strong>udaeorum</strong></span> <span class='ocrx_word' id='word_1_211' title='bbox 2184 1952 2389 2029; x_wconf 85' lang='lat' dir='ltr'><strong>probet</strong></span> <span class='ocrx_word' id='word_1_212' title='bbox 2420 1952 2502 2010; x_wconf 82' lang='lat' dir='ltr'><strong>ita</strong></span> <span class='ocrx_word' id='word_1_213' title='bbox 2541 1952 2756 2010; x_wconf 78' lang='lat' dir='ltr'><strong>lectum</strong></span> 
     </span>
     <span class='ocr_line' id='line_1_22' title="bbox 440 2050 549 2089; baseline 0.022 -2"><span class='ocrx_word' id='word_1_214' title='bbox 440 2050 549 2089; x_wconf 88' lang='lat' dir='ltr'><strong>sse.</strong></span> 
     </span>
    </p>

    <p class='ocr_par' dir='ltr' id='par_1_5' title="bbox 350 2109 2760 2644">
     <span class='ocr_line' id='line_1_23' title="bbox 434 2109 2758 2185; baseline 0.001 -20"><span class='ocrx_word' id='word_1_215' title='bbox 434 2109 661 2167; x_wconf 88' lang='lat' dir='ltr'>XXII.</span> <span class='ocrx_word' id='word_1_216' title='bbox 704 2112 741 2166; x_wconf 99' lang='grc'><strong>2</strong></span> <span class='ocrx_word' id='word_1_217' title='bbox 775 2110 929 2167; x_wconf 88' lang='lat' dir='ltr'><strong>Sam.</strong></span> <span class='ocrx_word' id='word_1_218' title='bbox 979 2109 1145 2169; x_wconf 79' lang='lat' dir='ltr'><strong>xxiv.</strong></span> <span class='ocrx_word' id='word_1_219' title='bbox 1175 2112 1271 2185; x_wconf 83' lang='grc'><strong>24,</strong></span> <span class='ocrx_word' id='word_1_220' title='bbox 1320 2110 1516 2168; x_wconf 86' lang='lat' dir='ltr'><strong>David</strong></span> <span class='ocrx_word' id='word_1_221' title='bbox 1564 2110 1775 2169; x_wconf 85' lang='lat' dir='ltr'><strong>dieitur</strong></span> <span class='ocrx_word' id='word_1_222' title='bbox 1817 2111 2026 2169; x_wconf 85' lang='lat' dir='ltr'><strong>emisse</strong></span> <span class='ocrx_word' id='word_1_223' title='bbox 2069 2110 2145 2168; x_wconf 86' lang='lat' dir='ltr'><strong>ab</strong></span> <span class='ocrx_word' id='word_1_224' title='bbox 2173 2109 2416 2168; x_wconf 83' lang='lat' dir='ltr'><strong>Arsuna</strong></span> <span class='ocrx_word' id='word_1_225' title='bbox 2457 2128 2650 2167; x_wconf 87' lang='lat' dir='ltr'><strong>aream</strong></span> <span class='ocrx_word' id='word_1_226' title='bbox 2697 2116 2758 2167; x_wconf 87' lang='lat' dir='ltr'><strong>et</strong></span> 
     </span>
     <span class='ocr_line' id='line_1_24' title="bbox 350 2188 2758 2279; baseline -0.001 -31"><span class='ocrx_word' id='word_1_227' title='bbox 350 2189 535 2248; x_wconf 87' lang='lat' dir='ltr'><strong>boves</strong></span> <span class='ocrx_word' id='word_1_228' title='bbox 582 2188 741 2246; x_wconf 82' lang='lat' dir='ltr'><strong>siclis</strong></span> <span class='ocrx_word' id='word_1_229' title='bbox 766 2188 1187 2279; x_wconf 75' lang='lat' dir='ltr'><strong>quinquaginta</strong></span> <span class='ocrx_word' id='word_1_230' title='bbox 1234 2189 1478 2266; x_wconf 78' lang='lat' dir='ltr'><strong>argenti.</strong></span> <span class='ocrx_word' id='word_1_231' title='bbox 1563 2188 1649 2246; x_wconf 91' lang='lat' dir='ltr'><strong>At</strong></span> <span class='ocrx_word' id='word_1_232' title='bbox 1698 2192 1728 2247; x_wconf 90' lang='lat'>1</span> <span class='ocrx_word' id='word_1_233' title='bbox 1762 2189 2010 2265; x_wconf 87' lang='lat' dir='ltr'><strong>Paralip.</strong></span> <span class='ocrx_word' id='word_1_234' title='bbox 2039 2189 2163 2247; x_wconf 85' lang='lat' dir='ltr'><strong>xxi.</strong></span> <span class='ocrx_word' id='word_1_235' title='bbox 2193 2192 2289 2264; x_wconf 88' lang='grc'><strong>25,</strong></span> <span class='ocrx_word' id='word_1_236' title='bbox 2327 2188 2598 2246; x_wconf 81' lang='lat' dir='ltr'><strong>siclorum</strong></span> <span class='ocrx_word' id='word_1_237' title='bbox 2631 2189 2758 2246; x_wconf 90' lang='lat' dir='ltr'><strong>auri</strong></span> 
     </span>
     <span class='ocr_line' id='line_1_25' title="bbox 351 2266 2760 2344; baseline 0 -18"><span class='ocrx_word' id='word_1_238' title='bbox 351 2276 755 2327; x_wconf 81' lang='lat' dir='ltr'><strong>sexcentorum</strong></span> <span class='ocrx_word' id='word_1_239' title='bbox 776 2266 842 2326; x_wconf 90' lang='lat' dir='ltr'><strong>fit</strong></span> <span class='ocrx_word' id='word_1_240' title='bbox 866 2266 1119 2327; x_wconf 90' lang='lat' dir='ltr'><strong>mentio.</strong></span> <span class='ocrx_word' id='word_1_241' title='bbox 1162 2268 1501 2326; x_wconf 76' lang='lat' dir='ltr'><strong>conciliatio</strong></span> <span class='ocrx_word' id='word_1_242' title='bbox 1530 2268 1718 2326; x_wconf 83' lang='lat' dir='ltr'><strong>facilis</strong></span> <span class='ocrx_word' id='word_1_243' title='bbox 1744 2275 1833 2326; x_wconf 87' lang='lat' dir='ltr'><strong>est</strong></span> <span class='ocrx_word' id='word_1_244' title='bbox 1859 2280 1936 2326; x_wconf 80' lang='lat' dir='ltr'><strong>ex</strong></span> <span class='ocrx_word' id='word_1_245' title='bbox 1963 2268 2202 2327; x_wconf 82' lang='lat' dir='ltr'><strong>materia</strong></span> <span class='ocrx_word' id='word_1_246' title='bbox 2227 2266 2568 2344; x_wconf 87' lang='lat' dir='ltr'><strong>emptionis3</strong></span> <span class='ocrx_word' id='word_1_247' title='bbox 2597 2266 2760 2327; x_wconf 83' lang='lat' dir='ltr'><strong>dedit</strong></span> 
     </span>
     <span class='ocr_line' id='line_1_26' title="bbox 351 2346 2758 2424; baseline -0 -19"><span class='ocrx_word' id='word_1_248' title='bbox 351 2350 431 2405; x_wconf 83' lang='lat'><strong>50</strong></span> <span class='ocrx_word' id='word_1_249' title='bbox 460 2347 633 2405; x_wconf 81' lang='lat' dir='ltr'><strong>siclos</strong></span> <span class='ocrx_word' id='word_1_250' title='bbox 659 2365 763 2423; x_wconf 89' lang='lat' dir='ltr'><strong>pro</strong></span> <span class='ocrx_word' id='word_1_251' title='bbox 790 2364 861 2404; x_wconf 86' lang='lat' dir='ltr'><strong>ea</strong></span> <span class='ocrx_word' id='word_1_252' title='bbox 1076 2366 1225 2405; x_wconf 79' lang='lat' dir='ltr'><strong>areae</strong></span> <span class='ocrx_word' id='word_1_253' title='bbox 1257 2347 1318 2404; x_wconf 90' lang='grc' dir='ltr'><strong>ιιι</strong></span> <span class='ocrx_word' id='word_1_254' title='bbox 1346 2366 1463 2423; x_wconf 88' lang='lat' dir='ltr'><strong>qua</strong></span> <span class='ocrx_word' id='word_1_255' title='bbox 1488 2348 1670 2405; x_wconf 87' lang='lat' dir='ltr'><strong>altare</strong></span> <span class='ocrx_word' id='word_1_256' title='bbox 1709 2347 1895 2424; x_wconf 90' lang='lat' dir='ltr'><strong>primo</strong></span> <span class='ocrx_word' id='word_1_257' title='bbox 1922 2346 2265 2421; x_wconf 70' lang='lat' dir='ltr'><strong>aedificavit3</strong></span> <span class='ocrx_word' id='word_1_258' title='bbox 2307 2346 2410 2405; x_wconf 87' lang='lat' dir='ltr'><strong>sed</strong></span> <span class='ocrx_word' id='word_1_259' title='bbox 2451 2354 2758 2423; x_wconf 77' lang='lat' dir='ltr'><strong>postquam</strong></span> 
     </span>
     <span class='ocr_line' id='line_1_27' title="bbox 350 2424 2758 2503; baseline -0.001 -18"><span class='ocrx_word' id='word_1_260' title='bbox 350 2445 427 2485; x_wconf 86' lang='lat' dir='ltr'><strong>ex</strong></span> <span class='ocrx_word' id='word_1_261' title='bbox 455 2426 591 2502; x_wconf 86' lang='lat' dir='ltr'><strong>igne</strong></span> <span class='ocrx_word' id='word_1_262' title='bbox 619 2425 847 2483; x_wconf 83' lang='lat' dir='ltr'><strong>eoelitus</strong></span> <span class='ocrx_word' id='word_1_263' title='bbox 914 2426 1111 2502; x_wconf 87' lang='lat' dir='ltr'><strong>elapso</strong></span> <span class='ocrx_word' id='word_1_264' title='bbox 1140 2427 1416 2503; x_wconf 77' lang='lat' dir='ltr'><strong>cognovit</strong></span> <span class='ocrx_word' id='word_1_265' title='bbox 1441 2427 1635 2485; x_wconf 83' lang='lat' dir='ltr'><strong>locum</strong></span> <span class='ocrx_word' id='word_1_266' title='bbox 1679 2444 1808 2485; x_wconf 89' lang='lat' dir='ltr'><strong>esse</strong></span> <span class='ocrx_word' id='word_1_267' title='bbox 1835 2444 2006 2502; x_wconf 88' lang='lat' dir='ltr'><strong>quem</strong></span> <span class='ocrx_word' id='word_1_268' title='bbox 2037 2425 2198 2483; x_wconf 91' lang='lat' dir='ltr'><strong>Deus</strong></span> <span class='ocrx_word' id='word_1_269' title='bbox 2239 2425 2314 2483; x_wconf 83' lang='lat' dir='ltr'><strong>ad</strong></span> <span class='ocrx_word' id='word_1_270' title='bbox 2361 2424 2758 2483; x_wconf 65' lang='lat' dir='ltr'><strong>aedificandam</strong></span> 
     </span>
     <span class='ocr_line' id='line_1_28' title="bbox 350 2504 2756 2597; baseline 0 -34"><span class='ocrx_word' id='word_1_271' title='bbox 350 2505 586 2563; x_wconf 87' lang='lat' dir='ltr'><strong>domum</strong></span> <span class='ocrx_word' id='word_1_272' title='bbox 614 2505 937 2596; x_wconf 77' lang='lat' dir='ltr'><strong>selegerat·</strong></span> <span class='ocrx_word' id='word_1_273' title='bbox 922 2548 937 2579; x_wconf 85' lang='lat'><strong>,</strong></span> <span class='ocrx_word' id='word_1_274' title='bbox 975 2504 1101 2581; x_wconf 87' lang='lat' dir='ltr'><strong>jam</strong></span> <span class='ocrx_word' id='word_1_275' title='bbox 1128 2504 1345 2597; x_wconf 82' lang='lat' dir='ltr'><strong>exigua</strong></span> <span class='ocrx_word' id='word_1_276' title='bbox 1371 2505 1473 2563; x_wconf 87' lang='lat' dir='ltr'><strong>illa</strong></span> <span class='ocrx_word' id='word_1_277' title='bbox 1499 2524 1634 2563; x_wconf 86' lang='lat' dir='ltr'><strong>area</strong></span> <span class='ocrx_word' id='word_1_278' title='bbox 1674 2524 1792 2563; x_wconf 89' lang='lat' dir='ltr'><strong>non</strong></span> <span class='ocrx_word' id='word_1_279' title='bbox 1837 2512 2158 2579; x_wconf 80' lang='lat' dir='ltr'><strong>contentus,</strong></span> <span class='ocrx_word' id='word_1_280' title='bbox 2187 2504 2524 2564; x_wconf 88' lang='lat' dir='ltr'><strong>universum</strong></span> <span class='ocrx_word' id='word_1_281' title='bbox 2551 2524 2756 2582; x_wconf 87' lang='lat' dir='ltr'><strong>agrum</strong></span> 
     </span>
     <span class='ocr_line' id='line_1_29' title="bbox 350 2583 1207 2644; baseline 0.001 -1"><span class='ocrx_word' id='word_1_282' title='bbox 350 2592 409 2644; x_wconf 87' lang='lat' dir='ltr'><strong>et</strong></span> <span class='ocrx_word' id='word_1_283' title='bbox 436 2591 691 2644; x_wconf 87' lang='lat' dir='ltr'><strong>montem</strong></span> <span class='ocrx_word' id='word_1_284' title='bbox 718 2583 857 2642; x_wconf 87' lang='lat' dir='ltr'><strong>emit</strong></span> <span class='ocrx_word' id='word_1_285' title='bbox 886 2586 1005 2643; x_wconf 90' lang='grc'><strong>600</strong></span> <span class='ocrx_word' id='word_1_286' title='bbox 1032 2583 1207 2644; x_wconf 87' lang='lat' dir='ltr'><strong>sielis.</strong></span> 
     </span>
    </p>

    <p class='ocr_par' dir='ltr' id='par_1_6' title="bbox 349 2662 2760 3452">
     <span class='ocr_line' id='line_1_30' title="bbox 432 2662 2758 2742; baseline 0 -21"><span class='ocrx_word' id='word_1_287' title='bbox 432 2663 693 2724; x_wconf 88' lang='lat' dir='ltr'><strong>XXIII.</strong></span> <span class='ocrx_word' id='word_1_288' title='bbox 739 2663 983 2739; x_wconf 85' lang='lat' dir='ltr'><strong>Ibidem,</strong></span> <span class='ocrx_word' id='word_1_289' title='bbox 1014 2683 1167 2722; x_wconf 82' lang='lat' dir='ltr'><strong>vers.</strong></span> <span class='ocrx_word' id='word_1_290' title='bbox 1217 2665 1311 2738; x_wconf 85' lang='lat'><strong>13,</strong></span> <span class='ocrx_word' id='word_1_291' title='bbox 1358 2671 1758 2742; x_wconf 85' lang='lat' dir='ltr'><strong>proponuntur</strong></span> <span class='ocrx_word' id='word_1_292' title='bbox 1799 2683 1836 2722; x_wconf 84' lang='lat' dir='ltr'><strong>a</strong></span> <span class='ocrx_word' id='word_1_293' title='bbox 1879 2662 2046 2722; x_wconf 86' lang='lat' dir='ltr'><strong>Gade</strong></span> <span class='ocrx_word' id='word_1_294' title='bbox 2092 2662 2310 2721; x_wconf 84' lang='lat' dir='ltr'><strong>Davidi</strong></span> <span class='ocrx_word' id='word_1_295' title='bbox 2353 2671 2570 2740; x_wconf 85' lang='lat' dir='ltr'><strong>septem</strong></span> <span class='ocrx_word' id='word_1_296' title='bbox 2619 2662 2758 2722; x_wconf 85' lang='lat' dir='ltr'><strong>anni</strong></span> 
     </span>
     <span class='ocr_line' id='line_1_31' title="bbox 350 2709 2756 2836; baseline -0 -35"><span class='ocrx_word' id='word_1_297' title='bbox 350 2742 519 2802; x_wconf 84' lang='lat' dir='ltr'><strong>famis</strong></span> <span class='ocrx_word' id='word_1_298' title='bbox 564 2743 625 2800; x_wconf 91' lang='lat' dir='ltr'><strong>in</strong></span> <span class='ocrx_word' id='word_1_299' title='bbox 664 2763 893 2820; x_wconf 82' lang='lat' dir='ltr'><strong>poensm</strong></span> <span class='ocrx_word' id='word_1_300' title='bbox 938 2763 975 2801; x_wconf 85' lang='lat' dir='ltr'><strong>a</strong></span> <span class='ocrx_word' id='word_1_301' title='bbox 1010 2743 1137 2802; x_wconf 87' lang='lat' dir='ltr'><strong>Deo</strong></span> <span class='ocrx_word' id='word_1_302' title='bbox 1180 2709 1591 2836; x_wconf 69' lang='lat' dir='ltr'><strong>infligendam·</strong></span> <span class='ocrx_word' id='word_1_303' title='bbox 1635 2743 1723 2802; x_wconf 90' lang='lat' dir='ltr'><strong>At</strong></span> <span class='ocrx_word' id='word_1_304' title='bbox 1771 2745 1798 2799; x_wconf 93' lang='lat' dir='ltr'><strong>l</strong></span> <span class='ocrx_word' id='word_1_305' title='bbox 1834 2742 2081 2834; x_wconf 63' lang='lat' dir='ltr'><strong>Paralip3</strong></span> <span class='ocrx_word' id='word_1_306' title='bbox 2125 2741 2250 2801; x_wconf 85' lang='lat' dir='ltr'><strong>xxi.</strong></span> <span class='ocrx_word' id='word_1_307' title='bbox 2285 2745 2376 2817; x_wconf 93' lang='grc'><strong>12,</strong></span> <span class='ocrx_word' id='word_1_308' title='bbox 2419 2742 2488 2800; x_wconf 85' lang='lat' dir='ltr'><strong>fit</strong></span> <span class='ocrx_word' id='word_1_309' title='bbox 2529 2751 2756 2802; x_wconf 84' lang='lat' dir='ltr'><strong>tantum</strong></span> 
     </span>
     <span class='ocr_line' id='line_1_32' title="bbox 350 2821 2758 2899; baseline 0 -20"><span class='ocrx_word' id='word_1_310' title='bbox 350 2822 567 2881; x_wconf 90' lang='lat' dir='ltr'><strong>mentio</strong></span> <span class='ocrx_word' id='word_1_311' title='bbox 594 2823 785 2882; x_wconf 87' lang='lat' dir='ltr'><strong>trium.</strong></span> <span class='ocrx_word' id='word_1_312' title='bbox 873 2821 990 2881; x_wconf 88' lang='lat' dir='ltr'><strong>Sed</strong></span> <span class='ocrx_word' id='word_1_313' title='bbox 1016 2822 1132 2880; x_wconf 87' lang='lat' dir='ltr'><strong>ista</strong></span> <span class='ocrx_word' id='word_1_314' title='bbox 1157 2822 1313 2880; x_wconf 85' lang='lat' dir='ltr'><strong>sacili</strong></span> <span class='ocrx_word' id='word_1_315' title='bbox 1340 2823 1575 2899; x_wconf 87' lang='lat' dir='ltr'><strong>negotio</strong></span> <span class='ocrx_word' id='word_1_316' title='bbox 1602 2821 1997 2896; x_wconf 83' lang='lat' dir='ltr'><strong>conciliantur,</strong></span> <span class='ocrx_word' id='word_1_317' title='bbox 2029 2821 2080 2880; x_wconf 90' lang='lat' dir='ltr'><strong>si</strong></span> <span class='ocrx_word' id='word_1_318' title='bbox 2107 2821 2383 2896; x_wconf 86' lang='lat' dir='ltr'><strong>dieamus,</strong></span> <span class='ocrx_word' id='word_1_319' title='bbox 2405 2822 2500 2880; x_wconf 88' lang='lat' dir='ltr'><strong>vel</strong></span> <span class='ocrx_word' id='word_1_320' title='bbox 2530 2822 2758 2880; x_wconf 88' lang='lat' dir='ltr'><strong>Gadem</strong></span> 
     </span>
     <span class='ocr_line' id='line_1_33' title="bbox 349 2900 2758 2980; baseline -0 -21"><span class='ocrx_word' id='word_1_321' title='bbox 349 2901 535 2980; x_wconf 87' lang='lat' dir='ltr'><strong>primo</strong></span> <span class='ocrx_word' id='word_1_322' title='bbox 588 2901 955 2980; x_wconf 87' lang='lat' dir='ltr'><strong>proposuisse</strong></span> <span class='ocrx_word' id='word_1_323' title='bbox 1003 2901 1383 2978; x_wconf 89' lang='lat' dir='ltr'><strong>septennium,</strong></span> <span class='ocrx_word' id='word_1_324' title='bbox 1431 2901 1589 2978; x_wconf 88' lang='lat' dir='ltr'><strong>quod</strong></span> <span class='ocrx_word' id='word_1_325' title='bbox 1641 2910 1844 2978; x_wconf 79' lang='lat' dir='ltr'><strong>postea</strong></span> <span class='ocrx_word' id='word_1_326' title='bbox 1895 2902 2333 2960; x_wconf 86' lang='lat' dir='ltr'><strong>eohorreseente</strong></span> <span class='ocrx_word' id='word_1_327' title='bbox 2379 2900 2624 2975; x_wconf 78' lang='lat' dir='ltr'><strong>Davide,</strong></span> <span class='ocrx_word' id='word_1_328' title='bbox 2681 2901 2758 2958; x_wconf 88' lang='lat' dir='ltr'><strong>ad</strong></span> 
     </span>
     <span class='ocr_line' id='line_1_34' title="bbox 350 2979 2756 3072; baseline -0.001 -34"><span class='ocrx_word' id='word_1_329' title='bbox 350 3001 551 3058; x_wconf 86' lang='lat' dir='ltr'><strong>preees</strong></span> <span class='ocrx_word' id='word_1_330' title='bbox 580 2981 765 3040; x_wconf 82' lang='lat' dir='ltr'><strong>Gadis</strong></span> <span class='ocrx_word' id='word_1_331' title='bbox 802 2981 927 3039; x_wconf 84' lang='lat' dir='ltr'><strong>sive</strong></span> <span class='ocrx_word' id='word_1_332' title='bbox 957 2980 1205 3038; x_wconf 81' lang='lat' dir='ltr'><strong>Davidis</strong></span> <span class='ocrx_word' id='word_1_333' title='bbox 1248 2980 1325 3039; x_wconf 86' lang='lat' dir='ltr'><strong>ad</strong></span> <span class='ocrx_word' id='word_1_334' title='bbox 1369 2989 1487 3040; x_wconf 88' lang='lat' dir='ltr'><strong>tres</strong></span> <span class='ocrx_word' id='word_1_335' title='bbox 1530 2999 1716 3040; x_wconf 86' lang='lat' dir='ltr'><strong>annos</strong></span> <span class='ocrx_word' id='word_1_336' title='bbox 1757 2980 2056 3040; x_wconf 79' lang='lat' dir='ltr'><strong>reductum</strong></span> <span class='ocrx_word' id='word_1_337' title='bbox 2099 2979 2287 3056; x_wconf 85' lang='lat' dir='ltr'><strong>fuerit,</strong></span> <span class='ocrx_word' id='word_1_338' title='bbox 2317 2987 2384 3040; x_wconf 91' lang='lat' dir='ltr'><strong>ut</strong></span> <span class='ocrx_word' id='word_1_339' title='bbox 2411 2981 2560 3039; x_wconf 87' lang='lat' dir='ltr'><strong>Gen.</strong></span> <span class='ocrx_word' id='word_1_340' title='bbox 2580 2980 2756 3072; x_wconf 63' lang='grc' dir='ltr'>ἰινιιι,</span> 
     </span>
     <span class='ocr_line' id='line_1_35' title="bbox 351 3059 2758 3137; baseline 0 -20"><span class='ocrx_word' id='word_1_341' title='bbox 351 3079 625 3119; x_wconf 88' lang='lat' dir='ltr'><strong>numerus</strong></span> <span class='ocrx_word' id='word_1_342' title='bbox 653 3063 731 3118; x_wconf 91' lang='grc'><strong>50</strong></span> <span class='ocrx_word' id='word_1_343' title='bbox 765 3061 1055 3137; x_wconf 84' lang='lat' dir='ltr'><strong>justorum</strong></span> <span class='ocrx_word' id='word_1_344' title='bbox 1083 3059 1367 3136; x_wconf 87' lang='lat' dir='ltr'><strong>redigitur</strong></span> <span class='ocrx_word' id='word_1_345' title='bbox 1393 3059 1469 3118; x_wconf 82' lang='lat' dir='ltr'><strong>ad</strong></span> <span class='ocrx_word' id='word_1_346' title='bbox 1505 3060 1740 3135; x_wconf 87' lang='lat' dir='ltr'><strong>deeem3</strong></span> <span class='ocrx_word' id='word_1_347' title='bbox 1784 3059 1898 3118; x_wconf 91' lang='lat' dir='ltr'><strong>Vel</strong></span> <span class='ocrx_word' id='word_1_348' title='bbox 1941 3059 2003 3116; x_wconf 93' lang='lat' dir='ltr'><strong>in</strong></span> <span class='ocrx_word' id='word_1_349' title='bbox 2045 3078 2286 3118; x_wconf 88' lang='lat' dir='ltr'><strong>numero</strong></span> <span class='ocrx_word' id='word_1_350' title='bbox 2313 3059 2652 3136; x_wconf 86' lang='lat' dir='ltr'><strong>septenario,</strong></span> <span class='ocrx_word' id='word_1_351' title='bbox 2683 3059 2758 3118; x_wconf 89' lang='lat' dir='ltr'><strong>de</strong></span> 
     </span>
     <span class='ocr_line' id='line_1_36' title="bbox 351 3138 2754 3231; baseline -0.001 -33"><span class='ocrx_word' id='word_1_352' title='bbox 351 3158 467 3217; x_wconf 87' lang='lat' dir='ltr'><strong>quo</strong></span> <span class='ocrx_word' id='word_1_353' title='bbox 495 3139 619 3215; x_wconf 89' lang='lat' dir='ltr'><strong>agit</strong></span> <span class='ocrx_word' id='word_1_354' title='bbox 652 3139 799 3198; x_wconf 90' lang='lat' dir='ltr'><strong>liber</strong></span> <span class='ocrx_word' id='word_1_355' title='bbox 830 3138 1130 3214; x_wconf 80' lang='lat' dir='ltr'><strong>Samuelis,</strong></span> <span class='ocrx_word' id='word_1_356' title='bbox 1176 3138 1395 3198; x_wconf 81' lang='lat' dir='ltr'><strong>includi</strong></span> <span class='ocrx_word' id='word_1_357' title='bbox 1436 3148 1555 3198; x_wconf 89' lang='lat' dir='ltr'><strong>tres</strong></span> <span class='ocrx_word' id='word_1_358' title='bbox 1598 3157 1782 3197; x_wconf 87' lang='lat' dir='ltr'><strong>annos</strong></span> <span class='ocrx_word' id='word_1_359' title='bbox 1821 3138 2006 3212; x_wconf 77' lang='lat' dir='ltr'><strong>famis,</strong></span> <span class='ocrx_word' id='word_1_360' title='bbox 2037 3138 2138 3214; x_wconf 90' lang='lat' dir='ltr'><strong>qui</strong></span> <span class='ocrx_word' id='word_1_361' title='bbox 2179 3139 2302 3231; x_wconf 78' lang='lat' dir='ltr'><strong>jam</strong></span> <span class='ocrx_word' id='word_1_362' title='bbox 2345 3139 2754 3215; x_wconf 63' lang='lat' dir='ltr'><strong>praeterierant,</strong></span> 
     </span>
     <span class='ocr_line' id='line_1_37' title="bbox 352 3217 2758 3310; baseline 0 -34"><span class='ocrx_word' id='word_1_363' title='bbox 352 3239 483 3294; x_wconf 77' lang='lat' dir='ltr'><strong>quae</strong></span> <span class='ocrx_word' id='word_1_364' title='bbox 526 3217 795 3294; x_wconf 83' lang='lat' dir='ltr'><strong>imposita</strong></span> <span class='ocrx_word' id='word_1_365' title='bbox 836 3217 948 3278; x_wconf 84' lang='lat' dir='ltr'><strong>fuit</strong></span> <span class='ocrx_word' id='word_1_366' title='bbox 988 3225 1223 3296; x_wconf 88' lang='lat' dir='ltr'><strong>propter</strong></span> <span class='ocrx_word' id='word_1_367' title='bbox 1250 3217 1607 3310; x_wconf 67' lang='lat' dir='ltr'><strong>Gibeonims,</strong></span> <span class='ocrx_word' id='word_1_368' title='bbox 1640 3217 1714 3276; x_wconf 87' lang='lat' dir='ltr'><strong>de</strong></span> <span class='ocrx_word' id='word_1_369' title='bbox 1741 3237 1872 3295; x_wconf 89' lang='lat' dir='ltr'><strong>qua,</strong></span> <span class='ocrx_word' id='word_1_370' title='bbox 1921 3223 1956 3276; x_wconf 83' lang='lat'>2</span> <span class='ocrx_word' id='word_1_371' title='bbox 1991 3219 2145 3276; x_wconf 88' lang='lat' dir='ltr'><strong>Sam.</strong></span> <span class='ocrx_word' id='word_1_372' title='bbox 2175 3217 2300 3275; x_wconf 82' lang='lat' dir='ltr'><strong>xxi.</strong></span> <span class='ocrx_word' id='word_1_373' title='bbox 2333 3221 2386 3294; x_wconf 91' lang='lat'><strong>1,</strong></span> <span class='ocrx_word' id='word_1_374' title='bbox 2429 3237 2560 3277; x_wconf 88' lang='lat' dir='ltr'><strong>eum</strong></span> <span class='ocrx_word' id='word_1_375' title='bbox 2605 3237 2758 3276; x_wconf 89' lang='lat' dir='ltr'><strong>anno</strong></span> 
     </span>
     <span class='ocr_line' id='line_1_38' title="bbox 351 3295 2760 3374; baseline 0.001 -20"><span class='ocrx_word' id='word_1_376' title='bbox 351 3297 616 3372; x_wconf 85' lang='lat' dir='ltr'><strong>labente3</strong></span> <span class='ocrx_word' id='word_1_377' title='bbox 660 3295 807 3354; x_wconf 87' lang='lat' dir='ltr'><strong>sed</strong></span> <span class='ocrx_word' id='word_1_378' title='bbox 790 3316 851 3355; x_wconf 89' lang='grc' dir='ltr'><strong>ιιι</strong></span> <span class='ocrx_word' id='word_1_379' title='bbox 886 3296 988 3354; x_wconf 88' lang='lat' dir='ltr'><strong>lib.</strong></span> <span class='ocrx_word' id='word_1_380' title='bbox 1019 3298 1253 3356; x_wconf 83' lang='lat' dir='ltr'><strong>Chroni.</strong></span> <span class='ocrx_word' id='word_1_381' title='bbox 1297 3297 1648 3356; x_wconf 86' lang='lat' dir='ltr'><strong>mentionem</strong></span> <span class='ocrx_word' id='word_1_382' title='bbox 1689 3305 1913 3356; x_wconf 82' lang='lat' dir='ltr'><strong>tantum</strong></span> <span class='ocrx_word' id='word_1_383' title='bbox 1953 3297 2080 3356; x_wconf 86' lang='lat' dir='ltr'><strong>fieri</strong></span> <span class='ocrx_word' id='word_1_384' title='bbox 2119 3296 2294 3356; x_wconf 88' lang='lat' dir='ltr'><strong>trium</strong></span> <span class='ocrx_word' id='word_1_385' title='bbox 2328 3315 2624 3373; x_wconf 90' lang='lat' dir='ltr'><strong>annorum,</strong></span> <span class='ocrx_word' id='word_1_386' title='bbox 2656 3297 2760 3374; x_wconf 90' lang='lat' dir='ltr'><strong>qui</strong></span> 
     </span>
     <span class='ocr_line' id='line_1_39' title="bbox 353 3375 2032 3452; baseline 0.001 -19"><span class='ocrx_word' id='word_1_387' title='bbox 353 3375 583 3436; x_wconf 86' lang='lat' dir='ltr'><strong>venturi</strong></span> <span class='ocrx_word' id='word_1_388' title='bbox 611 3383 809 3434; x_wconf 87' lang='lat' dir='ltr'><strong>erant·</strong></span> <span class='ocrx_word' id='word_1_389' title='bbox 852 3375 937 3434; x_wconf 85' lang='lat' dir='ltr'><strong>sie</strong></span> <span class='ocrx_word' id='word_1_390' title='bbox 964 3375 1221 3435; x_wconf 87' lang='lat' dir='ltr'><strong>sentiunt</strong></span> <span class='ocrx_word' id='word_1_391' title='bbox 1247 3376 1489 3450; x_wconf 73' lang='lat' dir='ltr'><strong>Kimclu‘,</strong></span> <span class='ocrx_word' id='word_1_392' title='bbox 1520 3378 1775 3452; x_wconf 60' lang='lat' dir='ltr'><strong>Man-tyr,</strong></span> <span class='ocrx_word' id='word_1_393' title='bbox 1804 3377 2032 3436; x_wconf 74' lang='lat' dir='ltr'><strong>Junius.</strong></span> 
     </span>
    </p>

    <p class='ocr_par' dir='ltr' id='par_1_7' title="bbox 350 3453 2760 4223">
     <span class='ocr_line' id='line_1_40' title="bbox 434 3453 2759 3531; baseline 0.001 -19"><span class='ocrx_word' id='word_1_394' title='bbox 434 3455 683 3513; x_wconf 88' lang='lat' dir='ltr'><strong>XXIV.</strong></span> <span class='ocrx_word' id='word_1_395' title='bbox 728 3459 763 3512; x_wconf 85' lang='lat'><strong>2</strong></span> <span class='ocrx_word' id='word_1_396' title='bbox 796 3454 943 3531; x_wconf 87' lang='lat' dir='ltr'><strong>Reg.</strong></span> <span class='ocrx_word' id='word_1_397' title='bbox 973 3454 1137 3514; x_wconf 78' lang='lat' dir='ltr'><strong>xxiv,</strong></span> <span class='ocrx_word' id='word_1_398' title='bbox 1168 3457 1226 3531; x_wconf 88' lang='grc'><strong>8,</strong></span> <span class='ocrx_word' id='word_1_399' title='bbox 1256 3455 1527 3514; x_wconf 82' lang='lat' dir='ltr'><strong>Joaehim</strong></span> <span class='ocrx_word' id='word_1_400' title='bbox 1570 3455 1784 3514; x_wconf 87' lang='lat' dir='ltr'><strong>dieitur</strong></span> <span class='ocrx_word' id='word_1_401' title='bbox 1825 3474 2068 3531; x_wconf 89' lang='lat' dir='ltr'><strong>regnum</strong></span> <span class='ocrx_word' id='word_1_402' title='bbox 2113 3453 2326 3512; x_wconf 85' lang='lat' dir='ltr'><strong>adiisse</strong></span> <span class='ocrx_word' id='word_1_403' title='bbox 2353 3474 2531 3531; x_wconf 89' lang='lat' dir='ltr'><strong>quum</strong></span> <span class='ocrx_word' id='word_1_404' title='bbox 2575 3475 2759 3514; x_wconf 84' lang='lat' dir='ltr'><strong>annos</strong></span> 
     </span>
     <span class='ocr_line' id='line_1_41' title="bbox 360 3533 2756 3607; baseline 0 -16"><span class='ocrx_word' id='word_1_405' title='bbox 360 3537 431 3591; x_wconf 93' lang='lat'><strong>18</strong></span> <span class='ocrx_word' id='word_1_406' title='bbox 462 3543 633 3592; x_wconf 85' lang='lat' dir='ltr'><strong>natus</strong></span> <span class='ocrx_word' id='word_1_407' title='bbox 661 3542 832 3592; x_wconf 87' lang='lat' dir='ltr'><strong>esset.</strong></span> <span class='ocrx_word' id='word_1_408' title='bbox 916 3533 1004 3593; x_wconf 89' lang='lat' dir='ltr'><strong>At</strong></span> <span class='ocrx_word' id='word_1_409' title='bbox 1031 3538 1067 3592; x_wconf 83' lang='lat'><strong>2</strong></span> <span class='ocrx_word' id='word_1_410' title='bbox 1100 3535 1271 3593; x_wconf 88' lang='lat' dir='ltr'><strong>Chro.</strong></span> <span class='ocrx_word' id='word_1_411' title='bbox 1301 3535 1510 3591; x_wconf 84' lang='lat' dir='ltr'><strong>xxxvi.</strong></span> <span class='ocrx_word' id='word_1_412' title='bbox 1540 3535 1596 3607; x_wconf 90' lang='lat'><strong>9,</strong></span> <span class='ocrx_word' id='word_1_413' title='bbox 1628 3533 1842 3592; x_wconf 85' lang='lat' dir='ltr'><strong>dieitur</strong></span> <span class='ocrx_word' id='word_1_414' title='bbox 1880 3541 2052 3592; x_wconf 88' lang='lat' dir='ltr'><strong>natus</strong></span> <span class='ocrx_word' id='word_1_415' title='bbox 2086 3541 2309 3591; x_wconf 83' lang='lat' dir='ltr'><strong>tautum</strong></span> <span class='ocrx_word' id='word_1_416' title='bbox 2339 3541 2488 3592; x_wconf 83' lang='lat' dir='ltr'><strong>octo.</strong></span> <span class='ocrx_word' id='word_1_417' title='bbox 2573 3533 2756 3591; x_wconf 86' lang='lat' dir='ltr'><strong>Nimi-</strong></span> 
     </span>
     <span class='ocr_line' id='line_1_42' title="bbox 352 3611 2759 3690; baseline -0 -19"><span class='ocrx_word' id='word_1_418' title='bbox 352 3633 481 3671; x_wconf 89' lang='lat' dir='ltr'><strong>rum</strong></span> <span class='ocrx_word' id='word_1_419' title='bbox 509 3632 661 3670; x_wconf 85' lang='lat' dir='ltr'><strong>anno</strong></span> <span class='ocrx_word' id='word_1_420' title='bbox 689 3621 896 3671; x_wconf 83' lang='lat' dir='ltr'><strong>octavo</strong></span> <span class='ocrx_word' id='word_1_421' title='bbox 924 3633 1167 3690; x_wconf 87' lang='lat' dir='ltr'><strong>regnare</strong></span> <span class='ocrx_word' id='word_1_422' title='bbox 1194 3614 1370 3688; x_wconf 86' lang='lat' dir='ltr'><strong>eoepit</strong></span> <span class='ocrx_word' id='word_1_423' title='bbox 1397 3631 1529 3670; x_wconf 88' lang='lat' dir='ltr'><strong>eum</strong></span> <span class='ocrx_word' id='word_1_424' title='bbox 1559 3612 1750 3686; x_wconf 88' lang='lat' dir='ltr'><strong>Patre,</strong></span> <span class='ocrx_word' id='word_1_425' title='bbox 1781 3619 1952 3688; x_wconf 89' lang='lat' dir='ltr'><strong>prout</strong></span> <span class='ocrx_word' id='word_1_426' title='bbox 1993 3611 2212 3669; x_wconf 87' lang='lat' dir='ltr'><strong>ferebat</strong></span> <span class='ocrx_word' id='word_1_427' title='bbox 2249 3630 2402 3687; x_wconf 79' lang='lat' dir='ltr'><strong>saepe</strong></span> <span class='ocrx_word' id='word_1_428' title='bbox 2433 3613 2660 3686; x_wconf 84' lang='lat' dir='ltr'><strong>Regum</strong></span> <span class='ocrx_word' id='word_1_429' title='bbox 2689 3631 2759 3670; x_wconf 92' lang='lat' dir='ltr'><strong>eo</strong></span> 
     </span>
     <span class='ocr_line' id='line_1_43' title="bbox 352 3689 2755 3768; baseline -0.002 -18"><span class='ocrx_word' id='word_1_430' title='bbox 352 3699 609 3766; x_wconf 86' lang='lat' dir='ltr'><strong>tempore</strong></span> <span class='ocrx_word' id='word_1_431' title='bbox 636 3691 1009 3768; x_wconf 82' lang='lat' dir='ltr'><strong>eonsuetudO,</strong></span> <span class='ocrx_word' id='word_1_432' title='bbox 1040 3699 1107 3750; x_wconf 87' lang='grc' dir='ltr'><strong>ιιι</strong></span> <span class='ocrx_word' id='word_1_433' title='bbox 1132 3701 1327 3768; x_wconf 88' lang='lat' dir='ltr'><strong>patres</strong></span> <span class='ocrx_word' id='word_1_434' title='bbox 1354 3690 1505 3747; x_wconf 83' lang='lat' dir='ltr'><strong>filios</strong></span> <span class='ocrx_word' id='word_1_435' title='bbox 1538 3690 1708 3747; x_wconf 89' lang='lat' dir='ltr'><strong>sibi</strong></span> <span class='ocrx_word' id='word_1_436' title='bbox 1693 3711 1754 3746; x_wconf 91' lang='grc' dir='ltr'><strong>ιιι</strong></span> <span class='ocrx_word' id='word_1_437' title='bbox 1794 3689 1962 3766; x_wconf 84' lang='lat' dir='ltr'><strong>regni</strong></span> <span class='ocrx_word' id='word_1_438' title='bbox 2006 3690 2337 3748; x_wconf 77' lang='lat' dir='ltr'><strong>societatem</strong></span> <span class='ocrx_word' id='word_1_439' title='bbox 2381 3698 2755 3765; x_wconf 85' lang='lat' dir='ltr'><strong>assumerent,</strong></span> 
     </span>
     <span class='ocr_line' id='line_1_44' title="bbox 350 3767 2759 3846; baseline -0.001 -16"><span class='ocrx_word' id='word_1_440' title='bbox 350 3779 419 3830; x_wconf 88' lang='lat' dir='ltr'><strong>ut</strong></span> <span class='ocrx_word' id='word_1_441' title='bbox 453 3770 579 3846; x_wconf 90' lang='lat' dir='ltr'><strong>jam</strong></span> <span class='ocrx_word' id='word_1_442' title='bbox 622 3769 746 3828; x_wconf 89' lang='lat' dir='ltr'><strong>desi</strong></span> <span class='ocrx_word' id='word_1_443' title='bbox 864 3779 1022 3828; x_wconf 84' lang='lat' dir='ltr'><strong>retur</strong></span> <span class='ocrx_word' id='word_1_444' title='bbox 1068 3779 1128 3830; x_wconf 89' lang='lat' dir='ltr'><strong>et</strong></span> <span class='ocrx_word' id='word_1_445' title='bbox 1168 3775 1579 3846; x_wconf 75' lang='lat' dir='ltr'><strong>agnosceretur</strong></span> <span class='ocrx_word' id='word_1_446' title='bbox 1620 3768 1918 3844; x_wconf 87' lang='lat' dir='ltr'><strong>legitimus</strong></span> <span class='ocrx_word' id='word_1_447' title='bbox 1972 3767 2136 3844; x_wconf 87' lang='lat' dir='ltr'><strong>regni</strong></span> <span class='ocrx_word' id='word_1_448' title='bbox 2189 3767 2406 3842; x_wconf 78' lang='lat' dir='ltr'><strong>haeres3</strong></span> <span class='ocrx_word' id='word_1_449' title='bbox 2466 3767 2554 3826; x_wconf 88' lang='lat' dir='ltr'><strong>At</strong></span> <span class='ocrx_word' id='word_1_450' title='bbox 2607 3787 2759 3827; x_wconf 85' lang='lat' dir='ltr'><strong>anno</strong></span> 
     </span>
     <span class='ocr_line' id='line_1_45' title="bbox 352 3846 2759 3925; baseline 0 -18"><span class='ocrx_word' id='word_1_451' title='bbox 352 3849 585 3907; x_wconf 89' lang='lat' dir='ltr'><strong>demum</strong></span> <span class='ocrx_word' id='word_1_452' title='bbox 616 3850 708 3922; x_wconf 91' lang='grc'><strong>18,</strong></span> <span class='ocrx_word' id='word_1_453' title='bbox 781 3847 1011 3907; x_wconf 86' lang='lat' dir='ltr'><strong>efuneto</strong></span> <span class='ocrx_word' id='word_1_454' title='bbox 1052 3857 1289 3925; x_wconf 87' lang='lat' dir='ltr'><strong>parente</strong></span> <span class='ocrx_word' id='word_1_455' title='bbox 1332 3865 1575 3923; x_wconf 85' lang='lat' dir='ltr'><strong>regnare</strong></span> <span class='ocrx_word' id='word_1_456' title='bbox 1617 3847 1811 3923; x_wconf 85' lang='lat' dir='ltr'><strong>eoepit.</strong></span> <span class='ocrx_word' id='word_1_457' title='bbox 1898 3847 1996 3906; x_wconf 87' lang='lat' dir='ltr'><strong>Sie</strong></span> <span class='ocrx_word' id='word_1_458' title='bbox 2032 3846 2334 3922; x_wconf 74' lang='lat' dir='ltr'><strong>Wolphius,</strong></span> <span class='ocrx_word' id='word_1_459' title='bbox 2373 3847 2653 3922; x_wconf 75' lang='lat' dir='ltr'><strong>Sanctius,</strong></span> <span class='ocrx_word' id='word_1_460' title='bbox 2699 3857 2759 3907; x_wconf 89' lang='lat' dir='ltr'><strong>et</strong></span> 
     </span>
     <span class='ocr_line' id='line_1_46' title="bbox 354 3924 2760 4004; baseline -0 -18"><span class='ocrx_word' id='word_1_461' title='bbox 354 3927 455 3986; x_wconf 88' lang='lat' dir='ltr'><strong>alii</strong></span> <span class='ocrx_word' id='word_1_462' title='bbox 498 3933 631 4004; x_wconf 88' lang='lat' dir='ltr'><strong>post</strong></span> <span class='ocrx_word' id='word_1_463' title='bbox 658 3926 993 3984; x_wconf 87' lang='lat' dir='ltr'><strong>Kimehium</strong></span> <span class='ocrx_word' id='word_1_464' title='bbox 1036 3926 1365 3986; x_wconf 79' lang='lat' dir='ltr'><strong>conciliant.</strong></span> <span class='ocrx_word' id='word_1_465' title='bbox 1448 3926 1766 3985; x_wconf 80' lang='lat' dir='ltr'><strong>Abarbenel</strong></span> <span class='ocrx_word' id='word_1_466' title='bbox 1790 3926 1921 3985; x_wconf 84' lang='lat' dir='ltr'><strong>vult</strong></span> <span class='ocrx_word' id='word_1_467' title='bbox 1945 3927 2133 3984; x_wconf 81' lang='lat' dir='ltr'><strong>decem</strong></span> <span class='ocrx_word' id='word_1_468' title='bbox 2159 3927 2292 3999; x_wconf 68' lang='lat' dir='ltr'><strong>dies,</strong></span> <span class='ocrx_word' id='word_1_469' title='bbox 2323 3924 2424 4003; x_wconf 89' lang='lat' dir='ltr'><strong>qui</strong></span> <span class='ocrx_word' id='word_1_470' title='bbox 2467 3925 2760 3985; x_wconf 87' lang='lat' dir='ltr'><strong>adduntur</strong></span> 
     </span>
     <span class='ocr_line' id='line_1_47' title="bbox 350 4005 2759 4083; baseline -0 -18"><span class='ocrx_word' id='word_1_471' title='bbox 350 4006 413 4066; x_wconf 88' lang='lat' dir='ltr'><strong>in</strong></span> <span class='ocrx_word' id='word_1_472' title='bbox 439 4005 541 4063; x_wconf 91' lang='lat' dir='ltr'><strong>lib.</strong></span> <span class='ocrx_word' id='word_1_473' title='bbox 562 4005 772 4062; x_wconf 88' lang='lat' dir='ltr'><strong>Chron.</strong></span> <span class='ocrx_word' id='word_1_474' title='bbox 804 4005 953 4063; x_wconf 88' lang='lat' dir='ltr'><strong>sumi</strong></span> <span class='ocrx_word' id='word_1_475' title='bbox 980 4025 1085 4083; x_wconf 90' lang='lat' dir='ltr'><strong>pro</strong></span> <span class='ocrx_word' id='word_1_476' title='bbox 1112 4008 1299 4064; x_wconf 79' lang='lat' dir='ltr'><strong>decem</strong></span> <span class='ocrx_word' id='word_1_477' title='bbox 1325 4005 1507 4080; x_wconf 72' lang='grc' dir='ltr'><strong>αηηίε,</strong></span> <span class='ocrx_word' id='word_1_478' title='bbox 1536 4014 1603 4065; x_wconf 85' lang='grc' dir='ltr'><strong>ιιι</strong></span> <span class='ocrx_word' id='word_1_479' title='bbox 1630 4025 1748 4063; x_wconf 85' lang='grc' dir='ltr'>ιιοιι</span> <span class='ocrx_word' id='word_1_480' title='bbox 1773 4025 1903 4064; x_wconf 86' lang='lat' dir='ltr'><strong>raro</strong></span> <span class='ocrx_word' id='word_1_481' title='bbox 1932 4005 2086 4080; x_wconf 81' lang='lat' dir='ltr'><strong>alibi,</strong></span> <span class='ocrx_word' id='word_1_482' title='bbox 2117 4005 2274 4081; x_wconf 87' lang='lat' dir='ltr'><strong>quod</strong></span> <span class='ocrx_word' id='word_1_483' title='bbox 2301 4023 2370 4064; x_wconf 91' lang='lat' dir='ltr'><strong>eo</strong></span> <span class='ocrx_word' id='word_1_484' title='bbox 2386 4005 2759 4065; x_wconf 78' lang='lat' dir='ltr'><strong>verisimilius</strong></span> 
     </span>
     <span class='ocr_line' id='line_1_48' title="bbox 352 4083 2760 4190; baseline 0.001 -48"><span class='ocrx_word' id='word_1_485' title='bbox 352 4091 535 4162; x_wconf 82' lang='lat' dir='ltr'><strong>putat,</strong></span> <span class='ocrx_word' id='word_1_486' title='bbox 566 4083 736 4175; x_wconf 47' lang='lat' dir='ltr'><strong>quia·</strong></span> <span class='ocrx_word' id='word_1_487' title='bbox 729 4083 873 4142; x_wconf 78' lang='lat' dir='ltr'><strong>alias</strong></span> <span class='ocrx_word' id='word_1_488' title='bbox 900 4103 1017 4142; x_wconf 89' lang='lat' dir='ltr'><strong>non</strong></span> <span class='ocrx_word' id='word_1_489' title='bbox 1044 4083 1479 4190; x_wconf 73' lang='lat' dir='ltr'><strong>commemorari</strong></span> <span class='ocrx_word' id='word_1_490' title='bbox 1506 4084 1696 4143; x_wconf 87' lang='lat' dir='ltr'><strong>solent</strong></span> <span class='ocrx_word' id='word_1_491' title='bbox 1721 4083 1848 4144; x_wconf 85' lang='lat' dir='ltr'><strong>dies</strong></span> <span class='ocrx_word' id='word_1_492' title='bbox 1873 4083 2086 4161; x_wconf 75' lang='lat' dir='ltr'><strong>quibus</strong></span> <span class='ocrx_word' id='word_1_493' title='bbox 2115 4085 2310 4162; x_wconf 86' lang='lat' dir='ltr'><strong>Reges</strong></span> <span class='ocrx_word' id='word_1_494' title='bbox 2343 4093 2608 4162; x_wconf 85' lang='lat' dir='ltr'><strong>regnant,</strong></span> <span class='ocrx_word' id='word_1_495' title='bbox 2655 4085 2760 4144; x_wconf 87' lang='lat' dir='ltr'><strong>sed</strong></span> 
     </span>
     <span class='ocr_line' id='line_1_49' title="bbox 351 4161 1135 4223; baseline -0.001 0"><span class='ocrx_word' id='word_1_496' title='bbox 351 4172 577 4223; x_wconf 86' lang='lat' dir='ltr'><strong>tantum</strong></span> <span class='ocrx_word' id='word_1_497' title='bbox 604 4161 739 4220; x_wconf 88' lang='lat' dir='ltr'><strong>anni</strong></span> <span class='ocrx_word' id='word_1_498' title='bbox 766 4163 865 4220; x_wconf 86' lang='lat' dir='ltr'><strong>vel</strong></span> <span class='ocrx_word' id='word_1_499' title='bbox 890 4182 1135 4223; x_wconf 88' lang='lat' dir='ltr'><strong>menses.</strong></span> 
     </span>
    </p>

    <p class='ocr_par' dir='ltr' id='par_1_8' title="bbox 352 4241 2762 4717">
     <span class='ocr_line' id='line_1_50' title="bbox 434 4241 2757 4320; baseline 0.001 -22"><span class='ocrx_word' id='word_1_500' title='bbox 434 4241 650 4299; x_wconf 93' lang='lat' dir='ltr'><strong>XXV.</strong></span> <span class='ocrx_word' id='word_1_501' title='bbox 695 4241 861 4300; x_wconf 89' lang='lat' dir='ltr'><strong>Lieet</strong></span> <span class='ocrx_word' id='word_1_502' title='bbox 886 4242 1035 4300; x_wconf 84' lang='lat' dir='ltr'><strong>varii</strong></span> <span class='ocrx_word' id='word_1_503' title='bbox 1062 4243 1277 4301; x_wconf 88' lang='lat' dir='ltr'><strong>nodum</strong></span> <span class='ocrx_word' id='word_1_504' title='bbox 1304 4241 1674 4301; x_wconf 84' lang='lat' dir='ltr'><strong>insolubilem</strong></span> <span class='ocrx_word' id='word_1_505' title='bbox 1703 4262 1829 4302; x_wconf 89' lang='lat' dir='ltr'><strong>esse</strong></span> <span class='ocrx_word' id='word_1_506' title='bbox 1869 4249 2075 4320; x_wconf 89' lang='lat' dir='ltr'><strong>putent</strong></span> <span class='ocrx_word' id='word_1_507' title='bbox 2111 4242 2262 4301; x_wconf 89' lang='lat' dir='ltr'><strong>inter</strong></span> <span class='ocrx_word' id='word_1_508' title='bbox 2301 4247 2338 4300; x_wconf 88' lang='grc'>2</span> <span class='ocrx_word' id='word_1_509' title='bbox 2369 4243 2581 4303; x_wconf 90' lang='lat' dir='ltr'><strong>Chron.</strong></span> <span class='ocrx_word' id='word_1_510' title='bbox 2610 4243 2757 4302; x_wconf 85' lang='lat' dir='ltr'><strong>xxii.</strong></span> 
     </span>
     <span class='ocr_line' id='line_1_51' title="bbox 352 4320 2760 4414; baseline 0 -34"><span class='ocrx_word' id='word_1_511' title='bbox 352 4325 409 4397; x_wconf 88' lang='grc'><strong>2,</strong></span> <span class='ocrx_word' id='word_1_512' title='bbox 439 4328 500 4380; x_wconf 89' lang='lat' dir='ltr'><strong>et</strong></span> <span class='ocrx_word' id='word_1_513' title='bbox 542 4325 579 4378; x_wconf 92' lang='grc'><strong>2</strong></span> <span class='ocrx_word' id='word_1_514' title='bbox 611 4320 759 4414; x_wconf 81' lang='lat' dir='ltr'><strong>Reg.</strong></span> <span class='ocrx_word' id='word_1_515' title='bbox 788 4320 911 4380; x_wconf 84' lang='lat' dir='ltr'><strong>viii.</strong></span> <span class='ocrx_word' id='word_1_516' title='bbox 941 4324 1037 4396; x_wconf 90' lang='grc'><strong>26,</strong></span> <span class='ocrx_word' id='word_1_517' title='bbox 1066 4322 1169 4380; x_wconf 89' lang='lat' dir='ltr'><strong>ubi</strong></span> <span class='ocrx_word' id='word_1_518' title='bbox 1208 4322 1415 4382; x_wconf 85' lang='lat' dir='ltr'><strong>Joram</strong></span> <span class='ocrx_word' id='word_1_519' title='bbox 1456 4330 1623 4398; x_wconf 88' lang='lat' dir='ltr'><strong>pater</strong></span> <span class='ocrx_word' id='word_1_520' title='bbox 1664 4321 1938 4380; x_wconf 79' lang='lat' dir='ltr'><strong>Aehazioe</strong></span> <span class='ocrx_word' id='word_1_521' title='bbox 1979 4321 2189 4380; x_wconf 85' lang='lat' dir='ltr'><strong>dieitur</strong></span> <span class='ocrx_word' id='word_1_522' title='bbox 2229 4323 2473 4398; x_wconf 85' lang='lat' dir='ltr'><strong>eoepisse</strong></span> <span class='ocrx_word' id='word_1_523' title='bbox 2517 4341 2760 4414; x_wconf 83' lang='lat' dir='ltr'><strong>regnare</strong></span> 
     </span>
     <span class='ocr_line' id='line_1_52' title="bbox 354 4399 2762 4494; baseline 0.001 -36"><span class='ocrx_word' id='word_1_524' title='bbox 354 4419 505 4458; x_wconf 88' lang='lat' dir='ltr'><strong>anno</strong></span> <span class='ocrx_word' id='word_1_525' title='bbox 532 4399 825 4459; x_wconf 74' lang='lat' dir='ltr'><strong>tricesimo</strong></span> <span class='ocrx_word' id='word_1_526' title='bbox 853 4399 1107 4459; x_wconf 89' lang='lat' dir='ltr'><strong>seeundo</strong></span> <span class='ocrx_word' id='word_1_527' title='bbox 1135 4401 1339 4477; x_wconf 75' lang='lat' dir='ltr'><strong>astatis,</strong></span> <span class='ocrx_word' id='word_1_528' title='bbox 1370 4405 1407 4458; x_wconf 88' lang='grc'>2</span> <span class='ocrx_word' id='word_1_529' title='bbox 1438 4401 1652 4460; x_wconf 86' lang='lat' dir='ltr'><strong>Chron.</strong></span> <span class='ocrx_word' id='word_1_530' title='bbox 1681 4401 1806 4460; x_wconf 86' lang='lat' dir='ltr'><strong>xxi.</strong></span> <span class='ocrx_word' id='word_1_531' title='bbox 1837 4403 1891 4476; x_wconf 90' lang='grc'><strong>5,</strong></span> <span class='ocrx_word' id='word_1_532' title='bbox 1923 4407 1983 4460; x_wconf 90' lang='lat' dir='ltr'><strong>et</strong></span> <span class='ocrx_word' id='word_1_533' title='bbox 2021 4419 2294 4477; x_wconf 82' lang='lat' dir='ltr'><strong>regnasse</strong></span> <span class='ocrx_word' id='word_1_534' title='bbox 2322 4410 2452 4460; x_wconf 88' lang='lat' dir='ltr'><strong>oeto</strong></span> <span class='ocrx_word' id='word_1_535' title='bbox 2479 4403 2664 4494; x_wconf 80' lang='lat' dir='ltr'><strong>annis,</strong></span> <span class='ocrx_word' id='word_1_536' title='bbox 2695 4411 2762 4460; x_wconf 89' lang='grc' dir='ltr'><strong>ιιι</strong></span> 
     </span>
     <span class='ocr_line' id='line_1_53' title="bbox 356 4479 2762 4556; baseline -0 -19"><span class='ocrx_word' id='word_1_537' title='bbox 356 4479 433 4538; x_wconf 89' lang='lat' dir='ltr'><strong>sit</strong></span> <span class='ocrx_word' id='word_1_538' title='bbox 466 4487 727 4540; x_wconf 89' lang='lat' dir='ltr'><strong>mortuus</strong></span> <span class='ocrx_word' id='word_1_539' title='bbox 760 4498 913 4537; x_wconf 85' lang='lat' dir='ltr'><strong>anno</strong></span> <span class='ocrx_word' id='word_1_540' title='bbox 940 4481 1023 4538; x_wconf 86' lang='lat'><strong>40</strong></span> <span class='ocrx_word' id='word_1_541' title='bbox 1049 4479 1237 4539; x_wconf 76' lang='lat' dir='ltr'><strong>oetatis</strong></span> <span class='ocrx_word' id='word_1_542' title='bbox 1264 4500 1321 4537; x_wconf 77' lang='lat' dir='ltr'><strong>v·</strong></span> <span class='ocrx_word' id='word_1_543' title='bbox 1352 4483 1449 4538; x_wconf 93' lang='grc'><strong>20.</strong></span> <span class='ocrx_word' id='word_1_544' title='bbox 1535 4479 1828 4538; x_wconf 86' lang='lat' dir='ltr'><strong>Aehazias</strong></span> <span class='ocrx_word' id='word_1_545' title='bbox 1853 4499 1994 4538; x_wconf 83' lang='lat' dir='ltr'><strong>vero</strong></span> <span class='ocrx_word' id='word_1_546' title='bbox 2037 4480 2264 4556; x_wconf 84' lang='lat' dir='ltr'><strong>dieitur,</strong></span> <span class='ocrx_word' id='word_1_547' title='bbox 2307 4499 2358 4538; x_wconf 85' lang='lat' dir='ltr'><strong>e.</strong></span> <span class='ocrx_word' id='word_1_548' title='bbox 2389 4485 2486 4554; x_wconf 90' lang='grc'><strong>22,</strong></span> <span class='ocrx_word' id='word_1_549' title='bbox 2517 4481 2762 4555; x_wconf 77' lang='lat' dir='ltr'><strong>coepisse</strong></span> 
     </span>
     <span class='ocr_line' id='line_1_54' title="bbox 352 4558 2760 4636; baseline -0.001 -20"><span class='ocrx_word' id='word_1_550' title='bbox 352 4579 595 4635; x_wconf 86' lang='lat' dir='ltr'><strong>regnare</strong></span> <span class='ocrx_word' id='word_1_551' title='bbox 628 4578 721 4616; x_wconf 88' lang='lat' dir='ltr'><strong>an.</strong></span> <span class='ocrx_word' id='word_1_552' title='bbox 764 4561 859 4634; x_wconf 83' lang='lat'><strong>42,</strong></span> <span class='ocrx_word' id='word_1_553' title='bbox 904 4567 1078 4635; x_wconf 87' lang='lat' dir='ltr'><strong>atque</strong></span> <span class='ocrx_word' id='word_1_554' title='bbox 1122 4559 1203 4617; x_wconf 88' lang='lat' dir='ltr'><strong>ita</strong></span> <span class='ocrx_word' id='word_1_555' title='bbox 1246 4559 1401 4618; x_wconf 86' lang='lat' dir='ltr'><strong>filius</strong></span> <span class='ocrx_word' id='word_1_556' title='bbox 1447 4558 1676 4618; x_wconf 85' lang='lat' dir='ltr'><strong>duobus</strong></span> <span class='ocrx_word' id='word_1_557' title='bbox 1719 4559 1886 4617; x_wconf 86' lang='lat' dir='ltr'><strong>annis</strong></span> <span class='ocrx_word' id='word_1_558' title='bbox 1925 4559 2215 4636; x_wconf 87' lang='lat' dir='ltr'><strong>antiquior</strong></span> <span class='ocrx_word' id='word_1_559' title='bbox 2249 4567 2410 4636; x_wconf 87' lang='lat' dir='ltr'><strong>patre</strong></span> <span class='ocrx_word' id='word_1_560' title='bbox 2451 4558 2760 4616; x_wconf 85' lang='lat' dir='ltr'><strong>videretur.</strong></span> 
     </span>
     <span class='ocr_line' id='line_1_55' title="bbox 358 4635 2762 4717; baseline -0.002 -21"><span class='ocrx_word' id='word_1_561' title='bbox 358 4637 583 4697; x_wconf 86' lang='lat' dir='ltr'><strong>Rursus</strong></span> <span class='ocrx_word' id='word_1_562' title='bbox 626 4637 687 4696; x_wconf 90' lang='lat' dir='ltr'><strong>in</strong></span> <span class='ocrx_word' id='word_1_563' title='bbox 727 4637 877 4697; x_wconf 84' lang='lat' dir='ltr'><strong>libro</strong></span> <span class='ocrx_word' id='word_1_564' title='bbox 925 4638 1155 4714; x_wconf 88' lang='lat' dir='ltr'><strong>Regum</strong></span> <span class='ocrx_word' id='word_1_565' title='bbox 1200 4637 1411 4698; x_wconf 81' lang='lat' dir='ltr'><strong>dieitur</strong></span> <span class='ocrx_word' id='word_1_566' title='bbox 1456 4639 1702 4717; x_wconf 81' lang='lat' dir='ltr'><strong>ooepisse</strong></span> <span class='ocrx_word' id='word_1_567' title='bbox 1743 4657 1982 4716; x_wconf 87' lang='lat' dir='ltr'><strong>regnare</strong></span> <span class='ocrx_word' id='word_1_568' title='bbox 2027 4659 2119 4698; x_wconf 86' lang='lat' dir='ltr'><strong>an.</strong></span> <span class='ocrx_word' id='word_1_569' title='bbox 2156 4642 2251 4714; x_wconf 92' lang='grc'><strong>22,</strong></span> <span class='ocrx_word' id='word_1_570' title='bbox 2299 4657 2414 4696; x_wconf 89' lang='grc' dir='ltr'>ιιοιι</span> <span class='ocrx_word' id='word_1_571' title='bbox 2447 4641 2544 4695; x_wconf 82' lang='grc'><strong>42.</strong></span> <span class='ocrx_word' id='word_1_572' title='bbox 2630 4635 2762 4694; x_wconf 84' lang='grc' dir='ltr'>Νοιι</span> 
     </span>
    </p>
   </div>
  </div>
 </body>
</html>
