3300 5225
512 292 589 351 68
1441 308 1623 350 Locus
1653 308 1968 351 secuunus.
2573 286 2820 369 [qums-r.
2853 309 2936 377 v.-

514 448 645 508 loco
672 468 799 507 esse
826 448 1029 523 voluit,
1062 466 1257 507 curam
1286 448 1537 525 gessisse
1566 448 1890 509 censendus
1917 457 2026 523 est,
2069 467 2142 506 ne
2171 446 2312 524 quid
2345 446 2404 504 in
2431 466 2502 507 eo
2530 456 2918 525 corrumpere·
2967 464 2980 475 ·

516 539 638 604 tur3
670 528 921 587 maxime
951 548 1081 587 cum
1112 528 1329 586 similes
1347 530 1703 606 corruptelas
1729 528 2046 606 praevidere
2063 536 2122 587 et
2149 527 2424 605 impedire
2453 527 2622 586 facile
2647 529 2916 605 potuerit,

515 610 591 667 ad
620 608 1069 667 confirmandam
1100 607 1379 666 Ecclesiae
1408 626 1525 667 suae
1554 608 1728 667 fidem
1743 611 1774 666 ⁴?

598 688 780 747 VIII.
825 687 1085 763 Quatuor
1135 686 1426 765 praecipua
1481 685 1844 764 Argumenta
1887 694 2022 745 sunt
2066 685 2427 761 Integritatis
2475 685 2801 763 Scripturas,
2860 696 2921 747 et

520 767 797 827 Pur-itatis
825 767 1086 826 fontium.
1157 770 1207 823 1.
1242 766 1601 842 Primarium,
1621 767 1739 825 Dei
1763 766 2142 840 Providentia,
2163 766 2264 841 qui
2291 773 2355 823 ut
2382 764 2704 842 prospicere
2733 767 2920 825 voluit

516 847 655 907 fidei
680 854 908 923 nostrae,
944 846 1331 923 Scriptoribus
1362 846 1553 905 Sacris
1581 845 1912 923 inspirando
1939 863 2070 921 quae
2110 844 2441 919 scriberent,
2471 853 2530 903 et
2571 844 2918 922 Scripturam

520 926 915 985 conservando
943 936 1143 985 contra
1170 925 1420 983 hostium
1446 924 1759 999 molimina,
1789 924 1891 1000 qui
1929 923 2076 980 nihil
2103 923 2446 983 intentatum
2475 923 2827 999 reliquerunt
2855 934 2920 984 ut

520 1026 649 1064 eam
665 1006 949 1081 delerent;
997 1006 1091 1063 Ita
1118 1024 1243 1063 eam
1272 1024 1473 1081 puram
1500 1012 1558 1062 et
1586 1005 1982 1062 intemeratam
2009 1002 2184 1061 tutari
2212 1002 2413 1061 debuit
2441 1002 2718 1061 adversus
2747 999 2916 1061 falsa-

520 1087 733 1143 riorum
762 1084 1132 1161 corruptelae,
1164 1092 1231 1143 ut
1272 1083 1418 1142 fides
1462 1092 1659 1141 nostra
1700 1082 1928 1141 firmum
1974 1100 2200 1157 semper
2241 1082 2480 1140 haberet
2517 1076 2760 1141 ful'crum
2802 1103 2918 1160 quo

518 1164 813 1225 niteretur.
897 1169 954 1222 2.
996 1164 1333 1222 Judaem-um
1386 1162 1598 1238 reli9i0,
1644 1162 1746 1238 qui
1801 1161 1876 1219 ad
1931 1160 2394 1237 superstitionem
2447 1180 2630 1236 usque
2687 1161 2918 1221 solliciti

520 1243 751 1302 fuerunt
794 1262 1020 1319 semper
1062 1242 1135 1299 de
1179 1240 1338 1300 fideli
1382 1260 1674 1299 sacrorum
1705 1240 1980 1300 Codicum
2010 1239 2289 1299 custodia.
2373 1243 2429 1299 3.
2461 1242 2920 1301 Masoretharum

520 1323 823 1398 diliqentia,
854 1322 954 1399 qui
998 1321 1152 1379 notis
1196 1320 1317 1379 suis
1362 1320 1743 1398 sepimentum
1772 1319 1953 1379 veluti
1985 1319 2130 1395 Legi
2175 1328 2580 1396 apposuerunt,
2611 1340 2683 1378 ne
2711 1322 2922 1379 mutari

517 1402 808 1461 ullatenus
836 1402 930 1460 vel
958 1400 1247 1477 corrumpi
1274 1409 1485 1477 posset.
1570 1404 1626 1458 4.
1659 1399 2098 1475 Exemplar-ium
2125 1418 2386 1457 numerus
2413 1408 2472 1457 et
2499 1400 2789 1475 ηιιιῐείίίάο,
2819 1420 2922 1477 per

520 1501 695 1559 quam
748 1482 981 1556 factum,
1038 1489 1105 1540 ut
1158 1480 1209 1539 si
1263 1478 1499 1556 quidam
1553 1479 1798 1539 Codices
1850 1478 2138 1555 corrumpi
2191 1478 2497 1555 potuerint,
2553 1498 2670 1538 non
2723 1486 2916 1539 tamen

522 1580 737 1619 omnes.

1126 1639 1245 1697 IX.
1294 1639 1662 1717 Quaecunque
1717 1639 1777 1697 in
1821 1636 2128 1715 Scripturis
2174 1637 2454 1714 reperitur
2495 1638 2775 1709 ἀντιλαγὺι,
2821 1658 2918 1715 ap-

1040 1738 1247 1797 parens
1274 1728 1381 1795 est,
1410 1738 1527 1777 non
1555 1738 1725 1795 vera;
1769 1718 1950 1777 nostri
1977 1726 2240 1793 respectu
2273 1725 2496 1776 tantum
2525 1718 2918 1795 intelligenda,

1042 1799 1145 1874 qui
1172 1818 1513 1857 consensum
1534 1799 1662 1875 ejus
1679 1797 1891 1875 ubique
1913 1816 2144 1855 cernere
2159 1806 2221 1855 et
2237 1816 2438 1873 capere
2459 1817 2576 1855 non
2597 1817 2919 1875 possumuS,

522 1875 626 1936 sed
652 1893 770 1935 non
797 1875 859 1934 in
884 1896 947 1934 re
976 1874 1116 1954 ipsa.
1202 1876 1281 1936 Et
1310 1878 1358 1935 si
1393 1876 1672 1953 legitimae
1713 1876 2183 1936 contradictionis
2226 1876 2388 1952 leges
2431 1877 2825 1949 observentur,
2855 1888 2932 1935 ut·

522 1956 788 2033 opposita
819 1957 1166 2016 conveniant
1205 1960 1282 2033 τῷ·
1321 1959 1479 2033 αὐτῇ,
1524 1958 1716 2031 eidem,
1747 1982 1888 2015 καιτοι
1928 1961 1984 2013 τὶ
2025 1958 2164 2031 αὐτὶ,
2193 1957 2492 2013 secundum
2521 1957 2680 2031 idem,
2713 1962 2832 2037 πρὶς
2866 1962 2922 2015 τὶ

520 2039 660 2112 αὐτὶ,
690 2038 775 2095 ad
796 2036 975 2111 idem3
1020 2045 1078 2095 et
1103 2040 1179 2113 τᾷ
1201 2040 1343 2112 αὐτῇ
1367 2037 1539 2118 nimy,
1567 2040 1758 2095 eodem
1785 2047 2031 2112 tempore
2047 2060 2070 2107 ;
2114 2033 2282 2093 facile
2323 2036 2616 2093 conciliari
2655 2045 2925 2112 poterunt

520 2116 681 2174 varia
708 2117 1013 2186 ἔιιηιοφαιίῖ
1047 2116 1369 2193 Scripturae.
1454 2118 1605 2175 Nam
1632 2115 1729 2174 vel
1773 2118 1843 2173 de
1885 2118 2076 2173 eodem
2117 2133 2235 2172 non
2271 2124 2360 2173 est
2403 2134 2607 2192 sermo,
2655 2125 2720 2175 ut
2745 2135 2923 2192 quum

519 2195 564 2255 J
565 2197 780 2254 acobus
822 2195 1099 2254 adscribit
1134 2194 1607 2273 justificationem
1653 2195 1940 2271 operibus,
1972 2212 2146 2270 quam
2191 2193 2409 2252 Paulus
2453 2194 2704 2253 detrahit
2745 2194 2922 2272 ipsis:

522 2275 632 2334 Ille
660 2276 813 2333 enim
847 2275 921 2333 de
948 2276 1346 2355 justificatione
1389 2278 1608 2351 effectus
1653 2273 2006 2333 declarativa
2047 2293 2083 2331 a
2125 2273 2427 2349 posteriori
2467 2273 2753 2351 loquitur3
2801 2274 2924 2333 Iste

520 2374 657 2413 vero
684 2354 759 2414 de
784 2356 1191 2433 Justzficatione
1218 2375 1401 2413 causae
1428 2376 1463 2413 a
1488 2354 1686 2432 priori.
1768 2355 1863 2411 Sic
1905 2352 2046 2411 Luc.
2077 2352 2158 2409 vi.
2187 2356 2282 2427 36,
2329 2352 2657 2430 praecipitur
2699 2353 2920 2411 miseri-

520 2433 733 2509 cordia,
764 2436 959 2493 Estote
999 2435 1399 2510 ntisericordes,
1438 2454 1567 2510 quae
1596 2441 1842 2506 vetatur,
1877 2431 2049 2491 Deut.
2081 2432 2203 2489 xix.
2241 2434 2330 2507 13,
2361 2435 2497 2490 Non
2536 2434 2886 2491 miser-abens
2898 2458 2922 2505 ;

524 2513 682 2573 Illud
725 2514 797 2571 de
842 2514 1102 2590 privatis,
1148 2514 1259 2573 hoc
1287 2533 1426 2572 vcro
1471 2513 1545 2571 de
1574 2511 2032 2589 Magistratibus.
2117 2510 2232 2569 Vel
2275 2531 2393 2569 non
2435 2514 2732 2570 secundum
2777 2513 2924 2571 idem

522 2592 809 2668 dicuntur,
841 2603 906 2652 ut
936 2593 1144 2652 Matth.
1177 2592 1341 2651 xxvi.
1368 2594 1459 2669 15,
1490 2601 1738 2670 negatur
1763 2591 2069 2670 praesentia
2097 2591 2312 2651 Christi
2341 2590 2400 2650 in
2428 2591 2661 2668 mundo,
2681 2594 2782 2652 Me
2809 2615 2920 2652 non

519 2693 741 2750 semper
782 2675 1056 2748 habebitne,
1087 2681 1146 2732 et
1189 2693 1313 2750 cap.
1344 2675 1441 2748 28,
1472 2676 1569 2748 20,
1616 2672 1820 2731 eadem
1861 2671 2229 2749 promittitur,
2265 2674 2394 2731 Ero
2435 2673 2708 2732 vobiscum
2749 2694 2923 2750 usque

520 2755 607 2812 ad
642 2755 1163 2812 consummationem
1188 2755 1361 2812 seculi
1377 2777 1401 2824 ,·
1443 2752 1603 2811 Illud
1630 2761 1896 2829 respectu
1939 2759 2160 2810 naturae
2196 2751 2478 2828 humanae,
2510 2761 2569 2811 et
2601 2754 2936 2830 praesentiae-

521 2834 866 2910 corporalis;
926 2833 1035 2890 hoc
1062 2853 1201 2891 vero
1243 2840 1509 2910 respectu
1538 2832 1752 2890 divinae
1793 2840 1853 2890 et
1892 2831 2212 2908 praesentiae
2246 2831 2578 2908 spiritualis.
2663 2833 2778 2890 Vel
2805 2853 2922 2891 non

519 2915 606 2972 ad
628 2914 775 2972 idem
790 2937 809 2970 .-
850 2921 916 2972 ut
943 2931 1121 2988 quum
1147 2911 1368 2990 aliquid
1394 2912 1677 2986 absolute,
1697 2910 1856 2970 aliud
1871 2930 2011 2968 vero
2038 2919 2363 2986 comparate
2391 2911 2634 2989 dicitur-3
2679 2914 2925 2971 Honora

514 3002 745 3068 patrem
788 3001 959 3068 tuum,
1006 3001 1065 3051 et
1107 2990 1247 3050 Luc.
1292 2992 1413 3050 xiv.
1446 2995 1543 3066 26,
1586 2991 1659 3050 Si
1697 2991 1819 3067 quis
1863 3010 1976 3049 mm
2021 2991 2204 3048 oderit
2238 2999 2470 3066 patrem
2509 3012 2707 3050 suum:
2765 2991 2924 3050 Illud

522 3072 820 3147 absolute;
864 3073 975 3130 hoc
1002 3079 1329 3149 comparate
1356 3070 1815 3148 intelligendum,
1835 3089 1938 3147 pro
1969 3090 2038 3128 eo
2054 3068 2210 3145 quod
2237 3078 2328 3128 est
2355 3071 2546 3129 minus
2573 3071 2834 3148 diligere,
2865 3078 2924 3130 et

520 3151 865 3229 posthabere
895 3151 1141 3210 Christo.
1226 3151 1340 3210 Vel
1382 3170 1499 3209 non
1538 3153 1730 3210 eodem
1759 3159 2002 3225 tempore
2018 3173 2042 3222 ;
2081 3147 2236 3207 unde
2263 3149 2427 3226 illud,
2469 3151 2766 3228 Distinyue
2792 3161 2922 3209 tem-

512 3252 673 3308 pora
710 3241 763 3290 et
798 3232 1111 3290 conciliatus
1136 3231 1467 3307 Scripturas
1483 3255 1503 3288 .·
1545 3230 1629 3289 sie
1673 3228 1846 3288 modo
1889 3228 2188 3288 extollitur
2216 3228 2604 3306 Circumcisio,
2651 3240 2924 3307 tanquam

522 3331 796 3390 magnum
845 3311 889 3372 J
890 3312 1185 3370 udaeorum
1229 3310 1615 3388 privilegium,
1666 3311 1833 3368 Rom.
1880 3308 1961 3367 iii.
2005 3312 2061 3384 2,
2109 3307 2282 3366 modo
2325 3309 2680 3386 deprimitur,
2727 3319 2792 3369 ut
2833 3329 2928 3368 res

522 3391 706 3468 nihili,
740 3389 871 3451 Gal.
902 3411 959 3449 v.
992 3395 1048 3467 3,
1080 3391 1183 3449 sed
1226 3389 1374 3449 illud
1416 3389 1491 3448 de
1517 3389 1593 3448 V.
1625 3389 1695 3447 Τ.
1734 3397 1988 3466 tempore
2016 3406 2133 3464 quo
2175 3387 2285 3447 fuit
2317 3391 2746 3448 Sacramentum
2773 3390 2926 3446 ordi·

522 3473 747 3532 narium
790 3480 850 3532 et
892 3471 1149 3550 sigillum
1197 3469 1443 3549 justitioe
1486 3468 1640 3545 fidei,
1688 3469 1798 3527 hoc
1842 3487 1981 3542 vero
2025 3467 2098 3526 de
2141 3475 2414 3546 tempore
2443 3467 2752 3544 Evangelii
2795 3477 2928 3544 post

519 3551 857 3629 abrogatam
904 3551 1123 3628 Legem
1166 3550 1635 3610 caeremonialem.
1723 3549 1902 3607 Modo
1957 3548 2263 3607 mittuntur
2317 3546 2588 3623 Apostoli
2642 3547 2718 3605 ad
2773 3547 2930 3606 solos

519 3632 563 3691 J
566 3633 763 3692 udaeos
807 3641 939 3692 ante
982 3632 1307 3710 passionem
1338 3628 1554 3690 Christi
1596 3629 1869 3688 missione
1915 3626 2168 3706 speciali,
2216 3635 2274 3685 et
2310 3625 2685 3704 prohibentur
2729 3627 2811 3684 ire
2853 3627 2930 3685 ad

522 3722 741 3788 gentes,
786 3713 953 3771 Matt.
985 3733 1045 3771 x.
1077 3714 1132 3770 5.
1216 3713 1291 3768 In
1315 3711 1467 3770 viam
1488 3711 1738 3786 qentium
1761 3729 1832 3768 ne
1857 3707 2104 3767 abia-iah
2119 3730 2144 3780 ;
2183 3707 2357 3765 modo
2383 3705 2467 3764 ad'
2500 3725 2700 3766 omnes
2727 3715 2932 3784 gentes

522 3791 795 3851 missione
824 3791 1079 3868 generali
1105 3798 1238 3867 post
1264 3789 1758 3864 resurrectionem,
1793 3789 1974 3846 Marc.
2005 3786 2128 3844 xvi.
2165 3789 2255 3845 15.

604 3869 689 3928 X.
736 3869 902 3928 Licet
927 3869 1317 3946 integritatem
1344 3869 1668 3928 absolutam
1709 3869 2031 3928 tribuamus
2063 3865 2390 3944 Scripturas,
2419 3885 2538 3924 non
2563 3866 2697 3924 ideo
2737 3874 2938 3924 tamen.

520 3967 822 4008 censemus
852 3949 1253 4025 Exscriptores
1281 3948 1377 4006 vel
1404 3947 1763 4024 Typothetas
1798 3945 2147 4012 θυπηῦστονς
2175 3945 2352 4006 fuisse
2375 3969 2390 4022 3
2435 3946 2540 4005 sed
2567 3955 2792 4005 tantum
2823 3946 2934 4004 Dei

524 4027 955 4086 Providentiam
984 4027 1319 4104 invigilasse
1346 4046 1637 4085 sacrorum
1677 4027 1954 4087 librorum
1996 4025 2386 4105 exscriptioni,
2417 4033 2483 4086 ut
2509 4026 2617 4084 etsi
2646 4025 2938 4103 potuerint

518 4108 768 4186 irrepere
795 4106 941 4164 varii
968 4125 1205 4182 errores,
1236 4125 1351 4163 non
1378 4105 1711 4183 irrepserint
1737 4114 1945 4182 tamen,
1976 4106 2073 4166 vel
2101 4125 2216 4164 non
2245 4106 2326 4164 ita
2351 4107 2414 4164 in
2435 4105 2678 4166 Codices
2695 4105 2934 4183 irrepse-

520 4187 654 4262 rint,
685 4186 825 4264 quin
852 4206 928 4245 ex
956 4185 1260 4244 collatione
1298 4184 1558 4260 aliorum,
1588 4185 1688 4244 vel
1718 4185 2027 4263 Scripturas
2054 4186 2237 4263 ipsius
2262 4186 2413 4245 inter
2440 4205 2519 4262 se,
2551 4185 2741 4246 sanari
2766 4184 2936 4243 facile
2992 4242 3000 4250 ,

520 4265 763 4346 possint.
849 4266 1053 4341 Itaque
1082 4264 1517 4324 fundamentum
1544 4265 1812 4341 puritatis
1837 4274 1897 4324 et
1924 4265 2271 4342 integritatis
2293 4265 2555 4340 fontium,
2585 4285 2702 4323 non
2719 4283 2932 4342 ponen-

521 4347 661 4406 dum
689 4353 779 4404 est
818 4345 879 4403 in
919 4345 1215 4404 hominum
1255 4345 1619 4424 ἅναμσιςτιισ-ίᾳ,
1665 4344 1768 4403 sed
1810 4345 1869 4403 in
1900 4345 2011 4404 Dei
2050 4345 2431 4422 providentia,
2461 4365 2610 4422 quae,
2641 4351 2936 4420 utcunque

520 4426 785 4487 homines
812 4425 873 4482 in
906 4424 1085 4484 sacris
1128 4424 1339 4484 Literis
1380 4424 1774 4484 describendis
1815 4425 2079 4502 occupati
2121 4425 2314 4484 varios
2355 4443 2576 4484 errores
2617 4423 2936 4483 admiscere

518 4506 827 4587 potuerint,
872 4505 1074 4565 sedulo
1122 4513 1313 4566 tamen
1360 4523 1585 4581 semper
1627 4505 1785 4562 cavit
1825 4513 1893 4564 ut
1935 4505 2374 4581 corrigerentur,
2403 4504 2500 4564 vel
2529 4504 2742 4581 corrigi
2767 4501 2935 4568 facile

516 4596 755 4666 possent
782 4585 877 4648 vel
904 4605 981 4645 ex
1012 4585 1321 4663 Scripturae
1348 4583 1531 4661 ipsius
1558 4584 1884 4661 collatione,
1915 4583 2013 4644 vel
2041 4603 2116 4643 cx
2144 4585 2570 4662 probatioribus
2603 4583 2934 4666 codicibus.

640 1706 821 1752 Fontes
844 1705 979 1751 Solu-

697 1766 902 1809 tionum.
