3300 5225
500 347 619 406 298
781 415 790 424 ,
1463 367 1646 408 mous
1674 368 1963 417 QUARTUS.
2520 344 2774 427 [Quaesr.
2804 366 2912 408 vn.

499 506 754 582 Erigena
798 505 972 566 Scoto
1011 525 1140 564 eam
1183 507 1470 567 Electioni
1511 517 1737 569 tantum
1778 508 2088 568 convenire
2130 513 2433 582 statuente,
2469 505 2597 586 (lib.
2626 506 2701 566 de
2742 509 2917 568 unica

503 586 1016 646 Praedestinatione
1036 586 1080 666 3)
1127 588 1527 648 Godeschalco
1549 599 1741 648 autem
1764 598 1823 648 et
1841 588 2346 666 LugdunensibuS,
2370 596 2429 646 et
2456 607 2654 646 eorum
2682 589 2917 648 nomine

503 666 772 743 Remigio
819 667 1124 744 Episcopo,
1157 668 1232 726 ad
1282 669 1767 746 Reprobationem
1816 689 1943 728 eam
1988 667 2454 728 extendentibus.
2550 667 2718 726 Idem
2760 689 2915 728 nunc

497 748 649 806 inter
677 747 800 806 Nos
827 757 888 806 et
917 747 1253 807 Pontificios
1292 749 1585 825 quaeritur.
1671 748 1962 808 Pontificii
2002 749 2172 824 enim,
2212 748 2426 825 quibus
2469 747 2915 825 Reprobationis

497 847 710 887 nomen
736 848 978 888 exosum
1007 837 1110 904 est,
1141 830 1328 906 primo
1355 848 1530 888 sensu
1555 828 1946 906 usurpandam
1973 847 2101 888 esse
2127 828 2494 904 pertendunt,
2534 826 2690 886 unde
2716 848 2913 906 repro-

499 908 624 983 bos,
655 927 772 967 non
793 908 1246 985 praedestinatos,
1277 909 1382 968 sed
1399 910 1691 985 praescitos
1712 929 1920 968 vocare
1942 909 2170 967 solent:
2212 916 2272 967 et
2298 928 2417 967 non
2438 917 2785 986 supponunt,
2810 908 2917 968 sed

499 997 800 1066 opponunt
823 988 1283 1065 reprobationem
1309 989 1817 1065 praedestinationi,
1840 997 1909 1047 ut
1925 987 2095 1064 Bell„
2120 988 2300 1066 Greg.
2320 988 2395 1048 de
2412 988 2639 1064 Valen.,
2666 988 2913 1065 Pighius

497 1068 600 1127 lib.
630 1069 752 1128 viii.
783 1066 856 1126 de
881 1069 1066 1138 libero
1095 1067 1288 1128 Arbit.
1318 1087 1368 1128 c.
1400 1073 1455 1128 2.
1487 1067 1589 1127 Ad
1614 1087 1761 1147 quos
1776 1069 2041 1132 nonnulli
2070 1069 2244 1127 etiam
2270 1089 2347 1128 ex
2370 1068 2723 1131 orthodoxis
2750 1087 2915 1127 acce·

499 1148 636 1206 dere
664 1148 950 1223 videntur,
981 1148 1119 1208 licet
1139 1168 1256 1207 non
1283 1148 1487 1207 eodem
1513 1149 1647 1208 fine.
1732 1149 1855 1209 Nos
1881 1168 2023 1208 vero
2050 1149 2318 1226 quamvis
2344 1148 2591 1207 libenter
2609 1147 2907 1224 fateamur,

497 1247 708 1286 nomen
738 1227 1269 1288 Praedestinationis
1289 1249 1366 1287 ex
1392 1248 1503 1288 usu
1536 1229 1845 1307 Scripturas
1876 1229 2086 1307 saepius
2112 1229 2387 1306 restringi
2414 1228 2489 1286 ad
2513 1228 2913 1304 Electionem;

497 1315 691 1366 tamen
719 1327 836 1364 non
864 1316 1087 1366 tantum
1117 1327 1193 1366 ex
1219 1309 1452 1386 propria
1477 1310 1641 1370 vocis
1670 1309 2108 1387 significatione,
2140 1309 2245 1368 sed
2272 1309 2445 1368 etiam
2473 1327 2547 1366 ex
2576 1328 2687 1367 usu
2718 1308 2915 1386 Scrip-

499 1395 642 1446 turae
671 1396 730 1445 et
755 1395 986 1466 recepta
1013 1389 1445 1465 consuetudine,
1490 1399 1646 1450 recte
1674 1391 1911 1450 extendi
1946 1389 2024 1448 ad
2066 1389 2551 1467 Reprobationem
2594 1407 2913 1464 censemus,

496 1475 562 1526 ut
589 1475 891 1543 utramque
933 1469 1161 1528 consilii
1201 1468 1387 1528 divini
1426 1479 1648 1548 partem
1692 1471 1913 1530 ambitu
1954 1490 2061 1530 suo
2101 1469 2530 1548 complectatur,
2572 1477 2699 1528 tum
2742 1469 2913 1527 Elee-

497 1547 730 1622 tionem,
760 1554 885 1606 tum
915 1546 1418 1627 Reprobationem,
1450 1569 1568 1629 quo
1594 1570 1770 1611 sensu
1796 1551 1891 1610 hic
1918 1571 1955 1608 a
1980 1549 2150 1610 nobis
2180 1549 2440 1608 sumitur.

499 1665 868 1710 Proedestinatio
894 1680 1020 1710 eom·
1182 1631 1260 1690 V.
1306 1631 1585 1691 Rationes
1613 1641 1766 1691 sunt.
1813 1633 1865 1691 1.
1898 1631 2047 1706 Quia
2072 1630 2371 1706 Scriptura
2393 1628 2635 1687 verbum
2654 1629 2917 1710 πςοοςιξω

545 1724 1019 1828 ξιοὲιὶιὲιι-Βξιοοῗο-
1061 1711 1327 1805 extendit
1355 1711 1430 1770 ad
1457 1721 1621 1772 actus
1643 1707 1918 1806 scelestos
1944 1711 2335 1805 reproborum,
2361 1709 2915 1814 qpixerucif'ixionem

545 1797 746 1886 Μ’·
851 1797 938 1841 Ρό
972 1797 1002 1828 ²
1063 1790 2917 1949 33⁸3gss⁰21¹¹3ffiffl²3⁸ffl3²2322323{zaim-333

481 1953 760 2026 fecerunt,
781 1971 952 2028 quam
973 1954 1166 2027 quoad
1183 1972 1382 2012 manus
1397 1961 1450 2011 et
1477 1953 1765 2012 consilium
1788 1953 1908 2010 Dei
1930 1951 2329 2032 oegdgso-nfieri.
2375 1950 2430 2007 N
2432 1969 2497 2008 ec
2514 1949 2707 2027 excipi
2723 1950 2913 2027 debet,

497 2050 616 2088 non
657 2031 754 2108 agi
797 2030 868 2088 de
911 2051 1106 2090 eorum
1147 2033 1564 2108 reprobatione,
1608 2031 1712 2090 sed
1753 2031 2112 2091 ordinatione
2154 2029 2545 2090 crucifixionis
2584 2030 2661 2088 ad
2694 2031 2915 2090 bonum

498 2110 689 2170 finem.
775 2111 925 2186 Quia
951 2111 1064 2169 ista
1090 2130 1208 2168 non
1237 2119 1370 2170 sunt
1398 2111 1757 2189 opponenda,
1804 2111 1906 2169 sed
1945 2110 2371 2188 componenda3
2419 2109 2733 2169 Crucifixio
2759 2112 2915 2171 enim

501 2191 731 2265 Christi,
763 2210 892 2266 quae
921 2190 1089 2248 nobis
1117 2199 1208 2249 est
1255 2190 1507 2250 medium
1555 2192 1775 2267 salutis,
1810 2191 2294 2267 crucifigentibus
2321 2189 2430 2249 fuit
2466 2190 2722 2249 medium
2751 2190 2910 2248 dam-

497 2271 764 2344 nationis,
796 2269 952 2347 quod
981 2290 1014 2327 a
1037 2270 1362 2347 justissimo
1393 2272 1504 2331 Dei
1532 2271 1763 2332 decreto
1792 2271 2083 2347 pependit.

578 2350 689 2409 VI.
739 2349 1022 2424 Secund0,
1079 2350 1374 2429 Scriptura
1427 2352 1608 2411 utitur
1662 2351 1969 2428 phrasibus
2025 2349 2546 2428 aequipollentibus,
2597 2369 2775 2426 quum
2832 2350 2915 2408 ait

495 2430 776 2507 quosdam
819 2430 1044 2508 positos
1085 2449 1212 2489 esse
1257 2431 1332 2490 ad
1374 2432 1536 2507 iram,
1572 2435 1602 2490 1
1635 2431 1839 2490 Thess.
1870 2451 1928 2490 v.
1976 2433 2031 2505 9,
2081 2434 2111 2489 1
2145 2431 2271 2489 Pet.
2301 2430 2362 2488 ii.
2392 2431 2447 2504 8,
2480 2425 2915 2506 coagmentatos

495 2510 572 2568 ad
609 2510 919 2586 interitum,
953 2509 1122 2569 Rom.
1153 2511 1233 2570 ix,
1266 2516 1361 2584 22,
1393 2514 1638 2590 scriptos
1682 2511 1759 2570 ad
1790 2511 2093 2588 judicium,
2126 2510 2269 2570 Jud.
2299 2513 2355 2584 4,
2387 2509 2569 2568 factos
2617 2508 2692 2566 ad
2736 2508 2910 2567 dede-

500 2609 620 2664 cuS,
654 2589 823 2649 Rom.
851 2590 934 2648 ix.
975 2593 1070 2665 21,
1103 2599 1162 2650 et
1207 2591 1282 2650 ad
1322 2592 1475 2652 diem
1519 2592 1674 2668 mali,
1708 2590 1984 2651 Proverb.
2014 2591 2136 2650 xvi.
2166 2594 2223 2650 4.
2313 2589 2376 2649 Si
2406 2589 2754 2666 Reprobatio
2782 2588 2913 2647 istis

495 2669 804 2749 phrasibus
859 2669 1219 2746 describitur,
1278 2693 1381 2731 cur
1426 2694 1544 2732 non
1597 2674 1810 2750 poterit
1858 2672 2106 2749 exprimi
2151 2670 2679 2729 Praedesti'nationis
2721 2688 2867 2728 voce
2884 2672 2915 2727 ἶ)

499 2750 712 2825 Tertio,
743 2750 880 2826 quia
922 2750 1182 2810 definitio
1213 2752 1761 2829 Praedestinationis,
1792 2752 2077 2811 ordinatio
2124 2750 2346 2811 scilicet
2388 2750 2473 2809 rei
2500 2748 2576 2809 ad
2610 2748 2784 2807 finem
2812 2768 2917 2826 per

497 2830 689 2889 media
728 2838 1038 2907 antequam
1083 2832 1176 2907 sit,
1223 2852 1340 2892 non
1383 2833 1574 2891 minus
1615 2834 1889 2892 convenit
1932 2831 2349 2909 Reprobationi
2389 2850 2565 2907 quam
2608 2828 2913 2889 Electioni.

500 2911 734 2986 Quart0,
768 2910 974 2969 Patres
1001 2927 1118 2969 non
1145 2912 1324 2969 semel
1350 2912 1432 2971 ita
1457 2913 1803 2989 loquuntur:
1834 2912 2155 2971 Concilium
2185 2910 2579 2983 Valentinum,
2612 2910 2647 2941 ‘⁶
2667 2908 2914 2967 Confite-

496 3010 626 3050 mur
655 2989 1226 3049 Praedestinationem
1255 2991 1569 3052 electorum
1609 2992 1687 3052 ad
1712 2993 1895 3051 vitam
1922 3000 1981 3051 et
2012 2989 2581 3050 Praedestination'em
2610 2988 2916 3066 impiorum

497 3071 574 3129 ad
601 3070 902 3128 mortem.”
987 3070 1244 3147 August.
1289 3072 1495 3132 Enchi.
1539 3072 1614 3131 ad
1658 3073 1830 3131 Laur.
1861 3092 1911 3132 c.
1946 3075 2079 3131 100.
2113 3074 2148 3105 “
2180 3070 2392 3147 Implet
2418 3068 2556 3146 'ipse
2584 3068 2741 3145 quod
2768 3069 2913 3145 vult,

496 3150 645 3209 bene
673 3158 843 3209 utens
871 3157 929 3208 et
955 3150 1124 3209 malis
1149 3158 1425 3229 tanquam
1459 3172 1681 3213 summe
1721 3153 1891 3211 bonis
1933 3152 2009 3211 ad
2052 3171 2249 3210 eorum
2293 3149 2735 3224 damnationem,
2768 3166 2913 3226 quos

493 3231 650 3309 juste
678 3228 1112 3306 praedestinavit
1127 3231 1204 3289 ad
1223 3234 1511 3308 poenam.''
1543 3234 1622 3293 Et
1641 3233 1717 3293 de
1735 3232 1999 3309 Peccato,
2024 3232 2245 3290 meritis
2266 3238 2324 3289 et
2350 3229 2573 3288 remiss.
2602 3230 2642 3287 l.
2662 3230 2722 3288 ii.
2752 3250 2803 3288 c.
2822 3231 2913 3304 17,

497 3309 570 3369 de
601 3310 662 3369 C.
699 3309 772 3367 D.
801 3309 840 3368 l.
870 3311 994 3368 xxi.
1039 3332 1090 3370 c.
1121 3315 1238 3387 243
1285 3313 1530 3391 Fulgen.
1578 3314 1654 3372 ad
1698 3314 2020 3372 Monimum
2062 3312 2165 3373 lib.
2195 3312 2269 3385 i.;
2316 3309 2580 3386 Prosper.
2624 3309 2700 3367 ad
2730 3308 2915 3385 Capit.

499 3390 654 3451 Gall.
685 3409 734 3447 c.
770 3392 882 3466 14;
928 3390 1108 3452 Isid0.
1137 3392 1240 3452 lib.
1284 3393 1343 3453 ii.
1375 3394 1447 3454 de
1495 3413 1721 3453 summo
1768 3394 1940 3469 bono,
1972 3412 2023 3451 c.
2062 3394 2118 3466 6,
2153 3392 2189 3425 “
2218 3389 2469 3450 Gemina
2496 3397 2586 3448 est
2612 3388 2907 3466 praedesti·

501 3470 677 3536 natio,
709 3469 834 3528 sive
863 3470 1177 3531 electorum
1205 3472 1281 3531 ad
1307 3474 1582 3551 requiem,
1615 3474 1741 3532 sive
1767 3473 2145 3550 reproborum
2172 3470 2247 3529 ad
2274 3470 2577 3527 mortem.”

576 3550 723 3610 VII.
755 3550 1036 3624 Quamvis
1052 3572 1192 3612 vero
1213 3554 1653 3613 Praedestinatio
1680 3572 2093 3628 nonnunquam
2122 3550 2319 3611 stricte
2350 3556 2611 3608 sumatur
2636 3548 2699 3607 in
2724 3546 2919 3623 Scrip-

495 3638 628 3689 tura
651 3650 757 3709 pro
787 3630 1301 3693 Praedestinatione
1335 3634 1698 3709 Sanctorum,
1731 3652 1835 3693 seu
1863 3632 2163 3691 Electione
2192 3629 2268 3688 ad
2294 3630 2515 3704 vitam3
2560 3628 2611 3687 N
2618 3649 2693 3687 on
2722 3627 2915 3703 sequi-

493 3720 589 3769 tur
614 3732 732 3771 non
759 3731 930 3788 posse
957 3712 1134 3773 latius
1160 3713 1443 3792 usurpari.
1527 3714 1652 3773 Nec
1696 3713 1747 3774 si
1788 3713 2017 3789 objecta
2061 3710 2481 3788 reprobationis
2526 3718 2585 3767 et
2618 3707 2917 3767 electionis

495 3800 630 3851 sunt
657 3792 938 3869 opposita,
970 3794 1166 3853 statim
1191 3794 1304 3872 ipsi
1331 3802 1496 3855 actus
1537 3814 1574 3853 a
1611 3802 1775 3871 parte
1805 3793 1917 3851 Dei
1946 3792 2059 3852 sibi
2096 3790 2347 3849 invicem
2375 3788 2770 3862 adversantur,
2800 3786 2919 3845 imo

495 3869 570 3927 ab
597 3872 798 3930 eadem
829 3890 1004 3930 causa
1030 3874 1320 3933 liberrime
1349 3882 1558 3951 agente
1585 3882 1831 3951 possunt
1855 3871 2162 3949 proficisci.
2218 3948 2233 3963 ο
2554 3947 2567 3961 .
2878 3946 2889 3967 Ι

499 3986 744 4095 ‘'iim“
778 3965 990 4099 Ἑζοὲξ·
1029 3953 2068 4108 ...Z{¹f1‘.{?1{⁰'1²2{21{2³230‘}1¹¹2³02¹‡{i
2096 3955 2613 4107 ῗῗὲἐῗῶιωῇἷὲῗ
2635 3954 2759 4085 ἓξὲξ
2793 3972 2915 4098 ’ἕὸζ

551 4108 666 4177 ¹:¹⁰0»
725 4115 808 4155 *αἱ
854 4125 988 4169 prae-
1031 4112 1118 4174 on‘e‘:
1145 4079 1372 4193 πέόγνα,
1405 4120 1464 4171 et
1493 4112 1663 4170 Rom.
1692 4112 1775 4171 xi.
1814 4116 1871 4187 2,
1900 4132 2019 4171 non
2044 4111 2249 4187 rejecit
2273 4073 2553 4186 populum
2569 4126 2741 4184 quem
2769 4105 2915 4185 ηοξ·

547 4169 662 4211 *¹⁰⁹⁶
1021 4217 1138 4267 qun,
1171 4200 1228 4249 et
1259 4193 1464 4251 Petrus
1493 4212 1542 4250 c.
1571 4191 1612 4249 i.
1639 4192 1858 4269 primae,
1888 4212 1948 4250 v.
1977 4196 2033 4266 2,
2074 4189 2245 4250 electi
2292 4188 2564 4247 dicuntur
2602 4188 2742 4244 κατὰ
2785 4186 2913 4265 rgo'·

491 4294 683 4344 qnam.
783 4272 932 4347 Quia
971 4290 1112 4329 vero
1157 4270 1456 4347 Pelagiani
1497 4278 1724 4330 veteres
1766 4279 1825 4331 et
1864 4271 2213 4331 recentiores
2266 4286 2567 4346 perperam
2611 4267 2723 4324 hac
2766 4285 2915 4323 voce

491 4353 809 4413 abutuntur
855 4350 932 4410 ad
977 4350 1380 4410 stabiliendam
1421 4351 1826 4428 praevisionem
1870 4351 2007 4411 fidei
2048 4358 2107 4409 et
2148 4368 2420 4427 operum3
2465 4344 2915 4419 observandum,

491 4432 760 4513 aegiywm
789 4431 1052 4489 bifariam
1079 4449 1250 4507 posse
1279 4430 1444 4505 sumi,
1476 4432 1574 4491 vel
1602 4433 1912 4508 theoretice,
1945 4431 2043 4491 vel
2060 4430 2319 4507 practice
2334 4452 2359 4501 ;
2400 4425 2579 4504 priori
2604 4424 2779 4486 modo
2808 4444 2916 4502 pro

490 4512 738 4591 simplici
765 4511 973 4571 notitia
1003 4510 1115 4569 Dei
1141 4530 1332 4569 rerum
1360 4510 1701 4586 futurarum,
1732 4532 1863 4590 quae
1890 4510 2253 4589 praescientia
2282 4508 2510 4580 dicitur,
2557 4513 2617 4563 et
2662 4506 2919 4581 pertinet

490 4594 566 4653 ad
595 4593 990 4665 intellectum3
1017 4590 1322 4667 posteriori
1347 4610 1454 4667 pro
1481 4591 1791 4651 dilectione
1820 4592 2089 4669 practica,
2120 4599 2180 4649 et
2206 4588 2442 4647 decreto
2464 4584 2623 4663 quod
2646 4584 2809 4643 Deus
2840 4583 2915 4642 de

485 4673 662 4749 hujus
689 4673 786 4731 vel
814 4671 972 4731 illius
1001 4670 1189 4729 salute
1213 4671 1432 4747 statuit,
1465 4680 1523 4731 et
1551 4670 1626 4729 ad
1654 4671 2012 4731 voluntatem
2042 4675 2298 4747 spectat3
2342 4668 2456 4725 hoc
2486 4684 2663 4724 sensu
2711 4664 2917 4739 cogni-
