3300 5225
361 370 584 423 eumer.
614 352 728 435 ηπ]
1326 374 1404 413 ns
1433 370 1791 415 mosoma.
2268 385 2271 389 ·
2700 354 2771 412 15

363 515 470 573 Ita·
483 534 600 571 non
628 512 1018 573 accensendus
1044 520 1134 573 est
1163 512 1442 587 Ethnicis,
1475 513 1578 571 sed
1607 513 1895 587 Patribus,
1925 511 2027 589 qui
2055 510 2299 571 salutem
2328 530 2363 569 a
2392 510 2777 591 Redemptor-e

363 594 618 686 nondum
660 592 945 669 patefacto
985 592 1402 670 expectabant3
1447 594 1600 651 unde
1642 592 1717 651 ab
1758 592 2013 652 adventu
2043 592 2202 651 Petri
2242 609 2359 649 non
2392 591 2615 671 accepit
2640 592 2775 652 fidei

363 682 610 810 imgugp,
643 672 1397 828 sgflfizffixffffiussquibm’
1429 751 1584 811 Heb.
1613 752 1696 810 xi.
1726 755 1781 828 6,
1812 772 1929 811 non
1956 750 2320 827 intelligendi
2354 759 2489 809 sunt
2514 750 2772 828 physice,

363 840 649 908 quatenus
675 830 915 889 rationis
940 830 1156 889 lumine
1192 830 1410 908 percipi
1447 839 1709 907 possunt,
1740 830 1843 890 sed
1868 830 2293 909 hyperphysice
2320 839 2380 889 et
2406 830 2773 907 Theologice,

363 919 650 987 quatenus
677 930 781 987 per
811 910 1137 986 Scripturas
1165 909 1332 969 nobis
1361 909 1803 971 manifestantur
1828 910 2157 987 cognitione
2196 910 2472 985 salvifica,
2504 929 2619 986 qua
2659 930 2776 969 non

363 998 587 1049 tantum
628 989 916 1066 novimus,
959 988 1116 1067 quod
1157 990 1233 1050 sit
1275 989 1454 1064 Deus,
1497 998 1556 1048 et
1595 990 1752 1067 quod
1792 990 1872 1050 sit
1910 990 2271 1067 omnipotens
2304 1010 2495 1049 rerum
2522 990 2777 1049 omnium

365 1069 618 1144 Creator,
651 1067 754 1127 sed
781 1068 912 1146 quis
939 1068 1032 1145 sit,
1067 1068 1256 1143 Pater,
1281 1068 1472 1127 Filius
1497 1076 1558 1127 et
1587 1070 1837 1146 Spiritus
1868 1069 2131 1145 Sanctus,
2161 1078 2221 1129 et
2245 1078 2380 1146 post
2405 1070 2629 1147 lapsum
2662 1070 2774 1129 Re-

362 1147 662 1226 demptor;
703 1167 823 1206 non
862 1155 1088 1207 tantum
1118 1148 1538 1208 Remunerator
1575 1148 1842 1225 legaliter
1872 1168 1948 1207 ex
1974 1150 2179 1209 merito
2208 1168 2339 1209 eum
2367 1150 2773 1227 quaerentibus,

271 1268 282 1275 -
365 1228 470 1289 sed
517 1248 594 1287 ex
649 1228 836 1305 gratia
877 1246 1012 1287 eum
1053 1226 1446 1305 querentibus
1493 1228 1849 1305 Evengelice
1896 1248 1998 1305 per
2044 1228 2219 1288 fidem
2264 1228 2327 1287 in
2376 1228 2774 1293 Mediatorem,

368 1307 540 1367 Hanc
565 1326 694 1366 esse
721 1316 974 1368 mentem
991 1306 1264 1385 Apostoli
1290 1307 1498 1385 probat
1528 1311 1581 1366 1.
1609 1308 1949 1385 adjunctum
1975 1307 2111 1367 fidei
2140 1307 2429 1384 salvificae,
2454 1328 2627 1386 quam
2655 1317 2777 1370 toto

365 1388 554 1464 capite
581 1386 873 1465 praedicat.
945 1392 1002 1446 2.
1034 1387 1321 1465 Exempla
1351 1384 1703 1447 Sanctorum
1721 1407 1852 1465 quse
1878 1386 2095 1447 ibidem
2122 1387 2480 1447 referuntur:
2525 1389 2619 1448 Ita
2634 1388 2779 1447 fides

364 1467 427 1526 in
457 1468 664 1542 Deum,
695 1466 768 1527 de
795 1486 912 1544 qua
937 1466 1262 1545 Apostolus
1287 1467 1558 1544 loquitur,
1591 1486 1709 1527 non
1735 1475 1829 1527 est
1866 1468 2156 1544 generalis
2182 1467 2389 1527 notitia
2417 1467 2529 1526 Dei
2555 1468 2775 1528 bonita-

367 1556 484 1605 tem
513 1566 676 1606 susm
703 1547 914 1624 quovis
940 1547 1114 1606 modo
1141 1546 1552 1623 diffundentis3
1595 1546 1702 1607 sed
1740 1546 1997 1625 cognitio
2024 1547 2150 1606 veri
2178 1547 2293 1607 Dei
2323 1556 2557 1627 propter
2584 1548 2776 1607 Chris·

367 1636 490 1685 tum
517 1627 672 1686 bona
697 1626 956 1687 coelestia
981 1625 1300 1704 largientis.
1383 1628 1667 1687 Accedere
1692 1630 1778 1687 ad
1799 1630 1989 1687 Deum
2015 1626 2305 1705 Apostolo
2331 1626 2478 1685 nihil
2502 1627 2664 1685 eliud
2690 1638 2780 1687 est

365 1724 541 1783 quam
569 1706 1030 1765 communionem
1051 1726 1184 1767 cum
1209 1707 1336 1765 Deo
1363 1705 1425 1764 in
1447 1706 1677 1767 Christo
1704 1707 1981 1783 obtinere,
2004 1715 2073 1767 ut
2098 1707 2311 1785 passim
2340 1706 2481 1766 alibi
2496 1707 2557 1764 in
2578 1706 2779 1767 eadem

369 1786 420 1843 Ε
463 1786 652 1861 istola,
700 1786 854 1846 Heb.
896 1787 977 1847 iv.
1029 1788 1118 1862 16,
1163 1792 1224 1846 et
1263 1786 1364 1846 vii.
1408 1789 1504 1862 25,
1549 1796 1609 1847 et
1636 1808 1695 1846 x.
1727 1791 1824 1847 22.
1911 1787 2085 1848 Unde
2110 1806 2409 1865 perperam
2441 1787 2780 1846 Gurcelloeus

366 1806 542 1925 fid'em
581 1864 644 1923 in
674 1865 882 1943 Deum,
913 1874 972 1927 et
997 1864 1172 1926 fidem
1199 1866 1261 1924 in
1289 1866 1584 1926 Christum
1611 1865 1937 1945 distinguit,
1967 1875 2035 1927 ut
2060 1867 2162 1926 illa
2189 1867 2265 1927 sit
2290 1866 2555 1925 absolute
2580 1886 2777 1927 neces·

367 1944 520 2003 saria
559 1943 636 2003 sd
677 1946 942 2021 salutem,
985 1946 1111 2005 haec
1150 1944 1382 2005 nonnisi
1423 1966 1499 2005 ex
1535 1946 1888 2007 revelatione
1916 1946 2147 2023 divina3
2192 1947 2343 2004 Nam
2370 1946 2531 2004 nulla
2557 1965 2697 2005 vera
2722 1955 2781 2006 et

369 2023 640 2082 salutaris
683 2032 874 2101 potest
918 2044 1046 2084 esse
1089 2023 1236 2085 fides
1279 2024 1341 2083 in
1389 2026 1597 2102 Deum,
1645 2045 1777 2103 quae
1820 2045 1939 2085 non
1980 2026 2291 2103 conjuncta
2316 2026 2393 2085 sit
2420 2045 2553 2085 cum
2578 2025 2693 2084 fide
2720 2027 2782 2084 in

371 2102 682 2239 ghnristum,
729 2103 772 2162 J
776 2122 864 2163 oa.
895 2104 1016 2162 xiv.
1065 2106 1116 2163 1.
1203 2104 1350 2163 Cum
1391 2105 1453 2163 in
1502 2106 1694 2165 Deum
1737 2124 1853 2165 non
1897 2106 2185 2183 possimus
2228 2104 2477 2179 credere,
2524 2106 2637 2164 nisi
2678 2124 2783 2183 per

461 2190 686 2241 ustum.

451 2260 644 2321 XXI.
689 2258 823 2321 Non
849 2280 1130 2339 negamus
1157 2262 1353 2323 varios
1393 2282 1470 2321 ex
1497 2263 1813 2323 Veteribus
1854 2262 1927 2323 de
1954 2262 2278 2325 Gentilium
2314 2270 2374 2321 et
2404 2262 2779 2340 Philosopho-

371 2340 730 2481 ‘033'22253‘20‘2
751 2341 1054 2480 {2232
1075 2341 1265 2481 *ffl-
1303 2360 1466 2499 2¹33}
1507 2342 2785 2498 {mfflfissmffiufivbi'fflffffinffi

533 2463 548 2478 .
730 2463 747 2480 .
973 2464 988 2479 .
1059 2465 1074 2495 ,
1263 2466 1276 2480 .
1461 2468 1476 2481 .
1547 2467 1563 2482 .
1880 2468 1895 2481 .
2096 2466 2109 2481 .
2221 2467 2236 2497 ,
2510 2466 2523 2481 .

367 2500 578 2561 citatos
601 2499 938 2561 anaubom
963 2500 1224 2561 Exores.
1253 2505 1309 2577 ’1,
1341 2502 1400 2561 in
1427 2502 1750 2562 Barom'um
1770 2526 1795 2575 ‚·
1840 2502 1957 2561 Sed
1983 2502 2175 2561 minus
2200 2501 2410 2561 mirum
2436 2508 2527 2560 est
2550 2500 2697 2561 istos
2724 2502 2785 2561 in

369 2598 562 2640 errore
587 2586 849 2641 versatos
875 2579 1072 2658 fiiisse,
1119 2600 1251 2642 cum
1295 2589 1430 2643 ante
1458 2590 1725 2642 exortum
1755 2581 2057 2660 Pelagium
2096 2580 2355 2642 securius
2394 2580 2783 2658 loquerentur,

371 2679 546 2738 quam
571 2660 786 2721 multos
817 2660 1207 2721 scholasticos
1243 2671 1378 2740 post
1413 2663 1616 2740 gratiae
1643 2663 1705 2720 in
1735 2661 1963 2722 Christo
1990 2662 2391 2722 necessitatem
2417 2668 2537 2721 tam
2564 2661 2787 2722 fortiter

370 2740 446 2798 ab
472 2738 809 2817 Augustino
853 2749 913 2800 et
939 2739 1240 2820 discipulis
1266 2740 1394 2819 ejus
1422 2749 1719 2816 assertam,
1767 2740 1869 2820 qui
1912 2741 1987 2800 ad
2030 2740 2276 2801 eundem
2316 2741 2569 2820 lapidem
2604 2743 2783 2821 impe-

445 2837 528 2878 re.
1624 2851 1630 2856 .

451 2895 679 2957 XXII.
728 2899 792 2959 Si
821 2897 1144 2977 Zuinglius,
1177 2899 1510 2976 Herculem,
1541 2899 1849 2976 Theseum,
1886 2899 2153 2975 Numam,
2199 2899 2535 2978 Aristidem,
2584 2901 2783 2960 Socra-

371 2988 506 3054 tem,
537 2985 597 3038 et
623 2978 841 3037 similes
871 2979 1100 3038 Heroas
1127 2980 1274 3038 coelo
1303 2979 1626 3058 adscripsit,
1658 2981 1719 3038 in
1746 2979 1933 3059 Epist.
1962 2979 2039 3038 ad
2068 2980 2441 3040 Franciscum
2470 2979 2521 3040 Ι.
2550 2980 2789 3058 praefixa

373 3055 736 3118 confessioni
761 3056 913 3133 fidei,
961 3057 1064 3117 ubi
1105 3058 1427 3120 coelestium
1471 3059 1827 3120 consortium
1870 3058 2249 3120 describendo
2288 3067 2423 3138 post
2460 3061 2788 3120 nominatos

373 3135 607 3196 Veteris
635 3144 695 3196 et
723 3135 880 3196 Novi
907 3138 1262 3199 Testamenti
1293 3140 1554 3215 Sanctos,
1595 3139 1775 3200 addit.
1856 3141 1979 3198 Hic
1999 3141 2323 3216 Herculem,
2358 3141 2641 3215 Meum,
2680 3142 2784 3201 So-

371 3225 602 3288 cratem,
633 3216 960 3292 Aristiden,
988 3219 1260 3293 Numam,
1293 3217 1404 3279 ἃο.
1483 3221 1606 3280 Hic
1631 3221 2021 3280 Antecesserat:
2048 3228 2171 3279 tuos
2196 3229 2251 3278 et
2276 3228 2544 3296 quotquot
2580 3221 2640 3278 in
2662 3222 2789 3299 fide

372 3295 499 3353 hinc
524 3296 850 3373 migrarunt
871 3297 1130 3375 Major-es
1155 3308 1280 3358 tuos
1303 3300 1525 3360 videbis.
1612 3300 2005 3378 Praeterquam
2032 3299 2189 3376 quod
2216 3319 2253 3358 a
2270 3300 2499 3359 Nostris
2518 3319 2633 3358 non
2654 3319 2783 3377 pro·

371 3375 575 3450 bstur3
619 3383 838 3436 certum
865 3385 956 3438 est
979 3397 1114 3438 eum
1139 3378 1334 3456 potius
1359 3397 1580 3441 errasse
1606 3381 1670 3438 in
1694 3379 1849 3441 facto
1875 3399 2049 3459 quam
2070 3379 2132 3438 in
2152 3380 2303 3457 jure,
2334 3397 2451 3438 non
2470 3380 2638 3457 quasi
2658 3398 2785 3438 sen-

371 3455 512 3514 serit
548 3455 792 3548 januam
833 3457 1036 3518 salutis
1077 3465 1274 3537 patere
1316 3467 1482 3520 extre
1525 3459 1817 3520 Christum
1866 3469 1927 3520 et
1974 3459 2168 3536 fidem,
2208 3459 2313 3519 sed
2354 3459 2493 3536 quia
2535 3459 2790 3536 speravit

371 3534 822 3594 misericordiam
849 3537 1107 3596 divinam
1133 3537 1308 3597 modo
1349 3537 1520 3598 nobis
1555 3539 1801 3615 occulto,
1850 3540 1954 3600 sed
1991 3539 2104 3617 ipsi
2145 3537 2399 3616 cognito,
2444 3537 2617 3596 fidem
2658 3537 2788 3595 aliis

370 3613 686 3674 instillasse
701 3633 848 3692 quos
864 3615 1178 3676 virtutibus
1201 3617 1347 3676 alias
1373 3618 1622 3678 heroicis
1646 3628 1767 3678 tam
1794 3618 2029 3695 egregie
2055 3618 2419 3692 illustrasset,
2449 3616 2607 3693 quod
2632 3623 2791 3692 patet

371 3710 450 3750 ex
475 3711 546 3751 eo
571 3693 729 3770 quod
755 3711 1026 3772 expresse
1052 3695 1310 3773 loquitur
1335 3697 1410 3755 de
1437 3695 1509 3755 iis
1535 3696 1636 3774 qui
1672 3697 1733 3755 in
1760 3697 1887 3774 fide
1910 3697 2248 3772 miqrarunt,
2292 3694 2449 3772 quod
2476 3713 2593 3752 non
2620 3693 2793 3752 debet

375 3769 451 3828 ad
479 3771 736 3848 Majores
758 3773 940 3852 Regis
967 3775 1256 3851 restringi,
1288 3774 1391 3832 sed
1417 3775 1494 3834 ad
1521 3793 1622 3834 eos
1648 3793 1849 3834 omnes
1876 3774 1950 3833 de
1976 3774 2189 3852 quibus
2213 3774 2490 3852 loquutus
2517 3773 2703 3832 fuerat
2728 3774 2789 3852 in

373 3849 850 3926 praecedentibus.
935 3853 1108 3912 Hanc
1135 3859 1327 3912 autem
1353 3853 1444 3913 ini
1467 3859 1719 3913 mentem
1746 3851 1925 3913 fuisse
1952 3853 2123 3914 docet
2148 3853 2276 3931 ejus
2302 3853 2377 3912 de
2403 3861 2639 3932 peccato
2676 3851 2785 3911 ori-

376 3927 558 4004 ginali
599 3929 909 3991 declaratio
951 3931 1027 3990 ad
1070 3931 1372 3991 Urbanum
1401 3933 1693 4010 Rhegium
1720 3933 1885 3992 Tom.
1914 3933 1975 3992 ii.
2016 3953 2073 4011 p.
2108 3935 2239 4010 109,
2286 3933 2388 3992 ubi
2428 3951 2559 3992 eum
2600 3935 2787 3992 errare

375 4027 478 4066 eos
519 4004 782 4084 dixisset,
829 4011 930 4085 qui
973 4009 1326 4071 damnationi
1365 4011 1703 4091 adjudicant
1743 4031 1945 4074 omnes
1986 4032 2133 4091 quos
2172 4013 2435 4073 Gentiles
2474 4031 2785 4073 vocamus:

372 4084 756 4226 αῇἓέἰοὲἰξὶαίᾱ
777 4089 924 4148 enim
949 4089 1166 4166 scimus,
1197 4092 1494 4172 quidfidet‘
1513 4093 1744 4171 queque
1770 4093 1831 4153 in
1856 4095 2026 4154 corde
2049 4113 2153 4152 suo
2177 4092 2299 4153 Dea·
2319 4113 2493 4152 manu
2516 4092 2789 4170 scripwm

459 4240 723 4306 XXIII.
769 4247 934 4308 Licet
963 4249 1196 4309 Ethnici
1217 4252 1378 4311 varia
1404 4251 1685 4312 sacrificia
1703 4252 2033 4329 obtulerint,
2064 4271 2181 4312 non
2202 4253 2463 4330 sequitur
2488 4271 2589 4311 eos
2616 4251 2784 4310 mise-

377 4324 684 4384 ricordiam
715 4327 828 4387 Dei
855 4327 916 4386 in
945 4329 1174 4390 Christo
1201 4331 1527 4408 agnovisse,
1570 4331 1708 4410 quia
1747 4351 1943 4392 eorum
1979 4331 2258 4392 sacrificia
2282 4351 2399 4390 non
2426 4341 2544 4390 tam
2572 4330 2788 4390 fiebant

377 4403 456 4461 ad
481 4405 900 4482 impetrandam
930 4407 1044 4470 Dei
1070 4410 1315 4488 gratiam
1343 4411 1669 4488 salutarem,
1716 4431 1847 4489 quoe
1887 4411 2107 4471 homini
2148 4412 2272 4471 sine
2312 4411 2663 4470 revelatione
2700 4411 2785 4468 in-

377 4491 675 4544 notescere
701 4497 1052 4566 non-potest,
1083 4491 1221 4568 quis
1245 4490 1377 4569 ejus
1401 4491 1741 4552 exercitium
1760 4490 1929 4569 plene
1956 4499 2047 4551 est
2072 4491 2335 4572 liberum,
2364 4511 2539 4570 quam
2566 4490 2642 4548 sd
2666 4489 2789 4566 pla-

379 4561 624 4623 “n‘hm
651 4566 794 4659 ,93118
827 4567 1132 4647 Ῑῦθῑὶῒὶὓω,
1177 4587 1308 4649 quae
1353 4571 1693 4634 naturaliter
1718 4580 1857 4632 nota
1882 4580 1988 4646 est,
2022 4580 2083 4631 et
2126 4571 2293 4649 cujus
2320 4569 2657 4630 exercitium
2700 4577 2791 4627 est

380 4659 786 4705 necessarium.
