3300 5225
602 258 720 315 466
1570 273 1755 317 Locus
1785 274 2028 316 ssxrus.
2619 251 2918 334 [Quiris-1⁹.
2957 272 3090 313 vn.
3233 37 3251 326 Ι

606 436 739 495 quae
764 414 1051 477 actionem
1078 421 1297 492 notant,
1325 414 1467 478 dum
1492 415 1567 477 de
1606 413 1976 495 providentia
2003 414 2117 475 Dei
2142 414 2335 492 agitur
2361 413 2423 473 in
2447 413 2620 491 malo,
2649 420 2927 494 possent
2957 432 3084 472 ex-

608 498 751 576 poni
788 497 861 558 de
897 497 1273 576 permissione
1303 496 1435 573 Dei,
1462 495 1563 557 vel
1602 496 1986 575 denegatione
2025 495 2276 573 simplici
2315 496 2534 573 gratiae,
2576 503 2644 555 ut
2681 514 2810 555 non
2851 494 3084 553 semel

612 578 774 655 Aug.
804 579 1046 656 exponit
1068 583 1125 637 τὶ
1152 578 1444 653 indurare,
1473 597 1577 655 per
1595 598 1710 636 non
1729 577 1996 636 emollire.
2065 576 2283 635 Verum
2309 576 2608 654 Scriptura
2633 576 3082 655 ἶμφιιπκό-ι-ιςιο

612 658 886 736 loquitur,
916 677 1093 736 quam
1139 664 1207 719 ut
1249 658 1313 717 in
1354 658 1482 720 sola
1516 657 1894 735 permissione
1941 656 2324 716 subsistamus
2346 679 2361 733 ;
2403 666 2465 715 et
2506 656 2727 735 aliquid
2779 656 3080 733 amplius
3248 690 3250 693 >

616 738 949 800 efficacibus
994 738 1122 799 istis
1160 737 1553 799 locutionibus
1590 756 1739 815 quas
1790 744 2034 815 usurpat
2085 735 2401 815 significari
2443 756 2766 813 censemus,
2815 735 3076 815 quibus

614 819 832 897 quippe
872 839 989 879 non
1028 825 1255 879 tantum
1296 818 1545 879 secessio
1584 816 1851 895 quaedam
1881 818 2010 893 Dei,
2050 824 2112 876 et
2147 834 2268 875 non
2301 815 2600 893 impeditio
2639 823 2912 887 notatur,
2951 816 3076 876 sed

618 898 770 961 actio
792 898 1057 977 quaedam
1078 898 1283 959 efficax
1302 898 1641 975 designatur
1659 920 1676 974 ς
1721 897 1895 957 Unde
1913 917 2032 957 non
2049 896 2224 956 modo
2242 896 2439 956 verbis
2459 896 2664 973 Hipha
2683 895 2968 974 Spiritus
3003 897 3074 955 S.

621 980 819 1056 utitur,
851 978 955 1041 sed
982 979 1157 1039 etiam
1183 978 1380 1037 verbis
1406 978 1571 1037 Pikel
1608 976 1822 1056 quibus
1859 978 2162 1037 roboratur
2192 976 2361 1052 actiO,
2394 976 2586 1035 Exod.
2613 976 2694 1035 iv.
2723 984 2788 1035 et
2815 976 2962 1050 vii„
2997 985 3074 1034 ut

622 1079 803 1136 quum
830 1060 973 1121 dicit
1000 1060 1191 1119 Deum
1222 1056 1581 1119 “indurasse
1610 1058 1970 1117 Pharaonem
1989 1058 2046 1134 ;”
2073 1065 2136 1117 et
2159 1056 2303 1116 alibi
2321 1057 2618 1135 Scriptura
2641 1056 2728 1117 ait
2753 1058 2796 1091 “
2813 1075 3066 1116 uxores

626 1140 874 1199 Davidis
893 1139 1217 1201 Absalomo
1243 1138 1365 1197 filio
1386 1137 1690 1197 violandas
1715 1137 1960 1197 traditas
1985 1155 2112 1196 esse
2133 1157 2170 1196 a
2190 1136 2378 1215 Deo,''
2407 1140 2445 1196 2
2479 1138 2633 1197 Sam.
2655 1135 2760 1196 xii.
2789 1138 2891 1211 11,
2927 1136 3068 1195 imo

626 1220 663 1252 “
687 1221 879 1280 Deum
916 1222 980 1281 in
1006 1226 1320 1297 conspectu
1346 1218 1585 1279 Israelis
1621 1236 1728 1297 per
1755 1217 2138 1277 Absalomum
2173 1217 2367 1295 palam
2393 1217 2617 1293 fecisse,
2645 1216 2808 1295 quod
2839 1217 3066 1275 David

624 1299 777 1359 elam
803 1300 1076 1375 fecerat,”
1103 1299 1323 1359 ibidem
1344 1322 1361 1376 ς
1407 1301 1446 1334 ‘⁴
1467 1300 1660 1358 Deum
1685 1298 2028 1376 praeeepisse
2060 1297 2252 1357 Semei
2271 1305 2338 1357 ut
2355 1297 2728 1357 malediceret
2746 1296 3062 1370 Davidi,”

624 1383 663 1439 2
698 1381 852 1441 Sam.
874 1381 997 1455 xvi,
1025 1382 1135 1456 103
1167 1382 1263 1437 “a
1284 1379 1413 1439 Deo
1440 1378 1694 1457 Spiritus
1717 1377 1906 1437 malos
1929 1378 2164 1437 immitti
2183 1376 2382 1438 addito
2409 1376 2654 1436 nocendi
2679 1378 3064 1457 praecepto,”

630 1462 661 1519 1
698 1460 847 1537 Reg.
876 1461 1023 1519 xxii.
1052 1463 1171 1536 233
1218 1458 1409 1518 “eum
1449 1460 1678 1518 mittere
1719 1458 1984 1536 spiritum
2011 1458 2280 1533 erroris,'’
2311 1458 2394 1517 Is.
2421 1458 2548 1517 xix.
2580 1460 2691 1535 143
2737 1458 2776 1491 ‘⁴
2795 1457 3068 1535 implere

628 1540 837 1618 spiritu
856 1538 1179 1617 vertiginis,
1208 1538 1335 1599 Jer.
1357 1538 1484 1598 xiii.
1511 1540 1604 1613 12,
1631 1539 1706 1597 13
1729 1560 1745 1614 ς
1791 1538 2086 1597 “Mittere
2111 1537 2422 1596 efficaciam
2449 1538 2658 1597 erroris
2683 1544 2753 1597 ut
2771 1538 3068 1597 credatur

626 1618 989 1694 mendacio,”
1021 1624 1057 1677 2
1087 1618 1292 1678 Thess.
1319 1616 1382 1677 ii.
1408 1620 1512 1695 11;
1541 1626 1603 1677 et
1626 1617 1930 1677 innumera
1953 1616 2072 1676 elia
2094 1616 2242 1693 loca,
2261 1637 2392 1694 quas
2418 1616 2656 1677 fortiora
2681 1626 3064 1697 sunt,‚quam

628 1707 698 1759 ut
724 1698 799 1757 de
826 1698 985 1759 nuda
1007 1696 1385 1775 permissione
1410 1706 1793 1777 exponantur.
1875 1696 2050 1756 Alias
2073 1698 2349 1776 pleraque
2369 1697 2594 1775 judicia
2621 1697 2751 1773 Dei,
2781 1718 2924 1779 quse
2951 1720 3066 1777 per

629 1778 907 1856 reprobos
934 1785 1293 1855 exercentur,
1316 1785 1748 1853 enervarentur,
1773 1784 1836 1837 et
1854 1786 2050 1838 essent
2069 1776 2242 1837 nudes
2267 1778 2660 1856 permissionis
2680 1798 2851 1856 opus,
2877 1779 3061 1838 adeo-

628 1878 745 1936 que
784 1858 915 1937 ipsa
940 1856 1157 1919 Christi
1195 1876 1369 1933 mors,
1407 1878 1445 1918 a
1483 1877 1601 1936 qua
1638 1864 1766 1917 tota
1803 1856 2124 1936 redemptio
2163 1867 2364 1917 nostra
2399 1857 2647 1937 pendet;
2689 1878 2824 1917 cum
2851 1866 3063 1918 tamen

634 1956 911 2015 expresse
936 1945 1183 1999 testetur
1212 1937 1463 2016 Spiritus
1506 1938 1587 2015 8.,
1618 1936 1918 1998 Herodem
1943 1946 2006 1997 et
2035 1938 2306 1998 Pontium
2336 1936 2590 1997 Pilatum
2629 1937 2778 1996 nihil
2817 1935 3060 2011 fecisse,

636 2038 811 2095 quam
838 2017 997 2096 quod
1021 2036 1229 2079 manus
1247 2017 1361 2077 Dei
1386 2027 1447 2078 et
1474 2018 1799 2095 eonsilium,
1817 2018 1899 2077 id.
1921 2017 2218 2079 decretum
2245 2018 2375 2096 ejus
2401 2017 2626 2094 efficax,
2657 2026 2832 2078 antea
2856 2017 3062 2078 deter-

634 2098 957 2157 minaverat
980 2097 1124 2174 fieri,
1154 2096 1293 2159 Act.
1320 2099 1401 2159 iv.
1430 2102 1531 2159 28.
2437 2176 2453 2191 ·
2599 2176 2616 2191 ο
2915 2176 2935 2190 .

632 2218 1119 2337 Ἢὲἷῑῖξὶῗιῗΐ
1156 2176 2130 2336 ..iviossffifflstfflpsst
2152 2176 2671 2335 2211’020333233
2709 2176 3065 2336 ⁶33⁹&ss

692 2338 940 2407 ophtione
982 2350 1118 2385 οων
1156 2334 1296 2397 Tria
1340 2338 1706 2415 potissimum
1751 2337 1868 2398 huo
1913 2338 2222 2417 pertinent.
2289 2339 2343 2396 1.
2409 2338 2630 2399 oblatio
2673 2336 3054 2397 occasionum

698 2409 902 2441 nonum.
1162 2422 1219 2477 2.
1252 2417 1512 2477 Ἠαᾱίιίο
1536 2418 1791 2477 Satanoe.
1829 2418 1888 2477 3.
1915 2426 1978 2477 et
2001 2417 2328 2477 immediata
2353 2418 2473 2477 Dee·
2493 2418 2554 2477 in
2579 2419 2750 2477 corde
2769 2417 3054 2495 operatio.

642 2496 857 2572 Primo,
887 2496 1092 2557 oblat-‘o
1118 2496 1486 2572 occasionum,
1514 2516 1649 2575 quae
1674 2516 1794 2557 non
1821 2497 1948 2557 sine
1973 2498 2250 2575 peculiari
2294 2497 2406 2557 Dei
2431 2497 2797 2575 providentia
2835 2516 3050 2574 procn-

634 2576 751 2636 rari
770 2583 1029 2655 possunt,
1052 2596 1157 2655 per
1176 2576 1736 2638 circumstantiarum
1755 2596 2097 2638 concursum
2118 2585 2178 2638 et
2197 2577 2555 2656 objectorum
2573 2576 3048 2658 propositionem,

635 2677 769 2736 quse
808 2656 1113 2718 facultates
1152 2657 1264 2717 hoc
1291 2657 1389 2717 vel
1430 2657 1534 2718 illo
1572 2657 1749 2717 modo
1789 2657 2132 2718 constitutas
2173 2677 2536 2718 commovere
2563 2667 2699 2736 apta
2725 2664 2862 2717 nata
2887 2666 3046 2732 sunt,

634 2737 925 2816 quomodo
948 2737 1111 2798 Deus
1136 2737 1416 2798 malitiam
1442 2738 1505 2796 in
1530 2737 1831 2797 hominum
1857 2737 2082 2798 animos
2107 2757 2226 2798 non
2251 2737 2520 2814 infundit,
2549 2738 2655 2798 sed
2679 2738 2956 2797 latentem
2981 2736 3049 2794 in
3233 2732 3243 2795 ἰ

638 2825 901 2896 apertum
940 2816 1172 2878 educit:
1218 2817 1315 2877 Sic
1354 2816 1433 2877 ad
1470 2816 1515 2877 J
1518 2815 1722 2895 osephi
1751 2817 2147 2878 venditionem
2187 2837 2483 2878 occurrere
2523 2817 2661 2878 fecit
2699 2825 3048 2877 mematores

638 2896 1010 2971 Madianitas,
1052 2896 1287 2956 Aeliani
1325 2895 1629 2956 avaritiam
1668 2895 1858 2956 voluit
1895 2896 2140 2956 excitari
2183 2897 2260 2956 ad
2301 2907 2672 2976 conspectum
2719 2895 3044 2972 chlamydis

637 2975 1033 3052 Babyloniae,
1062 2975 1107 3036 J
1108 2993 1194 3036 os.
1222 2975 1344 3051 vii„
1374 2983 1435 3035 et
1473 2983 1541 3035 ut
1568 2975 1818 3035 Davidis
1851 2975 2086 3036 luxuria
2124 2976 2576 3038 inflammaretur
2611 2975 2872 3038 nuditate
2897 2975 3042 3034 Ber·-

638 3055 813 3116 sabae.
896 3053 1065 3116 Talia
1090 3062 1227 3114 sunt
1252 3054 1408 3115 dicta
1434 3063 1493 3114 et
1518 3053 1674 3115 facta
1711 3054 1775 3114 in
1801 3073 2008 3116 sensus
2046 3055 2414 3133 incurrentia,
2443 3056 2672 3136 quibus,
2714 3057 2854 3116 licet
2888 3054 3042 3114 bona

638 3134 757 3194 sint
782 3133 845 3194 in
873 3151 953 3209 se,
983 3142 1045 3196 et
1068 3133 1371 3212 ejusmodi,
1402 3134 1614 3212 quibus
1639 3135 1920 3196 deberent
1946 3135 2210 3212 emolliri,
2251 3155 2550 3216 perperam
2575 3145 2772 3198 tamen
2798 3133 3038 3194 abutun-

634 3221 733 3276 tur
758 3213 939 3292 impii,
968 3223 1029 3276 et
1054 3233 1161 3274 sua
1180 3214 1351 3292 culpa
1375 3213 1751 3294 indurantur3
1792 3214 1880 3277 Ut
1905 3215 2178 3276 mandata
2199 3217 2328 3293 Dei,
2359 3224 2418 3276 et
2443 3216 2632 3295 plagse
2653 3215 3038 3294 AEgyptiacae,

638 3313 710 3354 ae
734 3293 1003 3372 prodigia
1020 3294 1175 3355 facta
1202 3314 1395 3354 coram
1418 3294 1754 3374 Pharaone3
1798 3296 1879 3356 Et
1904 3295 2181 3356 miracula
2201 3296 2449 3374 Christi;
2491 3296 2596 3357 illa
2619 3313 2768 3374 quae,
2793 3295 3042 3354 Pharao-

641 3373 753 3450 nis,
784 3374 897 3436 ista
922 3395 1055 3452 quas
1080 3375 1125 3436 J
1126 3373 1425 3434 udaeorum
1452 3373 1629 3434 corda
1656 3375 1888 3436 flectere
1915 3375 2254 3452 debuerunt,
2283 3376 2473 3453 magis
2499 3375 2859 3436 indurarent.

1246 3453 1430 3514 XVI.
1472 3457 1532 3516 2.
1574 3455 1712 3515 Non
1749 3463 1977 3514 tantum
2017 3455 2349 3515 occasiones
2387 3465 2449 3514 et
2473 3455 2705 3533 objecta
2729 3452 2912 3530 offert,
2939 3451 3044 3512 sed

1168 3532 1416 3610 Satanae,
1446 3542 1507 3594 et
1548 3533 1963 3613 cupiditatibus
2003 3535 2126 3595 suis
2164 3534 2362 3612 pravis
2387 3535 2653 3594 homines
2678 3532 2873 3609 tradit,
2901 3551 3040 3611 quo-

1164 3614 1340 3674 modo
1368 3613 1634 3675 Gentiles
1675 3613 1886 3674 dicitur
1915 3614 2270 3674 “tradidisse
2298 3615 2461 3674 Deus
2487 3612 2900 3693 cupiditatibus
2926 3611 3046 3672 suis

640 3693 829 3770 foedis,
858 3702 918 3754 et
936 3694 1000 3754 in
1018 3694 1327 3771 reprobum
1347 3693 1641 3772 sensum,'’
1665 3692 1877 3752 Romi.
1898 3696 1996 3770 24,
2019 3697 2116 3769 26,
2140 3695 2238 3770 28,
2266 3693 2328 3753 in
2353 3713 2584 3773 posnam
2603 3691 3046 3774 praecedentium

641 3781 1028 3851 peccatorum.
1115 3774 1213 3834 Sic
1242 3776 1280 3808 ‘⁶
1301 3773 1539 3851 spiritus
1576 3773 1768 3832 malus
1793 3793 1832 3832 a
1856 3773 1901 3834 J
1901 3773 2091 3833 ehova
2125 3773 2338 3834 dicitur
2376 3773 2708 3852 exagitasse
2751 3771 3040 3847 Safflems’

646 3856 679 3911 1
715 3853 870 3914 Sam.
899 3852 1023 3912 xvi.
1055 3854 1149 3928 14,
1179 3860 1240 3912 et
1264 3852 1419 3912 mitti
1444 3849 1659 3913 dicitur
1683 3871 1720 3911 a
1748 3852 1876 3912 Deo
1903 3852 2141 3930 spiritus
2178 3853 2466 3912 mendacii
2503 3855 2567 3913 in
2593 3872 2660 3913 os
2698 3850 3043 3932 pseudopro-

643 3932 967 4009 phetarum,
1013 3934 1046 3989 1
1091 3932 1241 4009 Reg.
1282 3931 1428 3990 xxii.
1471 3933 1570 3990 22.
1655 3929 1832 3991 Unde
1873 3931 2002 3991 Deo
2047 3932 2138 3991 illi
2181 3932 2438 3992 habenas
2479 3932 2736 4009 laxante,
2781 3939 3044 4009 operatur

644 4009 952 4070 efficaciter
977 4009 1040 4067 in
1064 4009 1203 4069 filiis
1226 4008 1576 4084 rebellionis,
1608 4009 1760 4087 Eph.
1788 4009 1851 4068 ii.
1881 4015 1938 4071 2.
2009 4010 2288 4087 Quamvis
2313 4011 2469 4072 enim
2495 4021 2658 4074 tanto
2684 4013 2746 4070 in
2775 4011 2960 4070 Deum
2985 4017 3045 4070 et

642 4087 909 4148 homines
936 4088 1070 4147 odio
1098 4088 1327 4164 feratur,
1356 4097 1426 4148 ut
1452 4097 1657 4166 sponte
1695 4088 1955 4150 intentus
1983 4091 2060 4150 sit
2085 4091 2161 4150 ad
2187 4109 2388 4152 omnes
2413 4091 2662 4152 nocendi
2701 4090 3040 4164 occasiones,

644 4186 754 4226 nec
773 4166 896 4226 ullo
918 4166 1151 4226 stimulo
1170 4167 1448 4246 indigeat,
1476 4168 1614 4244 quia
1630 4175 1826 4228 tamen
1845 4170 1995 4229 nihil
2019 4178 2212 4248 potest
2231 4171 2474 4250 aggredi
2493 4171 2592 4231 vel
2617 4170 2830 4248 exequi
2847 4177 3044 4246 praetcr

649 4247 762 4306 Dei
788 4253 1011 4322 nutum,
1040 4246 1179 4306 hinc
1202 4245 1287 4322 fit,
1316 4254 1385 4306 ut
1409 4267 1446 4306 a
1473 4247 1603 4307 Deo
1628 4267 2042 4327 nonnunquam
2067 4249 2238 4326 mitti,
2267 4259 2328 4310 et
2353 4251 2512 4311 illius
2546 4251 2720 4329 jussu
2743 4249 2918 4327 impia
2943 4267 3040 4307 sua

648 4325 891 4386 consilia
917 4325 1130 4402 exequi
1154 4323 1398 4386 dicatur.
1482 4326 1571 4388 Ut
1596 4336 1790 4389 autem
1819 4329 2102 4389 Diabolus
2140 4329 2419 4390 trifariam
2460 4329 2708 4408 spectari
2746 4336 2934 4407 potest
2955 4347 3038 4386 re·

650 4413 851 4483 spectu
891 4404 1208 4482 hominum,
1253 4406 1351 4465 vel
1388 4412 1455 4466 nt
1486 4409 1772 4485 Tentator,
1813 4409 1913 4468 vel
1951 4416 2021 4468 ut
2059 4408 2386 4485 Accusator,
2429 4410 2528 4469 vel
2567 4416 2635 4469 ut
2679 4409 2950 4483 Oarmfex
2983 4415 3038 4466 et

654 4489 864 4546 Tortor
876 4509 903 4559 ,·
946 4486 1109 4546 Deus
1148 4484 1375 4545 tradere
1413 4495 1605 4564 potest
1643 4487 1908 4548 homines
1949 4487 2200 4548 Diabolo
2239 4487 2453 4567 triplici
2492 4489 2606 4549 hoe
2645 4487 2836 4563 mod0,
2865 4485 2954 4546 vel
2977 4494 3039 4545 ut

657 4565 963 4644 Tentatori,
992 4584 1171 4644 quum
1198 4565 1378 4627 mittit
1404 4565 1716 4626 efficaciam
1743 4567 1970 4644 erroris,
2001 4576 2068 4628 ut
2093 4568 2357 4628 homines
2383 4567 2622 4628 credant
2647 4565 2957 4643 mendacio,
2985 4573 3039 4625 et

708 3517 752 3565 2.
785 3519 848 3566 In
870 3518 1067 3568 Satams

742 3577 1027 3628 traditione.
