3300 5225
314 380 329 398 ,
420 331 651 388 QuAEsr.
680 316 795 401 1v.j
1304 333 1384 378 nn
1412 336 1626 380 murno
1655 333 1954 380 Arimino.
2721 309 2874 384 615‘

416 479 716 558 Scriptura
743 487 1230 556 commemoraret,
1261 499 1441 558 quum
1488 489 1662 540 vocat
1687 501 1788 541 eas
1831 478 2140 541 obstembes
2167 482 2559 559 Hebroeomm,
2588 477 2690 542 vel
2715 484 2838 542 He-

410 555 611 636 brocas,
646 561 787 619 satis
813 568 1007 620 tamen
1035 561 1307 620 docerent
1350 561 1477 639 ipsa
1519 562 1754 620 nomina
1779 562 1996 638 Siphra
2037 569 2098 622 et
2135 557 2322 638 Phua,
2353 581 2484 640 quae
2511 561 2642 622 duae
2681 563 2836 622 inter

412 640 611 718 plures
637 641 781 700 alias
808 640 1161 719 praecipuum
1188 640 1379 700 locum
1408 651 1601 701 tenere
1630 641 1994 718 videbantur,
2037 661 2170 718 quae
2212 641 2524 702 Hebraeam
2551 642 2834 720 originem

412 719 647 780 habent.
732 721 856 781 Nee
882 721 949 781 fit
976 722 1306 798 verisimile,
1331 721 1601 782 mulieres
1632 722 1916 782 Hebraeas
1935 741 2054 782 non
2079 723 2353 784 habuisse
2379 723 2725 784 obstetrices
2751 741 2832 783 ex

412 819 521 860 sua
547 809 737 878 gente,
768 802 1021 861 maxime
1048 822 1181 861 cum
1206 803 1360 862 inter
1386 802 1709 879 AEgyptios
1749 810 1809 862 et
1847 803 2132 866 Hebraeos
2159 812 2314 864 esset
2340 811 2542 864 mutua
2567 803 2834 882 quaedam

408 880 701 942 alienatiO.
786 882 1013 941 Deinde
1040 882 1178 942 licet
1204 879 1509 959 AEgyptiae
1535 882 1799 956 fiiissent,
1823 882 1982 959 quod
2007 890 2140 960 post
2165 883 2210 944 J
2211 885 2494 962 osephum
2520 904 2638 943 non
2665 882 2837 962 pauci

412 961 657 1038 volunt3
702 961 859 1038 quod
885 962 1146 1022 timuisse
1174 963 1367 1023 Deum
1394 961 1682 1038 dicuntur,
1726 961 1963 1023 inferret
2001 962 2234 1039 quidem
2263 963 2460 1041 aliquo
2488 963 2602 1023 Dei
2627 965 2836 1024 timore

412 1050 473 1100 et
500 1043 823 1102 reverentia
848 1042 1054 1102 ductas
1098 1041 1276 1102 fuisse
1324 1062 1402 1100 ex
1448 1041 1712 1119 reliquiis
1758 1041 1992 1104 luminis
2031 1043 2330 1120 naturalis,
2378 1053 2438 1103 et
2465 1045 2832 1104 conscientiae

406 1141 599 1198 sensu,
630 1143 760 1200 quae
788 1123 929 1200 ipsis
956 1122 1213 1186 dictabat
1256 1123 1473 1182 eaedem
1515 1122 1889 1182 innocentum
1937 1122 2242 1182 infantium
2285 1143 2414 1184 esse
2457 1125 2584 1183 Deo
2611 1125 2833 1192 abomi-

414 1202 697 1279 nandam3
747 1202 864 1262 Sed
890 1223 1009 1261 non
1036 1203 1327 1262 evinceret
1374 1201 1569 1262 statim
1597 1222 1738 1262 vero
1777 1210 1836 1262 et
1863 1197 2028 1260 filiali
2057 1202 2170 1263 Dei
2197 1202 2404 1264 timore
2431 1203 2612 1264 fuisse
2639 1205 2828 1265 imbu-

420 1292 527 1358 tas,
559 1284 661 1360 qui
689 1304 724 1342 a
749 1283 865 1342 fide
892 1283 1295 1360 proficiscitur.

496 1363 721 1422 XXX.
766 1363 899 1423 Non
926 1363 1113 1441 magis
1142 1363 1219 1423 ad
1243 1383 1367 1422 rem
1394 1360 1534 1422 facit
1564 1361 1899 1442 exemplum
1926 1362 2184 1424 Ralzabae
2209 1364 2536 1440 meretricis,
2564 1363 2704 1442 quia
2728 1384 2834 1442 per

416 1443 592 1502 fidem
620 1443 832 1502 dicitur
858 1445 1157 1522 excepisse
1205 1444 1619 1522 exploratoreS,
1648 1451 1710 1503 et
1748 1443 1996 1504 salutem
2039 1443 2378 1521 obtinuisse,
2431 1445 2588 1505 Heb.
2617 1445 2700 1504 xi.
2729 1447 2830 1522 31,

412 1524 513 1582 vel
542 1525 809 1599 Cornelii,
841 1522 979 1583 Act.
1008 1545 1069 1582 x.
1101 1527 1195 1597 31,
1226 1524 1393 1600 cujus
1434 1523 1818 1600 eleemosynae
1865 1523 1928 1582 in
1967 1532 2338 1601 conspectum
2369 1525 2483 1585 Dei
2526 1535 2827 1602 venerunt,

412 1612 475 1664 et
500 1605 603 1682 qui
629 1613 871 1664 vocatur
894 1601 1097 1679 δύωιιος,
1129 1607 1341 1679 aiv-offis,
1382 1607 1473 1662 καὶ
1514 1601 1816 1680 φοβούμενος·
1837 1608 1915 1662 τὶν
1943 1609 2102 1680 enin
2147 1604 2286 1681 quia
2325 1605 2440 1664 ista
2475 1605 2670 1684 elogia
2707 1626 2828 1664 non

414 1692 661 1762 possunt
686 1693 1011 1761 competere
1038 1684 1350 1762 irregenito
1378 1692 1437 1744 et
1464 1683 1704 1744 infideli.
1753 1721 1774 1736 κ
1788 1684 1928 1744 Fuit
1955 1705 2094 1762 ergo
2125 1685 2427 1746 Cornelius
2453 1687 2691 1762 gentilis
2717 1687 2830 1746 ori·

412 1765 569 1842 gine,
616 1764 721 1824 sed
766 1764 1048 1841 religione
1092 1764 1439 1842 proselytus,
1492 1765 1594 1841 qui
1636 1764 1700 1822 in
1743 1765 2024 1826 Messium
2068 1774 2377 1826 venturum
2423 1785 2558 1824 cum
2599 1767 2644 1826 J
2645 1765 2832 1826 udaeis

410 1843 753 1919 crediderat,
783 1844 922 1903 licet
947 1844 1113 1904 illum
1142 1864 1269 1906 esse
1297 1844 1342 1906 J
1344 1863 1507 1904 esum
1534 1844 1637 1921 qui
1653 1854 1893 1904 venerat
1918 1843 2178 1904 nondum
2206 1845 2394 1923 sciret,
2415 1845 2574 1924 quod
2599 1865 2636 1904 a
2657 1846 2834 1906 Petro

410 1924 717 2000 edocetur;
765 1924 963 1982 Potuit
1006 1943 1145 2001 ergo
1190 1943 1445 1982 crescere
1495 1925 1621 2000 ejus
1667 1923 1811 1982 fides
1857 1933 1916 1983 et
1961 1925 2289 1984 confirmari
2332 1945 2436 2003 per
2480 1927 2835 2003 praeconium

416 2005 594 2079 Petri,
622 2012 691 2063 ut
716 2010 915 2062 nosset
942 2004 985 2064 J
988 2024 1150 2062 esum
1176 2004 1239 2060 in
1283 2003 1594 2079 hypothesi
1640 2022 1770 2062 esse
1799 2004 2094 2078 Messiam,
2141 2005 2248 2064 sed
2289 2025 2406 2064 non
2433 2012 2572 2064 tunc
2598 2006 2834 2065 demum

412 2083 641 2142 initium
669 2083 891 2143 habuit.
976 2082 1203 2142 Habuit
1228 2101 1368 2159 ergo
1397 2091 1567 2141 antea
1594 2083 1984 2158 cognitionem
2006 2083 2220 2143 Christi
2247 2083 2602 2162 implicitam,
2635 2085 2686 2142 si
2710 2105 2833 2145 non

408 2163 761 2242 explicitam,
794 2171 853 2222 et
884 2163 1165 2241 Spiritum
1191 2162 1386 2240 quoad
1413 2163 1567 2222 dona
1596 2161 1888 2222 ordinaria
1933 2171 1993 2222 et
2040 2163 2286 2240 gratiam
2335 2172 2564 2242 gratum
2612 2163 2826 2224 facien·

414 2253 548 2319 tem,
580 2245 717 2303 licet
744 2263 861 2302 non
896 2243 1089 2320 quoad
1116 2242 1271 2302 dona
1296 2243 1770 2318 extraordinaria,
1801 2253 1860 2302 et
1886 2243 2082 2319 quoad
2107 2243 2324 2320 gratias
2352 2244 2534 2320 gratis
2561 2243 2750 2304 datas.

493 2324 755 2383 XXXI.
800 2324 1088 2400 Quicquid
1130 2323 1367 2382 affertur
1409 2322 1483 2382 de
1530 2323 1845 2416 virtutibus
1883 2323 2281 2398 Ethnioorum,
2316 2323 2570 2383 ostendit
2594 2323 2833 2401 quidem

411 2404 1289 2558 zztfffitthtssfflffl
1300 2403 2060 2561 .}‚2{?312320.3.2133.f¹¹25.3·;¹‚
2087 2403 2832 2561 ’ἕῑῖἶᾛὲἶῗζῗέἒὲἐὶῖἑ

410 2572 647 2641 possent
674 2564 923 2641 exequi5
966 2564 1073 2625 sed
1114 2584 1233 2624 non
1280 2563 1498 2625 evincit
1540 2563 1852 2643 quicquam
1879 2583 2049 2643 posse
2073 2563 2232 2625 circa
2256 2563 2474 2625 bonum
2510 2563 2832 2644 spirituale,

410 2654 479 2704 ut
504 2653 707 2723 postea
732 2644 918 2703 fusius
944 2647 1299 2705 ostendetur.

495 2724 791 2783 XXXII.
822 2726 1020 2784 Homo
1048 2724 1258 2785 dicitur
1288 2725 1400 2785 Dei
1428 2728 1669 2805 συηςγὶς,
1703 2726 1732 2781 1
1759 2724 2018 2785 Corinth.
2047 2724 2130 2784 iii.
2149 2726 2205 2802 9,
2235 2745 2354 2785 non
2373 2745 2490 2803 qua
2503 2734 2828 2805 corruptus,

412 2806 519 2865 sed
546 2826 665 2883 qua
691 2806 1005 2883 regenitus,
1036 2806 1137 2882 qui
1178 2805 1301 2883 agit
1328 2824 1405 2865 ex
1433 2805 1623 2881 gratia
1646 2804 1760 2865 sibi
1785 2805 2018 2866 collata.
2101 2805 2330 2865 Deinde
2370 2825 2488 2863 non
2515 2805 2710 2883 agitur
2743 2807 2830 2865 ibi

414 2886 645 2963 proprie
668 2886 739 2945 de
758 2886 1161 2965 cooperatione
1177 2885 1255 2944 ad
1278 2885 1752 2963 resipiscentiam,
1783 2884 1890 2945 sed
1915 2885 1991 2943 ad
2017 2883 2342 2945 functiones
2370 2885 2830 2946 Ecclesiasticus.

494 2966 827 3031 XXXIII.
872 2964 1065 3041 Quum
1110 2966 1329 3025 Paulus
1370 2966 1467 3041 ait,
1516 2969 1546 3023 1
1580 2964 1841 3025 Corinth.
1869 2984 1974 3025 xv.
2007 2968 2100 3042 10,
2147 2968 2184 3000 “
2213 2966 2345 3043 Ego
2384 2965 2518 3043 plus
2561 2966 2831 3025 omnibus

412 3044 709 3121 laboravi3
756 3046 889 3105 Non
915 3056 1110 3105 tamen
1138 3065 1266 3123 ege,
1298 3046 1402 3105 sed
1430 3045 1619 3123 gratia
1646 3045 1762 3105 Dei
1787 3046 2072 3122 mecum,''
2101 3064 2221 3104 non
2247 3046 2376 3105 vult
2403 3045 2666 3105 dividere
2698 3046 2833 3106 boni

414 3126 606 3202 operis
634 3144 867 3184 causam
906 3126 1059 3187 inter
1086 3144 1148 3185 se
1177 3134 1237 3185 et
1263 3125 1543 3202 gratiam;
1593 3124 1711 3185 Sed
1751 3126 1812 3184 in
1841 3126 2091 3186 solidum
2119 3146 2246 3185 eam
2271 3126 2476 3185 tribuit
2503 3127 2724 3203 gratiae,
2765 3135 2834 3186 ut

415 3214 639 3264 textum
672 3204 941 3265 Graeeum
984 3204 1307 3263 attendenti
1333 3212 1527 3280 patet;
1573 3205 1707 3263 Non
1756 3205 1898 3266 dicit
1925 3205 2078 3265 enim
2122 3205 2445 3283 Apostolus
2473 3208 2498 3269 ἦ
2527 3207 2678 3287 χαίςις
2716 3209 2836 3266 θεοῦ

408 3286 497 3342 σὺν
519 3285 638 3358 ἐμοὶ,
672 3283 859 3358 gratia
887 3283 999 3341 Dei
1040 3304 1285 3369 mecum,
1317 3291 1383 3342 ut
1430 3284 1583 3343 mala
1624 3284 1741 3343 fide
1787 3286 2050 3345 redditur
2091 3306 2128 3344 a
2153 3285 2232 3346 V.
2245 3286 2342 3360 V„
2375 3287 2529 3351 sedni
2567 3288 2718 3368 χάςις
2745 3294 2835 3346 τοῦ

404 3368 540 3439 sut,
572 3366 597 3427 ui
626 3364 710 3423 σὺν
738 3364 857 3439 ἔμοι,
894 3363 1107 3423 Gratia
1132 3363 1265 3437 Dei,
1298 3382 1423 3437 quae
1448 3382 1660 3421 mecum
1685 3372 1782 3420 est.
1869 3365 1964 3422 Ita
1989 3384 2106 3423 non
2148 3366 2278 3424 vult
2302 3366 2502 3425 venire
2529 3368 2590 3425 in
2616 3368 2835 3426 laboris

411 3444 762 3518 societatem,
794 3443 898 3502 sed
925 3442 1083 3519 quod
1108 3442 1183 3501 de
1212 3463 1273 3501 se
1302 3442 1546 3517 dixerat,
1576 3460 1682 3518 per
1705 3441 1998 3517 quandam
2028 3444 2458 3519 epanorthosim
2487 3446 2741 3522 corrigit,
2769 3456 2834 3505 et

414 3525 616 3601 gratiss
646 3524 755 3583 soli
782 3523 911 3582 vult
939 3530 1239 3599 acceptum
1268 3522 1435 3581 ferre.
1518 3520 1748 3581 Deinde
1775 3520 1942 3581 labor
1967 3521 2080 3581 iste
2105 3522 2351 3581 refertur
2376 3522 2453 3581 ad
2491 3523 2676 3601 ipsius
2721 3526 2830 3584 mi-

413 3604 731 3677 nisterium,
762 3623 881 3661 non
908 3622 1049 3661 vero
1077 3602 1151 3659 ad
1176 3602 1304 3678 ejus
1332 3601 1843 3679 regenerationem.
2377 3612 2383 3617 '

490 3684 813 3744 XXXIV.
858 3682 1137 3757 Quamvis
1168 3682 1329 3741 Deus
1357 3682 1582 3741 dicatur
1606 3690 1761 3739 stare
1786 3682 1871 3741 ad
1893 3680 2108 3756 ostium,
2141 3678 2297 3757 Ap0.
2325 3680 2406 3739 iii.
2451 3684 2546 3757 20,
2599 3691 2659 3741 et
2694 3686 2830 3759 pul-

410 3784 559 3840 sare,
594 3764 727 3823 Non
754 3764 1015 3840 sequitur
1038 3761 1331 3819 hominem
1358 3761 1573 3819 habere
1598 3760 1756 3819 vires
1783 3760 2078 3837 aperiendi
2106 3780 2181 3819 ex
2209 3779 2308 3837 se3
2349 3761 2488 3839 quia
2514 3762 2614 3821 vel
2639 3762 2834 3823 adstat

410 3844 705 3922 regenitiS,
726 3850 785 3902 et
812 3842 1021 3919 pulsat,
1044 3851 1109 3901 ut
1135 3850 1373 3901 utantur
1399 3841 1586 3917 gratia
1606 3841 1732 3917 jam
1761 3840 1988 3915 collata,
2019 3840 2097 3901 ad
2123 3840 2498 3917 aperiendum
2524 3862 2630 3918 per
2655 3840 2833 3901 fidem

412 3934 473 3983 et
498 3923 924 3997 obedientiam3
968 3922 1067 3980 vel
1112 3920 1458 3997 irregenitis,
1488 3920 1591 3996 qui
1634 3929 1770 3978 sunt
1817 3920 1918 3979 vel
1943 3920 2132 3995 electi,
2179 3919 2391 3996 quibus
2417 3922 2702 3999 pulsando
2730 3922 2834 3983 dat

410 4024 515 4082 per
547 4003 825 4081 Spiritum
854 4002 1008 4061 vires
1034 4000 1345 4078 aperiendi,
1376 3999 1471 4059 vel
1500 4000 1746 4077 reprobi,
1779 4019 2024 4077 quorum
2052 4018 2153 4059 cor
2177 4019 2294 4057 non
2321 3999 2533 4059 frustra
2549 4002 2830 4080 pulsatur,

411 4085 519 4144 sed
545 4093 611 4144 ut
638 4092 831 4161 pateat
857 4082 1147 4141 hominem
1171 4081 1331 4158 juste
1356 4079 1635 4153 damnari,
1682 4099 1814 4139 cum
1855 4079 2020 4139 Deus
2059 4079 2208 4139 nihil
2233 4080 2605 4143 intermiserit
2631 4102 2841 4143 eorum·

411 4184 545 4241 quae
574 4163 651 4221 ad
676 4161 1172 4222 conversationem
1203 4161 1459 4237 ipsorum
1484 4160 1792 4219 faciebant.

496 4243 783 4303 XXXV.
828 4242 927 4301 Ab
965 4241 1197 4301 homine
1240 4241 1471 4317 integro
1512 4238 1590 4299 ad
1638 4246 1970 4317 corruptum
2019 4259 2136 4299 non
2178 4238 2338 4299 valet
2381 4242 2831 4319 consequentia:

416 4322 743 4400 Syracides,
790 4342 917 4399 eap.
946 4342 1047 4380 xv.
1082 4323 1173 4395 14,
1220 4319 1295 4379 de
1336 4320 1439 4379 illo
1486 4319 1626 4397 agit,
1677 4338 1795 4379 non
1843 4318 1916 4379 de
1963 4318 2096 4395 isto,
2145 4340 2324 4397 quum
2351 4320 2434 4379 ait
2475 4322 2513 4355 “
2542 4322 2732 4379 Deum
2760 4322 2833 4381 ab

410 4402 579 4463 initio
608 4402 977 4463 constituisse
1004 4400 1295 4459 hominem
1322 4400 1381 4457 in
1408 4419 1583 4457 manu
1610 4398 1842 4459 consilii
1869 4399 2020 4474 sui,''
2051 4396 2162 4459 810.
2191 4407 2256 4459 ut
2283 4400 2366 4458 ita
2393 4400 2686 4459 describat
2713 4408 2830 4459 sta-

410 4492 535 4541 tum
564 4482 923 4555 innocentiae,
944 4488 1004 4539 et
1019 4480 1190 4557 primi
1210 4479 1459 4538 hominis
1476 4478 1886 4553 conditionem,
1929 4488 1989 4538 et
2003 4478 2348 4539 libertatem.
2391 4479 2448 4535 N
2449 4499 2517 4537 ec
2539 4477 2589 4537 si
2609 4479 2832 4539 homini

410 4571 683 4639 corrupto
710 4562 924 4639 apponi
940 4560 1228 4618 diceretur
1247 4558 1371 4617 vita
1396 4568 1455 4618 et
1474 4578 1647 4634 mors,
1667 4558 1885 4619 bonum
1913 4566 1973 4619 et
1997 4558 2232 4631 malum,
2249 4565 2318 4616 ut
2342 4557 2488 4615 illud
2515 4577 2830 4636 consequa-

414 4652 511 4703 tur
558 4641 717 4723 quod
762 4642 887 4719 ipse
932 4638 1189 4717 elegerit,
1256 4637 1389 4699 ideo
1434 4637 1550 4717 ipsi
1595 4637 1908 4699 tribuenda
1961 4646 2116 4698 esset
2157 4637 2396 4696 libertas
2435 4636 2838 4700 indifferentiae
