3300 5225
314 325 547 376 qus-:sn
578 304 738 387 vnn]
1203 325 1281 367 nn
1312 326 1714 367 rnovmnnria
1743 328 1863 368 nm.
2606 312 2722 368 473

316 467 553 528 modius
576 486 681 545 per
708 486 779 527 ea
803 465 1099 545 designari
1124 466 1333 527 volunt
1356 470 1567 546 Legem
1591 468 1778 546 ipsam
1806 468 1922 528 Dei
1947 476 2066 528 tam
2093 467 2387 545 moralem,
2419 488 2593 545 quam
2620 488 2730 527 Θω-

317 546 715 618 remonialem,
743 566 875 625 quse
900 567 1015 606 non
1038 549 1187 607 bona
1212 547 1441 625 dicitur,
1471 548 1569 607 vel
1596 548 1736 627 quia
1760 548 1972 609 inutilis
1997 547 2075 607 ad
2115 548 2378 623 salutem,
2409 548 2546 625 quia
2573 548 2733 606 infir·-

318 648 419 687 ma
444 627 507 685 in
554 646 741 703 carne,
774 627 944 685 Rom.
974 627 1096 687 viii.
1126 630 1183 705 3,
1213 628 1311 687 vel
1354 629 1493 706 quia
1536 629 1770 705 ingrata
1817 637 1876 688 et
1922 628 2202 704 insuavia,
2231 637 2298 688 ιιτ
2336 630 2538 687 bonum
2579 646 2733 705 saepe

321 706 572 767 sumitur
596 726 703 786 pro
714 708 989 783 jucundo,
1021 707 1171 767 Gen.
1200 707 1284 765 iii.
1304 710 1360 784 6,
1390 716 1451 767 et
1485 708 1569 767 ita
1596 717 1839 769 vocatur
1865 708 2052 767 alibi
2026 728 2238 786 jugum
2266 728 2446 785 grave
2473 716 2535 767 et
2559 708 2731 775 ἀβάσ-

318 812 504 847 τακτον
526 786 663 847 Act.
692 806 794 846 xv.
817 790 911 863 10,
939 785 1037 846 vel
1064 787 1201 865 quia
1226 788 1405 846 noxia
1430 795 1490 846 et
1516 789 1782 863 exitialis,
1807 807 1927 847 non
1952 808 2057 867 per
2083 808 2164 864 se,
2184 788 2289 847 sed
2314 808 2420 867 per
2446 786 2732 863 accidenS,

320 876 561 945 propter
582 866 835 926 hominis
861 867 1259 944 pervicaciam,
1291 887 1425 960 quo·
1434 887 1608 927 sensu
1635 867 1777 927 alibi
1803 878 2047 929 vocatur
2073 869 2240 927 litera
2265 868 2532 943 occidens,
2553 876 2606 927 et
2629 867 2734 925 mi-

318 947 615 1007 nisterium
640 948 1129 1023 condemnationis,
1160 951 1197 1006 2
1228 948 1359 1007 Cor.
1388 946 1470 1005 iii.
1501 950 1556 1023 6,
1588 952 1645 1006 7.
1744 1000 1755 1007 ,

407 1025 740 1086 XXXIII.
784 1026 975 1101 Quum
1004 1026 1249 1086 dicimus
1288 1045 1423 1085 eum
1454 992 1750 1105 Scriptura
1788 1036 2026 1105 peccata
2060 1026 2360 1087 hominum
2387 1046 2424 1086 a
2452 1028 2580 1085 Deo

320 1107 493 1183 mitti,
526 1115 585 1166 et
610 1106 918 1165 efficaciter
943 1106 1019 1165 sd
1044 1107 1261 1166 bonum
1288 1106 1464 1165 finem
1492 1106 1684 1183 dirigi,
1714 1126 1830 1165 non
1857 1106 2129 1166 volumus
2168 1116 2406 1185 peccata
2431 1114 2491 1165 et
2519 1126 2670 1166 seee
2639 1124 2738 1165 era

318 1188 607 1246 malorum
634 1205 763 1246 esse
789 1186 945 1245 bona
970 1205 1181 1263 opera;
1224 1185 1330 1245 sed
1368 1186 1433 1245 in
1472 1186 1788 1270 operibus,
1788 1206 1920 1263 quae
1959 1206 1998 1243 a
2035 1186 2204 1245 malis
2230 1193 2548 1264 patrantur,
2578 1186 2736 1264 ipsos

320 1276 517 1327 motus
544 1275 603 1326 et
630 1266 887 1325 actiones
914 1285 1043 1325 esse
1070 1285 1245 1343 opera
1269 1264 1466 1325 bona
1450 1285 1513 1323 ιιι
1539 1285 1750 1343 genere
1765 1244 1946 1341 entia,
1977 1273 2038 1325 et
2053 1266 2220 1343 justa
2253 1265 2365 1325 Dei
2385 1265 2628 1343 judicia,
2659 1268 2734 1325 si-

324 1342 427 1405 cut
450 1345 631 1421 ἀνομίαι
657 1354 918 1405 motuum
945 1354 1005 1405 et
1044 1346 1337 1404 actionum
1365 1355 1457 1407 est
1494 1345 1790 1405 moraliter
1827 1345 1998 1421 mala,
2027 1354 2088 1403 et
2114 1366 2151 1404 a
2173 1346 2362 1404 malis.
2449 1346 2542 1403 Ita
2580 1347 2736 1409 mala

319 1426 575 1485 hominis
602 1425 863 1518 intentio,
892 1444 1012 1483 non
1037 1432 1127 1484 est
1154 1445 1191 1484 a
1218 1424 1391 1484 Deo
1373 1445 1434 1483 ιιι
1460 1444 1674 1503 genere
1701 1425 1896 1500 moris,
1925 1424 2030 1484 sed
2056 1432 2282 1485 tantum
2309 1424 2372 1483 in
2399 1444 2611 1503 genere
2631 1446 2732 1486 en-

318 1506 418 1565 tis.
502 1507 557 1564 N
560 1526 627 1565 ec
655 1506 705 1564 si
730 1504 865 1563 finis
892 1504 1197 1563 conciliare
1226 1503 1439 1564 dicitur
1484 1504 1694 1563 mediis
1732 1504 2052 1564 bonitatem
2080 1513 2139 1564 et
2165 1505 2597 1580 amabilitatem,
2641 1528 2732 1567 se-

322 1586 521 1662 quitur
546 1592 801 1663 peccata,
830 1584 969 1661 quia
1008 1582 1347 1644 ordinantur
1384 1604 1421 1643 a
1463 1583 1591 1643 Deo
1618 1582 1696 1643 ad
1721 1585 1938 1643 bonum
1977 1583 2170 1659 finem,
2201 1603 2328 1644 esse
2356 1583 2546 1643 bona·
2531 1631 2546 1661 ,
2596 1588 2734 1662 quia

322 1664 741 1725 axioma-valet
766 1674 991 1724 tantum
1018 1663 1093 1723 de
1120 1663 1343 1741 mediis,
1374 1684 1503 1742 quae
1530 1684 1634 1742 per
1663 1683 1725 1722 se
1753 1663 1829 1722 ad
1854 1664 2070 1724 bonum
2107 1664 2284 1723 finem
2309 1663 2572 1741 tendunt,
2615 1687 2733 1725 non

324 1745 398 1805 de
426 1746 515 1821 iis,
546 1765 677 1822 quae
704 1753 913 1822 praeter
938 1752 1203 1804 naturam
1230 1764 1397 1805 suam
1422 1763 1461 1803 a
1487 1744 1601 1803 Dei
1628 1744 1912 1823 sapientia
1938 1752 1998 1803 et
2016 1744 2276 1822 potentia
2301 1743 2379 1804 ad
2403 1744 2570 1805 illum
2598 1746 2736 1806 diri—

324 1833 558 1903 guntur,
589 1824 761 1901 quale
786 1833 878 1884 est
902 1832 1223 1902 peceatum.

409 1904 731 1963 XXXIV.
774 1904 1005 1981 Regula
1032 1904 1323 1982 Apostoli
1336 1904 1505 1963 Rom.
1534 1904 1617 1963 iii.
1646 1905 1704 1980 8,
1734 1905 1874 1964 Non
1882 1904 2162 1979 sumenda
2189 1914 2303 1964 esse
2328 1908 2504 1981 mala,
2533 1914 2734 1966 uteve·

322 1984 488 2045 niani
512 1985 675 2059 bona,
704 2004 822 2043 non
848 1984 963 2042 huc
990 1984 1255 2061 pertinet,
1285 1983 1423 2061 quia
1449 1982 1607 2042 aliud
1636 1992 1728 2043 est
1738 1987 1946 2058 facere
1967 1987 2140 2060 mala,
2169 1984 2331 2043 aliud
2356 2004 2496 2045 vero
2518 2004 2586 2043 ea
2595 2007 2735 2063 per-

322 2066 559 2140 mittere,
586 2064 685 2122 vel
713 2063 788 2121 ad
814 2064 1015 2121 bonum
1079 2084 1205 2123 nem
1230 2064 1493 2139 diriqere,
1524 2071 1585 2121 et
1610 2062 1672 2121 in
1699 2063 1916 2123 bonum
1945 2071 2317 2141 convertere3
2375 2064 2567 2123 illud·
2551 2066 2738 2142 mjus-

322 2145 485 2221 τίτίω,
527 2144 639 2204 hoc
681 2143 994 2221 sapientise,
1066 2143 1318 2217 enitatis,
1362 2150 1421 2203 et
1460 2142 1752 2219 potentiss.
1836 2147 1893 2204 2.
1925 2143 2295 2219 Hominibus,
2325 2143 2427 2219 qui
2469 2144 2728 2223 enatem,

326 2244 445 2284 non
474 2224 661 2285 solum
688 2244 807 2283 non
832 2223 971 2282 licet
996 2222 1151 2281 mala
1175 2222 1381 2317 facere,
1412 2222 1517 2282 sed
1542 2242 1616 2281 ne
1644 2222 1880 2300 quidem
1907 2223 2255 2322 permittere,
2285 2242 2392 2282 nec
2428 2224 2564 2283 talis
2603 2245 2734 2303 per-

324 2305 527 2364 missio
552 2313 749 2383 posset
776 2304 837 2361 in
863 2302 981 2362 illis
1008 2303 1135 2361 dari
1162 2303 1285 2362 sine
1312 2302 1477 2363 vitio.
1542 2302 1663 2361 Sed
1685 2303 1796 2361 Dei
1817 2302 1920 2381 qui
1939 2310 2028 2361 est
2052 2300 2379 2377 ἇυυπείιθωος,
2411 2323 2528 2361 non
2543 2312 2737 2381 potest

324 2404 454 2445 esse
482 2384 683 2443 eadem
710 2383 875 2459 ratio,
906 2383 1007 2477 qui
1036 2383 1281 2460 optimas
1309 2391 1369 2442 et
1409 2382 1862 2461 sapientissimas
1898 2382 2075 2442 habet
2113 2382 2481 2461 permittendi
2511 2403 2732 2444 causas.

324 2468 383 2525 3.
416 2466 481 2524 Si
507 2464 819 2541 aliquando
849 2458 1145 2541 Scriptura
1186 2462 1327 2522 dicit
1354 2462 1545 2523 Deum
1584 2462 1775 2522 facere
1809 2462 2045 2539 malum,
2074 2463 2186 2521 hoe
2213 2482 2330 2523 non
2357 2462 2634 2541 intelligit
2661 2464 2732 2523 de

314 2546 481 2604 ‘malo
508 2543 925 2624 reduplicative
952 2563 1069 2622 qua
1094 2543 1265 2620 ma10,
1297 2562 1413 2621 quo
1440 2562 1616 2602 sensu
1656 2562 1775 2601 non
1800 2551 1992 2622 potest
2027 2542 2239 2603 habere
2267 2542 2547 2601 rationem
2575 2543 2730 2620 boni,

326 2626 431 2685 sed
460 2634 747 2703 quatenus
788 2625 967 2683 habet
1006 2625 1289 2683 rationem
1322 2623 1549 2702 judicii,
1580 2631 1639 2682 et
1680 2631 1771 2682 est
1807 2623 2170 2682 conducibile
2211 2631 2272 2685 et
2298 2623 2617 2684 ordinabile
2659 2625 2735 2687 ad

325 2707 527 2784 gloriae
556 2725 677 2765 suae
701 2705 1161 2779 illustrationem,
1191 2725 1309 2797 quo
1338 2723 1511 2763 sensu
1536 2703 1716 2764 habet
1740 2704 2022 2763 rationem
2049 2704 2206 2763 boni.

406 2785 693 2845 XXXV.
758 2785 1188 2861 Qualiscunque
1236 2785 1313 2843 sit
1354 2783 1503 2842 Dei·
1512 2783 1666 2844 actio
1707 2783 1861 2843 circa
1896 2793 2214 2862 peecatum,
2244 2783 2406 2842 nulla
2429 2791 2736 2863 propterea

324 2865 716 2926 excusationis
744 2865 890 2924 ratio
914 2873 1107 2943 potest
1124 2863 1363 2923 obtendi
1388 2883 1423 2922 a
1448 2872 1789 2957 peccatore·
1835 2864 1974 2924 Sive
1995 2863 2131 2940 quia
2157 2863 2359 2941 implet
2374 2865 2734 2924 voluntatem

325 2946 476 3004 Dei·
461 2968 477 3022 ;
520 2945 661 3023 quia
684 2945 958 3004 voluntas
984 2964 1102 3003 non
1130 2952 1221 3005 est
1246 2944 1505 3003 revelata
1530 2951 1591 3002 et
1617 2942 1789 3020 signi,
1818 2951 1950 3021 qu'se
1976 2943 2038 3002 in
2071 2944 2332 3020 regulam
2359 2944 2496 3002 vitae
2524 2965 2732 3022 propo-

324 3027 499 3101 nitur,
529 3025 633 3084 sed
680 3025 907 3084 occulta
954 3032 1013 3084 et
1058 3023 1427 3118 beneplaciti,
1453 3042 1627 3101 quam
1669 3024 1900 3100 ignorat
1945 3032 2004 3083 et
2043 3023 2278 3083 minime
2321 3024 2584 3100 attendit,
2615 3045 2734 3083 non

324 3104 574 3183 probans
602 3113 703 3163 aut
721 3106 1034 3198 imperans,
1066 3104 1169 3163 sed
1199 3103 1523 3182 justissime
1565 3103 1918 3178 deeemens;
1967 3104 2105 3163 Sive
2145 3104 2284 3183 quia
2309 3104 2598 3164 voluntati
2636 3105 2737 3165 isti

324 3185 517 3244 resisti
562 3184 765 3261 nequit
812 3183 887 3242 ab
930 3183 1201 3242 homine·
1186 3229 1201 3259 ,
1264 3184 1402 3260 quia
1450 3182 1727 3260 quicquid
1775 3192 1864 3242 est
1903 3149 2000 3243 l1i0
2039 3185 2389 3259 necessitatis,
2418 3184 2486 3244 fit
2511 3185 2734 3244 ratione

326 3275 562 3340 eventm,
607 3284 727 3322 non
769 3263 991 3323 ratione
1036 3264 1191 3321 modi
1231 3264 1477 3338 ayendi5
1532 3263 1959 3339 infallibilitate,
2001 3283 2119 3323 non
2163 3264 2505 3338 coactionis;
2546 3285 2732 3324 conse·

327 3346 578 3422 quentiae,
610 3352 669 3403 et
692 3345 991 3402 secundum
1021 3337 1173 3418 quid,
1204 3361 1322 3400 non
1362 3343 1628 3401 absolutos
1655 3351 1717 3401 et
1747 3345 2161 3418 consequentis;
2205 3343 2376 3404 Unde
2407 3344 2625 3404 Paulus
2667 3365 2733 3404 os

327 3424 681 3485 occludens
663 3423 891 3516 impiis,
910 3423 1051 3490 Quis
1078 3441 1135 3480 es
1162 3442 1196 3480 ο
1222 3423 1401 3496 Ιιοπιο,
1434 3422 1637 3498 inquit,
1670 3422 1771 3498 qui
1805 3442 2102 3496 responsas
2128 3426 2274 3498 Deo,
2307 3423 2477 3482 Rom.
2507 3425 2586 3484 ix.
2635 3427 2729 3500 19,

326 3507 405 3564 20
424 3507 454 3563 Ρ
498 3505 635 3564 Sive
662 3505 801 3580 quia
828 3502 1029 3562 Deus
1010 3521 1136 3595 ipse
1165 3501 1433 3560 indurare
1456 3509 1515 3560 et
1535 3521 1832 3560 excaecare
1853 3501 2102 3560 dicitur·
2087 3547 2102 3578 ,
2145 3503 2283 3579 quia
2303 3503 2452 3561 aetio
2483 3504 2594 3561 Dei
2615 3524 2733 3563 non

326 3585 535 3644 evertit
558 3585 883 3643 libertatem
912 3581 1155 3641 actionis
1181 3581 1449 3658 hominis,
1481 3581 1618 3658 quia
1641 3581 1727 3640 ita
1753 3580 2054 3639 induratur
2080 3588 2138 3639 et
2165 3589 2496 3641 excoecatur
2521 3603 2556 3640 a
2585 3583 2731 3659 Deo,

325 3673 391 3724 ut
418 3665 670 3750 seipsum
696 3665 870 3722 etiam
898 3661 1188 3721 liberrime
1216 3670 1475 3720 excoeeet
1502 3672 1560 3720 et
1586 3661 1834 3735 induret,
1877 3669 2000 3720 tum
2028 3661 2166 3737 quia
2192 3661 2343 3720 actio
2372 3661 2484 3720 Dei
2518 3662 2731 3740 judici-

326 3745 433 3805 alis
458 3745 565 3821 est,
595 3763 771 3823 quam
796 3743 1061 3804 homines
1086 3741 1341 3821 peccatis
1368 3741 1490 3802 suis
1515 3705 1977 3820 proeceden’tibus
2005 3748 2142 3800 sunt
2159 3741 2283 3818 jani
2310 3743 2623 3820 promeriti.

1218 3982 1607 4058 QUAESTIO
1649 3981 1835 4044 vm.

324 4145 418 4204 An
460 4165 535 4205 ex
561 4145 844 4205 Doctrina
885 4152 1084 4204 nostra
1124 4153 1409 4221 sequatur,
1440 4152 1495 4202 et
1535 4144 1783 4221 leqitinza
1821 4143 2208 4220 consequentia
2245 4142 2371 4201 elici
2402 4143 2597 4219 possit,
2629 4163 2730 4203 nos

401 4228 591 4284 Deum
601 4227 805 4300 facere
832 4225 1127 4284 authorem
1144 4224 1371 4300 peccati
1386 4226 1414 4283 ,ἲ
1442 4223 1611 4302 Neg.,
1632 4233 1834 4283 contra
1855 4221 2208 4299 PontificioS,
2237 4222 2591 4300 Socinianos,
2615 4223 2728 4283 Re-

400 4313 805 4379 monstrantes,
836 4312 895 4364 et
923 4304 1305 4364 Lutheranos.

402 4465 453 4525 1.
498 4464 667 4525 Licet
692 4464 1024 4525 innocentia
1050 4464 1346 4524 Doctrinae
1375 4463 1731 4524 Orthodoxae
1758 4463 1911 4522 circa
1934 4462 2048 4522 hoe
2075 4470 2495 4541 argumentum,
2521 4461 2731 4540 saepius

321 4545 402 4605 ita
429 4545 583 4606 clare
610 4553 671 4606 et
696 4545 882 4604 solide
908 4553 1131 4605 asserta
1158 4545 1235 4606 sit
1274 4564 1312 4605 a
1337 4544 1567 4604 Nostris
1606 4544 1888 4604 adversus
1915 4551 2139 4603 atroces
2165 4543 2500 4617 calumnias,
2529 4550 2590 4601 et
2614 4542 2730 4601 illi-

320 4626 537 4687 beralia
580 4625 855 4703 convitia,
902 4625 1115 4704 quibus
1162 4624 1455 4705 proscindi
1502 4624 1654 4684 solet
1693 4624 1770 4683 ab
1796 4623 2186 4700 Adversariis,
2215 4630 2283 4683 ut
2321 4621 2468 4682 nihil
2493 4641 2730 4698 necesse
