3300 5225
301 360 526 415 QUAEST·
556 342 694 425 xm]
1289 364 1382 415 ns,
1397 364 1755 406 rnnonoou.
2635 338 2711 405 37

299 504 446 567 alias
487 504 538 563 si
577 502 982 564 universaliter
1021 503 1357 583 procederet
1401 514 1824 583 argumentum,
1854 512 1915 565 et
1955 504 2005 565 si
2052 504 2191 584 quia
2214 501 2363 565 ratio
2392 476 2719 582 ‘aliquando

299 584 537 660 fallitur,
566 584 728 643 nulla
753 583 842 642 illi
869 582 1198 643 adhibenda
1223 594 1378 645 essct
1395 585 1541 645 fides
1563 608 1580 662 ;
1623 594 1961 663 sequeretur
1976 604 2205 645 omnem
2226 602 2429 644 revera
2452 582 2718 643 notitiam

199 732 209 739 ‚
299 672 362 723 et
388 662 791 723 certitudinem
818 663 946 723 tolli
974 662 1048 723 de
1073 664 1310 740 mundo,
1337 674 1400 726 et
1425 666 1713 725 introduci
1742 666 2219 744 Pyrrhonismum
2236 671 2295 724 et
2314 660 2681 735 ἀκαταληψίαν
2696 692 2716 733 ³

300 744 388 803 sic
414 742 714 803 tolleretur
739 742 926 802 omnis
953 744 1236 803 certitudo
1265 764 1486 821 sensus,
1505 746 1646 824 quia
1669 745 1981 823 aliquando
2007 745 2174 821 fallit,
2196 744 2355 823 quod
2374 744 2717 803 absurdissi-

299 843 460 883 mum
487 842 616 881 esse
641 822 836 900 quivis
861 821 1030 881 facile
1055 823 1363 903 intelligit;
1405 845 1540 885 nam
1566 824 1933 885 fallibilitatis
1958 825 2217 903 potentia
2251 843 2370 883 non
2396 824 2721 883 necessario

301 903 612 981 conjuncta
637 910 727 961 est
755 920 886 961 cum
913 910 1064 979 actu,
1083 904 1201 962 imo
1229 904 1422 963 caveri
1447 913 1641 983 potest
1660 926 1735 964 ne
1750 914 1923 965 exeat
1948 905 2011 963 in
2036 912 2245 979 actum,
2270 902 2545 963 adhibitis
2571 903 2717 981 legi·

302 982 460 1041 timis
500 981 742 1042 mediis:
829 982 913 1043 Ut
953 1002 1092 1060 ergo
1135 983 1420 1042 liberandi
1463 994 1598 1044 sunt
1641 1004 1847 1044 sensus
1894 984 1969 1043 ab
2016 983 2460 1061 impedimentis,
2505 983 2719 1061 quibus

301 1082 500 1122 eorum
527 1060 814 1121 certitudo
841 1061 1149 1139 inhibetur,
1180 1082 1310 1141 quae
1337 1064 1434 1123 vel
1461 1064 1522 1122 in
1549 1065 1796 1142 objecto,
1836 1064 1933 1124 vel
1958 1064 2022 1122 in
2047 1064 2255 1139 medio,
2284 1063 2383 1122 vel
2409 1063 2471 1121 in
2497 1080 2719 1141 organo

303 1141 811 1219 deprehenduntur
832 1164 847 1217 3
891 1142 974 1201 ita
1000 1142 1334 1203 liberandus
1361 1151 1454 1203 est
1489 1144 1821 1204 intellectus
1846 1164 1883 1203 a
1908 1142 2261 1223 praejudiciis
2287 1142 2566 1203 rationem
2594 1162 2715 1201 rec-

303 1230 424 1281 tam
450 1221 914 1299 impedientibus,
945 1230 1004 1281 et
1031 1231 1171 1283 tunc
1197 1242 1314 1281 non
1343 1222 1592 1283 errabit:
1631 1224 1730 1283 hic
1770 1231 1963 1284 autem
2002 1223 2293 1302 loquimur
2318 1221 2395 1283 de
2420 1221 2719 1281 intellectu

303 1320 445 1361 sano
473 1310 532 1362 et
556 1301 706 1361 bene
733 1301 1062 1361 constituto.

384 1380 568 1439 XIV.
611 1380 795 1442 Aliud
823 1390 913 1440 est
939 1383 1378 1460 Consequentiae
1393 1383 1674 1444 rationem
1695 1384 2138 1463 deprehendere,
2158 1381 2342 1443 Aliud
2363 1400 2502 1441 vero
2530 1380 2721 1460 ipsum

305 1461 696 1539 Consequens.
781 1461 1154 1539 Consequens
1193 1462 1572 1541 deprehendit
1609 1464 1775 1541 fides,
1820 1461 2301 1543 consequentiam
2344 1462 2552 1537 Ratio;
2598 1460 2652 1520 N
2654 1480 2721 1520 ec

303 1550 498 1601 tamen
525 1540 660 1600 iude
689 1541 948 1619 sequitur
985 1542 1161 1601 fidem
1189 1563 1305 1620 qua
1344 1563 1703 1621 consequens
1744 1544 2011 1621 creditur,
2042 1542 2153 1603 niti
2178 1542 2416 1616 ratione,
2462 1542 2599 1619 quia
2623 1541 2721 1599 hic

303 1622 452 1681 ratio
505 1640 624 1680 non
665 1629 756 1681 est
795 1630 1196 1699 argumentum
1239 1632 1474 1701 propter
1515 1624 1674 1701 quod
1714 1623 1903 1699 credo,
1962 1622 2066 1685 sed
2112 1622 2555 1681 instrumentum
2604 1640 2721 1698 quo

306 1700 507 1776 credo;
551 1701 994 1761 instrumentum
1037 1710 1228 1761 autem
1256 1723 1374 1762 non
1401 1704 1717 1765 introducit
1742 1704 1803 1762 in
1831 1704 2083 1763 Textum
2124 1701 2281 1780 quod
2320 1702 2403 1762 ibi
2431 1720 2546 1760 non
2576 1708 2717 1777 erat,

307 1781 412 1840 sed
437 1780 632 1841 educit
656 1801 760 1860 per
785 1780 1104 1859 legitimam
1132 1784 1600 1861 consequentiam
1627 1783 1784 1862 quod
1812 1792 1981 1843 antea
2007 1782 2090 1842 ibi
2105 1781 2349 1858 latebat3
2384 1780 2557 1841 Unde
2584 1800 2721 1840 con-

307 1861 490 1921 clusio
531 1860 776 1938 emergit
802 1860 1156 1941 Theologica
1196 1883 1231 1921 a
1257 1862 1448 1922 medio
1487 1863 1786 1939 inferente,
1840 1864 2060 1941 Logica
2106 1881 2249 1922 vero
2273 1883 2309 1921 a
2335 1862 2557 1920 ratione
2595 1861 2721 1920 sive

306 1940 689 2001 instrumento
732 1940 995 2001 eliciente
1025 1944 1501 2020 consequentias3
1545 1952 1605 2003 et
1654 1944 2080 2022 Consequentia
2125 1941 2319 2021 quoad
2342 1946 2403 2000 τὶ
2426 1941 2723 2000 materiale

308 2019 582 2080 fundatur
607 2020 668 2079 in
695 2020 912 2097 Verb0,
943 2021 1135 2099 quoad
1146 2026 1401 2097 sommle
1427 2024 1490 2082 in
1519 2024 1787 2083 Ratione.

391 2100 538 2159 XV.
582 2100 749 2161 Licet
777 2100 950 2160 Ratio
991 2110 1293 2161 concurrat
1331 2103 1409 2161 ad
1448 2103 1761 2163 eliciendas
1802 2101 2258 2180 consequentias,
2308 2120 2427 2159 non
2464 2100 2723 2177 sequitur

309 2180 484 2239 fidem
509 2180 732 2240 ratione
761 2180 1006 2240 stabiliri
1027 2203 1042 2258 ς
1073 2190 1139 2241 ut
1157 2201 1280 2258 nec,
1312 2183 1579 2259 quamvis
1597 2182 1745 2241 fides
1774 2182 1849 2243 sit
1874 2202 1950 2242 ex
1968 2181 2185 2256 auditu,
2212 2181 2471 2257 sequitur
2490 2198 2722 2238 sensum

308 2280 437 2319 esse
463 2259 599 2319 fidei
627 2260 1093 2337 fundamentum3
1135 2261 1282 2320 fides
1307 2263 1489 2321 utitur
1505 2262 1743 2337 ratione,
1762 2282 1880 2321 non
1900 2282 1969 2320 ea
1987 2261 2217 2336 nititur3
2246 2260 2430 2319 utitur
2448 2268 2723 2336 tanquam

311 2341 690 2399 instrumento
731 2340 1132 2419 applicationis
1179 2348 1239 2401 et
1283 2340 1458 2400 modo
1485 2342 1909 2419 cognoscendi„
1924 2360 2041 2399 non
2080 2360 2153 2399 ea
2196 2339 2401 2399 nititur
2425 2346 2492 2398 ut
2518 2337 2721 2397 funda-

309 2428 504 2479 mento
532 2426 590 2478 et
617 2420 818 2497 regula
845 2419 1278 2481 credendorum.

393 2499 574 2559 XVI.
623 2500 961 2577 syllogismi
987 2500 1172 2574 mixti,⁸
1203 2500 1265 2559 in
1291 2500 1502 2578 quibus
1529 2501 1711 2561 altera
1770 2500 2154 2561 raemissarum
2182 2508 2272 2559 est
2297 2498 2531 2559 luminis
2557 2506 2724 2559 natu·

311 2579 466 2656 ralis,
497 2579 680 2639 altera
705 2580 962 2656 revelati,
993 2599 1110 2640 non
1136 2579 1408 2640 desinunt
1435 2600 1562 2642 esse
1579 2581 1653 2641 de
1680 2582 1721 2640 fi
1760 2602 1795 2641 c
1819 2604 1834 2643 ε
1882 2584 1935 2642 1.
1963 2582 2101 2660 quia
2119 2579 2437 2660 propositio
2453 2578 2729 2657 quaelibet

311 2660 836 2719 denominationem
863 2660 1071 2738 accipit
1097 2680 1132 2718 a
1159 2662 1425 2740 subjecto
1464 2682 1582 2720 non
1610 2682 1645 2720 a
1670 2663 2001 2740 praedicato,
2043 2667 2099 2723 2.
2128 2659 2445 2739 propositio
2480 2679 2611 2738 quae
2638 2667 2730 2718 est

310 2738 547 2798 luminis
574 2738 816 2798 revelati
835 2739 1160 2799 virtualiter
1185 2741 1440 2800 continet
1466 2741 1530 2800 id
1548 2742 1706 2820 quod
1732 2743 1947 2820 petitur
1966 2762 2003 2800 a
2026 2742 2244 2801 lumine
2263 2739 2513 2799 naturali
2540 2739 2616 2797 ad
2637 2739 2729 2798 sui

312 2819 726 2897 probationem,
758 2827 929 2897 atque
957 2817 1102 2878 adeo
1131 2820 1250 2879 vim
1279 2839 1442 2880 suam
1467 2821 1554 2879 illi
1575 2823 1977 2880 communicat.
2021 2825 2078 2880 3.
2107 2820 2183 2880 ad
2209 2819 2565 2899 probandam
2590 2818 2729 2877 fidei

314 2899 740 2958 conclusionem
761 2899 986 2958 medius
1013 2900 1291 2959 terminus
1306 2899 1627 2960 desumitur
1641 2921 1759 2959 non
1786 2921 1823 2960 a
1848 2909 2053 2960 natura
2070 2899 2174 2960 sed
2200 2922 2236 2959 a
2266 2899 2595 2977 Scriptura3
2626 2896 2731 2957 sed

313 2978 422 3037 ubi
442 2999 630 3038 nexus
655 2979 832 3038 medii
871 2999 1004 3037 cum
1043 2980 1260 3057 majore
1288 2988 1548 3040 extremo
1587 2989 1835 3058 negatur
1859 2980 1934 3040 ab
1963 2979 2335 3057 Adversario‚
2380 2977 2732 3038 succurritur

314 3078 420 3136 per
445 3059 684 3118 rationis
721 3058 1024 3152 principia,
1063 3077 1180 3117 non
1207 3058 1283 3118 ad
1322 3059 1679 3137 probandam
1706 3059 1883 3119 medii
1921 3060 2242 3136 veritatem,
2274 3058 2379 3120 sed
2403 3076 2627 3151 uenus:
2668 3077 2729 3150 y.

316 3137 2733 3296 ffiffiffssseifztmss³&22132‘532322333530235{mg-¹3&

319 3306 543 3374 tremo;
587 3297 808 3358 scilicet
845 3297 909 3356 id
947 3297 1106 3376 quod
1129 3297 1308 3357 habet
1333 3299 1657 3358 accidentia
1681 3299 1865 3378 panis,
1896 3319 2024 3359 esse
2064 3319 2267 3359 verum
2307 3317 2549 3378 panem3
2598 3315 2729 3374 pro·

317 3377 627 3516 bandsslest
651 3397 728 3437 ex
754 3377 994 3454 ratione,
1035 3379 1174 3456 quia
1211 3377 1528 3438 formaliter
1565 3397 1685 3437 non
1726 3387 1889 3439 extat
1928 3379 1990 3437 in
2034 3379 2346 3458 Scriptura,
2378 3376 2482 3438 sed
2508 3383 2733 3436 tantum

318 3457 474 3516 virtu
533 3459 658 3518 iter.

402 3537 620 3598 XVII.
663 3539 914 3598 Tantum
958 3536 1125 3598 abest
1165 3547 1234 3598 ut
1275 3537 1659 3597 ministerium
1701 3537 1943 3596 rationis
1984 3535 2159 3595 fidem
2186 3535 2422 3596 dubiam
2449 3531 2639 3606 faciat,
2668 3539 2738 3592 ut

319 3619 514 3694 potius
541 3619 930 3694 cognitionem
974 3624 1034 3676 et
1076 3617 1478 3676 certitudinem
1523 3617 1654 3692 ejus
1695 3615 2009 3692 plurimum
2043 3615 2299 3691 adjuvet,
2330 3621 2390 3672 et
2434 3611 2691 3671 stabiliat
2717 3633 2736 3671 ι

324 3693 636 3772 Distingue
689 3696 862 3754 modo
917 3696 1198 3755 rationem
1241 3696 1302 3752 in
1339 3695 1646 3767 abstracte,
1706 3701 1767 3751 et
1808 3693 1868 3750 in
1924 3702 2209 3766 concret0‚
2266 3691 2548 3750 rationem
2602 3689 2734 3748 illu-

321 3774 598 3832 minatam
637 3776 700 3833 in
738 3775 970 3834 homine
1009 3775 1186 3849 fideli,
1227 3772 1325 3831 vel
1367 3789 1576 3830 caecam
1604 3771 1666 3828 in
1694 3771 2041 3848 irregenito:
2084 3771 2305 3830 Verum
2332 3779 2421 3830 est
2453 3769 2735 3831 rationem

323 3872 537 3990 cqecam
565 3861 624 3912 et
665 3854 869 3912 falsam
910 3853 1147 3913 dubiam
1189 3851 1365 3910 fidem
1408 3850 1631 3927 facere3
1693 3849 1798 3910 sed
1840 3859 2086 3929 negatur
2118 3850 2193 3910 de
2235 3850 2456 3910 ratione
2498 3871 2639 3911 sana
2677 3861 2738 3913 et

322 3932 366 3990 il
391 3939 627 3992 nstrata.

317 4043 322 4048 ·
408 4010 659 4071 XVIII.
691 4010 858 4069 Licet
873 4010 1206 4088 Theologus
1233 4009 1630 4087 perfectiorem
1648 4009 1915 4070 notitiam
1936 4009 2148 4071 habeat
2174 4011 2732 4090 consequentiarum,

325 4093 461 4152 Non
487 4090 682 4150 obstat
707 4097 902 4149 tamen
922 4091 1229 4167 quominus
1251 4089 1432 4150 idiota
1456 4088 1707 4168 idipsum
1736 4090 1921 4168 possit
1946 4110 2051 4168 pro
2072 4090 2307 4151 modulo
2329 4110 2453 4167 suo,
2473 4093 2742 4168 quamvis

325 4172 554 4248 ignoret
599 4169 878 4247 Logicam
921 4179 980 4228 et
1025 4170 1504 4247 Metaphysicam,
1551 4169 1692 4248 quia
1738 4169 1951 4230 sufficit
2002 4170 2091 4229 illi
2132 4170 2330 4231 lumen
2368 4171 2629 4248 rationis,
2677 4178 2741 4232 et

327 4251 548 4328 Logica
573 4249 854 4310 naturalis
881 4249 958 4308 ad
984 4248 1392 4309 discernendas
1419 4250 1861 4328 consequentias
1887 4249 2197 4310 naturales.

407 4331 598 4390 XIX.
643 4331 718 4388 In
743 4330 856 4388 hoc
881 4329 1399 4407 argumentationis
1443 4348 1673 4407 genere,
1718 4328 1823 4389 ubi
1865 4327 2088 4406 aliquid
2128 4349 2234 4408 per
2264 4330 2735 4408 consequentiam

327 4409 569 4487 elicitur,
601 4410 926 4487 requiritur,
976 4413 1030 4468 1.
1062 4409 1148 4469 Ut
1172 4409 1355 4468 altera
1393 4408 1837 4487 praemissarum,
1867 4408 1963 4466 vel
1992 4417 2251 4487 utraque,
2280 4408 2613 4469 immediate
2639 4410 2739 4469 vel

327 4489 593 4564 mediate,
651 4490 850 4548 verbis
893 4489 1142 4567 propriis
1185 4489 1282 4546 vel
1325 4486 1606 4566 figuratiS,
1654 4489 1717 4547 in
1776 4488 2071 4565 Scriptura
2112 4489 2492 4549 contineatur.
2576 4493 2633 4548 2.
2660 4489 2746 4548 Ut

326 4569 740 4648 consequentia
783 4588 892 4628 seu
935 4569 1122 4628 illatio
1167 4569 1242 4628 sit
1285 4569 1610 4628 necessaria
1654 4576 1714 4628 et
1746 4568 2019 4645 evidens3
2063 4569 2387 4628 necessaria
2412 4589 2529 4627 non
2558 4568 2747 4628 solum

329 4649 672 4710 necessitate
698 4648 920 4724 format,
958 4647 1064 4708 sed
1089 4647 1263 4708 etiam
1291 4648 1548 4708 materiae
1577 4648 1702 4708 sive
1730 4649 2152 4727 consequentis,
2182 4656 2249 4707 ut
2274 4667 2452 4724 quum
2480 4666 2558 4708 ex
2584 4657 2745 4708 ante·
