3300 5225
334 316 569 365 QuAEs‘r.
601 294 718 378 ιι]
1376 317 1455 358 ns
1484 319 1767 360 racemo.
2631 303 2748 360 57⁷

331 459 602 537 exemplo
645 457 1029 536 conscientiae,
1064 458 1309 537 justitioe
1338 460 1656 540 originalis,
1686 459 2075 520 communium
2102 460 2404 521 notionum
2431 460 2504 520 de
2534 461 2662 521 Deo
2692 469 2752 522 et

334 539 408 598 de
436 540 767 598 discrimine
793 541 1024 599 honesti
1051 549 1110 600 et
1134 541 1339 618 turpis.
1412 543 1460 596 Q

420 620 602 678 XVI.
646 620 808 678 Nihil
836 620 1029 679 obstat
1069 623 1377 698 quominus
1417 629 1720 700 peccatum
1761 621 2044 700 originale
2084 621 2270 701 possit
2310 640 2436 681 esse
2476 621 2744 700 privati0,

333 709 396 759 et
423 700 595 759 simul
622 701 876 778 positiva
904 701 1186 778 qualitas;
1212 702 1363 776 Quia
1389 703 1638 780 privatio
1667 724 1785 762 non
1813 711 1902 762 est
1928 702 2086 761 nuda
2108 711 2166 762 et
2189 702 2454 779 simplex,
2475 702 2571 762 vel
2587 723 2748 781 purae

334 780 679 858 negationis,
712 780 817 840 sed
853 791 1091 840 actuosa
1130 790 1189 840 et
1230 783 1451 859 efficax,
1484 792 1543 842 et
1581 804 1779 861 pravae
1821 781 2232 862 dispositionis,
2264 803 2394 860 quae
2435 803 2554 842 non
2594 783 2750 843 tollit

336 860 527 938 ipsum
557 862 899 938 subjectum,
933 861 1037 920 sed
1076 861 1223 921 illud
1262 863 1548 940 privando
1590 863 1935 923 rectitudine
1984 862 2180 922 debita
2220 864 2410 922 inesse
2451 863 2602 922 male
2629 863 2749 924 dis-

335 941 517 1018 ponit,
549 950 607 1000 et
644 942 974 1020 corrumpit,
1005 962 1113 1000 nec
1141 943 1443 1020 extinguit,
1462 943 1690 1002 interna
1730 943 2022 1003 actionum
2062 943 2361 1022 principia,
2394 943 2498 1002 sed
2538 963 2608 1004 ea
2648 943 2749 1002 de-

334 1029 557 1100 pravat,
589 1029 654 1081 ut
680 1022 915 1081 morbus
943 1023 1004 1080 in
1030 1042 1286 1100 corpore,
1318 1031 1376 1083 et
1400 1023 1647 1101 putredo
1675 1023 1736 1082 in
1762 1044 1953 1102 pomo.
2785 1039 2790 1044 ’

347 1167 353 1172 ,
420 1101 637 1162 XVII.
658 1102 838 1162 Porro
856 1103 1019 1182 labes
1036 1102 1139 1161 illa
1154 1103 1517 1162 haereditaria
1544 1123 1663 1162 non
1675 1101 1904 1182 ’partem
1925 1109 2152 1162 tantum
2172 1101 2496 1163 inferiorem
2521 1102 2747 1179 animae,

338 1200 443 1241 seu
468 1186 525 1240 τὶ
552 1187 823 1246 αἰσθηταὶ,
849 1191 909 1241 et
933 1185 1347 1242 sensualitatem
1374 1183 1588 1259 infecit,
1619 1193 1687 1243 ut
1712 1185 1932 1244 vellent
1961 1183 2269 1258 Pontificii,
2298 1183 2483 1243 libero
2510 1183 2750 1243 arbitrio

337 1263 765 1340 patrocinaturi,
818 1261 923 1322 sed
968 1264 1145 1322 etiam
1190 1271 1413 1342 partem
1464 1265 1833 1341 superiorem,
1887 1283 1990 1323 seu
2030 1267 2092 1323 ’τὶ
2140 1267 2357 1339 Amani»,
2389 1263 2750 1322 intellectum

338 1342 611 1400 nimirum
660 1351 719 1404 et
761 1343 1139 1403 voluntatem.
1225 1345 1383 1403 Hinc
1428 1343 1664 1403 eoecitas
1703 1353 1767 1404 et
1803 1344 2132 1422 ignorantia.
2171 1343 2369 1420 menti,
2409 1343 2648 1403 rebeffio
2690 1353 2751 1403 et

336 1423 701 1482 contumacia
747 1424 1036 1482 voluntati
1078 1424 1366 1500 tribuitur,
1398 1433 1457 1483 et
1499 1425 1673 1483 homo
1717 1433 1874 1485 totus
1911 1433 2162 1502 quantus
2202 1432 2454 1502 quantus
2495 1431 2584 1482 est
2625 1443 2751 1482 cor-

338 1511 543 1579 ruptus
571 1502 799 1578 dicitur,
829 1511 896 1562 ut
923 1504 1070 1562 nihil
1096 1504 1194 1563 vel
1220 1505 1345 1563 veri
1374 1505 1868 1582 cognosceresvel
1894 1505 2034 1563 boni
2060 1513 2333 1583 praestare
2361 1512 2552 1582 queat,
2574 1511 2748 1581 atque

340 1581 487 1642 adeo
514 1581 951 1660 regeneratione
980 1593 1039 1643 ct
1068 1583 1520 1644 sanctificatione
1549 1592 1737 1662 egeat,
1769 1584 1962 1662 quoad
1987 1593 2274 1662 utrunque
2303 1585 2396 1644 sui
2422 1591 2665 1661 partem.

422 1663 675 1723 XVIII.
705 1663 845 1722 Vox
872 1665 1061 1724 carnis
1102 1663 1414 1742 aliquando
1453 1665 1639 1724 sancte
1679 1684 1784 1742 pro
1827 1665 2192 1742 corruptione
2235 1665 2626 1724 sensualitatis
2654 1661 2754 1723 vel

339 1744 595 1819 corporis
624 1744 886 1821 sumitur,
916 1753 982 1805 ut
1009 1749 1047 1803 2
1077 1744 1335 1804 Corinth.
1364 1745 1465 1804 vii.
1500 1748 1553 1822 1,
1584 1744 1896 1822 aliquando
1925 1747 2038 1804 late
2072 1765 2177 1822 pro
2203 1745 2520 1804 universali
2547 1743 2753 1802 animae

338 1824 724 1900 corruptione,
764 1843 895 1900 quae
936 1832 1190 1883 mentem
1238 1825 1425 1902 ipsam
1468 1823 1708 1886 infecit:
1765 1825 1938 1886 Unde
1982 1823 2208 1906 φςὸιημιι
2253 1825 2527 1884 tribuitur
2574 1823 2752 1900 carni,

344 1903 514 1960 Rom.
534 1903 655 1962 viii.
682 1906 735 1978 6,
760 1912 819 1962 et
835 1905 1071 1963 haereses
1090 1905 1363 1964 dicuntur
1390 1925 1568 1981 opera
1594 1905 1801 1982 carnis,
1817 1925 1944 1982 quse
1972 1914 2168 1965 tamen
2197 1905 2414 1964 suntin
2434 1903 2752 1979 intellectu,

339 1990 401 2041 et
426 1983 684 2042 haeretici
710 1982 980 2044 dicuntur
1004 1983 1191 2043 inflati
1218 1985 1407 2043 carnis
1432 2005 1549 2043 suae
1574 1985 1976 2063 intelligentia,
1991 1985 2214 2045 Coloss.
2233 1986 2294 2044 ii.
2317 1988 2424 2046 18:
2447 1986 2560 2044 hoc
2581 2003 2754 2044 sensu

342 2071 645 2140 peccatum
673 2062 953 2140 originale
980 2073 1223 2124 vocatur
1250 2085 1405 2124 car0.

426 2143 618 2202 XIX.
666 2143 1143 2219 Concupiscentia,
1172 2145 1271 2204 vel
1286 2144 1670 2222 philosophice
1700 2143 1960 2222 sumitur,
1991 2153 2050 2204 et
2077 2144 2232 2205 idem
2272 2151 2438 2205 notat
2477 2163 2610 2203 cum
2652 2163 2751 2222 ap·-

342 2221 529 2302 petitu
558 2223 1011 2300 concupiscibili,
1043 2225 1141 2284 vel
1182 2226 1479 2302 theoloyice
1520 2235 1579 2284 et
1610 2226 1990 2304 populariter,
2034 2245 2151 2303 quo
2197 2245 2373 2285 sensu
2412 2223 2580 2284 malae
2621 2244 2753 2301 pro-

342 2303 651 2382 pensiones
672 2303 990 2364 voluntatis
1019 2305 1095 2363 ad
1122 2325 1249 2363 eam
1274 2306 1593 2383 pertinent;
1624 2307 1736 2364 hoc
1765 2324 1940 2366 sensu
1967 2327 2105 2364 caro
2133 2304 2344 2365 dicitur
2371 2304 2756 2381 concupiscere

344 2387 619 2443 adversus
644 2385 938 2461 Spiritum,
973 2385 1166 2444 Galat.
1196 2406 1253 2444 v.
1289 2389 1381 2461 17,
1420 2394 1479 2445 et
1510 2394 1813 2464 peccatum
1852 2385 2132 2463 originale
2171 2386 2244 2445 ab
2272 2385 2586 2462 Auyustino
2613 2383 2754 2443 defi-

345 2465 504 2523 nitur
529 2485 633 2542 per
659 2465 1172 2542 concupiscentiam,
1203 2485 1280 2524 ex
1308 2486 1441 2543 qua,
1472 2486 1579 2526 ceu
1604 2467 1760 2526 mala
1785 2473 1845 2525 et
1886 2473 2156 2544 corrupta
2194 2465 2387 2525 radice
2429 2473 2489 2526 et
2529 2463 2751 2539 arbore,

345 2544 637 2623 pullulant
664 2545 917 2624 corrupti
947 2545 1179 2623 surculi,
1213 2554 1270 2605 et
1295 2547 1533 2625 pessimi
1552 2545 1792 2606 fructus

428 2626 583 2684 XX.
630 2626 777 2686 Haec
804 2634 997 2686 autem
1026 2626 1492 2704 concupiscentia
1518 2647 1637 2687 non
1664 2625 1837 2685 modo
1863 2624 1926 2684 in
1953 2625 2284 2685 infidelibus
2325 2636 2384 2687 et
2427 2625 2756 2705 irregenitis

344 2712 646 2783 peccatum
674 2715 780 2782 est,
811 2706 917 2766 sed
943 2706 1118 2767 etiam
1146 2707 1207 2765 in
1234 2707 1505 2767 fidelibus
1532 2716 1592 2767 et
1617 2708 1851 2783 renatis,
1883 2706 2160 2785 quicquid
2203 2717 2466 2766 asserant
2514 2706 2756 2766 Pontifi-

346 2785 440 2862 cii,
471 2786 573 2863 qui
618 2787 970 2864 pertendunt
996 2788 1335 2865 languorem
1362 2786 1423 2848 et
1449 2788 1714 2847 morbum
1741 2795 1981 2864 naturae,
2011 2796 2072 2847 et
2108 2786 2596 2866 depravationem,
2627 2807 2758 2864 quae

347 2864 587 2926 effectus
615 2868 840 2944 peccati
868 2868 943 2927 sit
971 2877 1029 2929 et
1057 2888 1233 2927 causa
1258 2877 1642 2946 peccatorum,
1690 2868 1804 2927 dici
1833 2887 2021 2946 posse,
2053 2867 2157 2926 sed
2183 2876 2401 2945 negant
2426 2868 2639 2926 habere
2667 2887 2756 2925 ra—

346 2948 561 3006 tionem
590 2949 814 3025 peccati
842 2948 1069 3027 proprie
1098 2948 1265 3023 dicti.⁸
1366 2948 1463 3007 Sic
1492 2950 1678 3009 sancit
1710 2948 1930 3026 Synod.
1960 2947 2220 3008 Trident.
2255 2950 2409 3007 SeSS.
2441 2951 2496 3023 5,
2529 2948 2668 3006 Can.
2699 2949 2755 3023 5,

348 3029 386 3059 “
420 3026 482 3085 Si
504 3028 634 3103 quis
663 3048 764 3105 per
790 3029 835 3089 J
838 3049 941 3087 esu
971 3029 1185 3088 Christi
1216 3029 1452 3088 Domini
1480 3029 1664 3089 nostri
1693 3029 1956 3106 gratiam,
1988 3048 2117 3107 quse
2145 3028 2208 3086 in
2235 3028 2594 3105 Baptismate
2622 3048 2758 3087 con-

347 3104 546 3181 fertur,
578 3117 800 3166 reatum
830 3108 1130 3185 originalis
1156 3109 1379 3186 peccati
1408 3109 1623 3169 remitti
1650 3118 1863 3187 negat3
1905 3117 2005 3169 aut
2032 3110 2202 3168 etiam
2235 3108 2458 3181 asserit,
2487 3129 2606 3167 non
2632 3107 2762 3167 tolli

348 3194 536 3243 totum
566 3185 643 3261 id,
675 3187 833 3263 quod
865 3208 1055 3246 veram
1086 3197 1145 3247 et
1171 3190 1461 3265 propriam
1490 3191 1770 3249 rationem
1800 3190 2026 3267 peccati
2051 3189 2244 3264 habet,
2289 3189 2394 3249 sed
2433 3188 2580 3247 illud
2621 3187 2764 3249 dicit

344 3274 570 3325 tantum
611 3266 753 3341 radi,
795 3275 855 3326 et
891 3288 1009 3325 non
1050 3268 1336 3343 imputari,
1368 3271 1674 3327 anathema
1703 3270 1838 3345 sit,’'
1869 3266 1977 3327 διο.
2063 3270 2142 3330 Et
2168 3289 2324 3344 mox,
2361 3272 2397 3303 “
2425 3269 2598 3329 Hanc
2626 3289 2760 3328 con-

343 3345 776 3422 cupiscentiam,
816 3368 989 3424 quam
1034 3346 1346 3424 aliquando
1388 3346 1710 3424 Apostolus
1750 3356 2050 3424 peccatum
2093 3348 2362 3427 appellat,
2408 3358 2609 3409 sancta
2653 3350 2761 3430 Sy-

347 3424 537 3483 nodus
570 3425 825 3487 declarat
855 3426 1177 3487 Ecclesiam
1206 3426 1561 3485 Catholicam
1600 3446 1896 3505 nunquam
1937 3427 2296 3487 intellexisse
2323 3437 2624 3505 peccatum
2661 3450 2760 3507 ap-

346 3504 568 3583 pellari,
600 3505 757 3583 quod
784 3526 919 3567 vere
949 3517 1008 3567 et
1045 3506 1275 3585 proprie
1309 3506 1371 3564 in
1398 3506 1613 3567 renatis
1639 3515 1940 3583 peccatum
1969 3506 2062 3581 sit,
2094 3506 2198 3565 sed
2227 3507 2364 3583 quia
2400 3526 2477 3565 ex
2523 3518 2763 3584 peccato
2837 3511 2839 3519 '

346 3594 453 3659 est,
496 3594 555 3645 et
594 3586 671 3645 ad
710 3597 1010 3667 peceatum
1057 3586 1318 3647 inclinat.
1406 3586 1470 3647 Si
1510 3586 1641 3665 quis
1659 3594 1874 3649 autem
1915 3586 2266 3645 contrarium
2307 3586 2568 3663 senserit,
2598 3586 2760 3647 Ana-

345 3667 544 3726 thema
572 3668 705 3728 sit.'’

434 3747 627 3806 XXI.
672 3747 951 3823 Quamvis
979 3768 1119 3808 vero
1161 3768 1267 3827 per
1312 3747 1811 3825 regenerationem
1857 3754 2178 3807 statuamus
2225 3746 2354 3807 tolli
2384 3747 2611 3825 peccati
2647 3747 2760 3807 ori·

346 3827 557 3903 ginali-9
584 3838 804 3887 reatum
832 3836 891 3887 et
918 3832 1199 3888 maculam
1226 3830 1419 3906 quoad
1447 3829 1772 3903 dominium,
1804 3828 1941 3906 quia
1967 3846 2075 3886 nec
2103 3826 2246 3904 ipsis
2287 3828 2604 3905 imputatur
2642 3848 2762 3887 am-

352 3907 509 3985 plius
552 3906 629 3965 ad
677 3907 1117 3984 damnationem,
1149 3928 1257 3967 nec
1297 3909 1360 3967 in
1400 3908 1473 3969 iis
1516 3908 1881 3984 dominatur;
1926 3908 2224 3984 Negamus
2263 3915 2459 3969 tamen
2500 3908 2764 3969 absolute

354 3987 484 4045 tolli
511 3986 707 4064 quoad
734 3988 1099 4064 existentiam,
1130 3996 1190 4049 et
1217 3988 1495 4066 quicquid
1536 3990 1597 4047 in
1639 4010 1710 4049 eo
1750 3988 1972 4068 peccati
2015 3986 2298 4047 rationem
2338 3988 2532 4048 habet.
2617 3988 2767 4063 Quia

354 4066 576 4127 Paulus
606 4068 850 4127 subinde
877 4088 1087 4129 nomen
1104 4071 1332 4146 peccati
1354 4070 1443 4128 illi
1472 4070 1692 4145 tribuit,
1725 4070 1893 4129 Rom.
1912 4069 1992 4127 vi.
2023 4076 2082 4127 et
2109 4068 2230 4145 vii,
2245 4068 2404 4145 quod
2429 4088 2546 4127 non
2574 4078 2768 4147 potest

350 4147 469 4206 alio
516 4168 687 4225 quam
717 4148 792 4207 ad
817 4158 1117 4227 peccatum
1145 4150 1376 4228 proprie
1404 4150 1625 4210 dictum
1652 4150 1868 4225 referri,
1900 4148 2038 4226 quia
2065 4148 2260 4226 agitur
2286 4148 2359 4209 de
2385 4158 2624 4227 peccato
2662 4170 2767 4227 pro

353 4247 471 4305 quo
496 4228 759 4289 Christus
786 4230 1033 4290 traditus
1060 4238 1166 4307 est,
1199 4230 1294 4290 cui
1318 4231 1530 4290 mortui
1562 4250 1759 4289 sumus
1785 4230 1846 4289 in
1873 4228 2180 4308 baptism0,
2215 4229 2383 4289 Rom.
2413 4229 2494 4289 vi.
2523 4233 2580 4305 3,
2610 4229 2769 4307 quod

354 4328 491 4367 cum
521 4308 750 4368 Christo
779 4310 1119 4369 crucifixum
1148 4320 1253 4375 est.
1284 4331 1346 4370 v.
1378 4313 1432 4386 6,
1465 4311 1633 4387 cujus
1663 4309 2012 4387 stipendium
2049 4330 2205 4369 mors
2233 4318 2338 4386 est,
2387 4308 2555 4369 Rom.
2585 4310 2664 4367 vi.
2709 4313 2764 4385 2,

357 4390 415 4463 6,
452 4392 551 4464 12,
578 4392 675 4455 23,
705 4388 865 4466 quod
891 4400 1177 4467 repugnat
1207 4390 1371 4468 Legi,
1403 4410 1529 4467 cap.
1558 4390 1661 4449 vii.
1693 4392 1748 4465 ⁷,
1779 4391 1936 4467 quod
1963 4399 2206 4469 generat
2232 4410 2460 4450 omnem
2483 4388 2766 4466 cupidita-

355 4476 494 4545 tem,
520 4489 577 4527 v.
602 4472 657 4543 8,
690 4478 757 4529 et
774 4470 842 4530 fit
868 4479 1171 4548 peccatum
1198 4491 1461 4549 peccans,
1494 4477 1554 4529 et
1580 4470 1872 4529 hominem
1899 4470 2090 4531 reddit
2132 4471 2418 4529 carnalem
2460 4477 2520 4528 et
2547 4488 2768 4528 venun·

356 4549 560 4609 datum
590 4550 698 4609 sub
735 4558 993 4628 peccate,
1022 4570 1081 4611 v.
1115 4554 1227 4629 14;
1274 4550 1455 4629 Cujus
1497 4548 1722 4631 φςᾶηνια
1762 4558 1852 4611 est
1892 4549 2194 4610 inimicitia
2233 4550 2513 4609 adversus
2557 4548 2767 4626 Deum,

358 4638 419 4689 et
447 4630 605 4709 quod
633 4650 744 4690 nec
774 4631 923 4709 Legi
951 4630 1272 4711 subjicitur,
1303 4652 1408 4691 nec
1438 4630 1649 4711 subjici
1677 4639 1885 4711 potest,
1918 4630 2088 4692 Rom.
2117 4629 2239 4692 viii.
2271 4629 2528 4769 7,2quod
2566 4648 2768 4709 pecca-

2403 4726 2441 4768 o
