3300 5225
390 373 613 426 QuAEs'r.
644 355 809 441 x1v.]
1404 381 1485 422 ns
1511 381 1796 425 peccaro,
2041 435 2044 438 ⁴
2689 371 2806 429 58⁷

392 551 764 671 Ἥξῑῆξεὲ
778 569 883 660 ⁹3¹·
926 599 1005 660 fis
1032 519 1169 661 0³5¹·
1184 522 2052 666 itff'stiffeiiimm‘ssaiitffln
2067 523 2814 684 modomssgfflfflffigg

437 671 699 770 ‘pugn-atio.
834 629 865 674 1)
923 681 1057 741 odio
1086 623 1311 743 effinmmo
1348 685 1509 744 illam
1550 627 2406 765 proffequunture‘fuixffiinnu
2445 696 2550 766 est,
2595 689 2647 748 si
2673 690 2812 748 totis

392 757 618 817 viribus
638 778 767 817 eam
788 769 1047 821 evertere
1068 773 1365 841 conentur,
1390 767 1517 826 sive
1543 775 1668 826 arte
1687 787 1792 846 per
1812 767 2184 846 sophisticam
2205 767 2660 844 insectationem,
2685 769 2811 828 sive

392 845 577 897 marte
602 857 707 916 per
726 843 1090 917 tyrannicam
1115 847 1609 924 persecutionem;
1654 847 1812 925 quod
1853 848 1914 906 in
1943 847 2271 923 Pharisaeis,
2317 849 2642 926 Porphyrio
2671 849 2809 908 Phi-

392 917 669 995 losopho,-
685 919 730 980 J
732 920 929 980 uliano
970 923 1274 1002 Apostata,
1306 935 1367 986 et
1402 927 1533 986 aliis
1570 928 1746 1005 hujus
1773 927 1998 1006 peccati
2033 928 2148 986 reis
2174 929 2390 1006 patuit..
2465 928 2594 1004 Quo
2633 930 2809 1007 perti-

392 1008 549 1074 nent,
574 1019 705 1076 quae
726 999 798 1060 de
820 1003 864 1062 J
866 1002 1063 1063 uliano
1090 1005 1265 1065 refert
1290 1007 1549 1068 Theodo.
1577 1008 1682 1066 lib.
1705 1009 1788 1066 iii.
1816 1027 1942 1086 cap.
1965 1011 2063 1083 20,
2086 1009 2276 1086 ipsum
2307 1009 2530 1069 seilicet
2556 1009 2812 1088 equestri

392 1078 565 1137 hasta
588 1081 911 1158 impetitum
940 1085 1001 1142 in
1028 1085 1219 1145 medio
1248 1103 1501 1162 suorum,
1532 1107 1770 1146 manum
1789 1088 2020 1167 plenam
2043 1088 2344 1165 sanguinis
2371 1109 2578 1149 versus
2597 1090 2810 1150 coslum

394 1159 716 1238 projecisse
739 1181 872 1221 cum
899 1165 1255 1244 blasphemis
1280 1168 1373 1226 his
1400 1167 1462 1225 in
1492 1168 1788 1228 Christum
1812 1168 2026 1244 verbis,
2069 1169 2264 1226 VM
2291 1169 2548 1230 Galiloee.

704 1307 715 1320 ‚
834 1309 845 1320 ,
1040 1246 1195 1305 XII.
1241 1247 1494 1322 Quartus
1519 1247 1771 1325 denique
1812 1249 2109 1307 character
2134 1257 2224 1307 est
2263 1250 2576 1328 obfirmat&
2611 1250 2806 1326 animi,

408 1305 491 1350 ’μ’
512 1305 881 1411 ῙἯΞῘῙΞᾞΨΨ
920 1333 980 1384 et
996 1328 1425 1402 perseverantia
1452 1329 1514 1386 in
1536 1331 1744 1387 scelere
1767 1329 1851 1387 ad
1856 1331 2036 1408 finem
2055 1349 2243 1406 usque,
2273 1349 2390 1407 quo
2407 1338 2676 1407 spectant
2695 1330 2810 1389 ista

920 1405 1140 1465 Athan.
1184 1417 1264 1466 to·
1302 1408 1363 1466 ii.
1408 1427 1465 1486 q.
1510 1411 1605 1484 71,
1655 1411 1692 1442 “
1722 1409 1854 1468 Non
1893 1409 2045 1468 dixit
2086 1410 2265 1485 Deus,
2297 1411 2720 1487 blasphemanti
2749 1421 2810 1471 et

394 1485 795 1561 poenitentiam
824 1486 1023 1563 agenti
1064 1505 1180 1545 non
1208 1488 1534 1564 remittitur,
1567 1489 1672 1548 sed
1697 1488 2142 1567 blasphemanti,
2169 1490 2330 1548 nimi.
2359 1491 2422 1547 in
2449 1491 2811 1568 blasphemia

396 1567 791 1642 perseveranti
810 1567 867 1642 ;’'
898 1581 1031 1643 quse
1050 1567 1197 1626 ratio
1218 1568 1449 1646 impulit
1470 1569 1868 1646 Augustinum
1893 1578 1961 1628 ut
1987 1570 2298 1629 essentiam
2317 1570 2487 1630 istius
2505 1571 2731 1648 peceati.
2747 1573 2810 1628 in

394 1645 817 1723 impoenitentia
842 1641 1003 1705 finali
1031 1648 1425 1724 constitueret,
1456 1649 1614 1726 quod
1653 1649 1792 1708 lieet
1817 1669 1936 1707 non
1963 1667 2378 1728 usquequaque
2405 1650 2634 1710 admitti
2674 1671 2808 1728 pos-

396 1726 488 1801 sit,
520 1726 659 1803 quia
686 1747 989 1786 commune
1016 1728 1129 1786 hoc
1154 1727 1243 1786 illi
1270 1737 1361 1788 est
1386 1749 1518 1788 cum
1560 1729 1830 1788 omnibus
1855 1731 2110 1806 peccatis
2135 1731 2531 1808 reproborum,
2559 1730 2812 1790 dubitari

394 1823 512 1864 non
540 1814 733 1882 potest
759 1816 953 1866 tamen
980 1827 1105 1866 eam
1136 1809 1196 1865 in
1223 1809 1335 1868 hoc
1362 1818 1599 1887 peccato
1626 1809 1866 1868 includi.

1042 1887 1235 1948 XIII.
1280 1889 1479 1966 Atque
1506 1891 1641 1948 hinc
1671 1890 1854 1949 oritur
1888 1890 2344 1950 irremissibilitas
2371 1891 2540 1951 istius
2565 1890 2808 1969 peccati,

922 1967 1080 2045 quod
1108 1969 1237 2044 ejus
1265 1967 1603 2046 adjunctum
1632 1978 1724 2029 est
1749 1970 2150 2047 inseparabile,
2183 1971 2340 2047 quod
2382 1972 2595 2030 Matth.
2624 1973 2816 2032 innuit

923 2067 1050 2124 cap.
1078 2048 1181 2106 xii.
1229 2052 1325 2124 31,
1378 2053 1473 2124 32,
1518 2069 1700 2126 quum
1726 2050 1934 2109 asserit
1971 2049 2390 2127 blasphemiam
2425 2052 2490 2109 in
2534 2053 2813 2129 Spiritum

401 2129 677 2188 Sanctum
705 2149 823 2188 non
850 2129 1072 2203 remitti,
1103 2147 1204 2186 nec
1231 2131 1292 2186 in
1318 2131 1421 2188 hoc
1446 2131 1646 2204 seculo,
1677 2149 1778 2188 nee
1804 2130 1864 2188 in
1887 2133 2114 2206 fitur-0,
2143 2129 2227 2189 id.
2246 2151 2538 2208 nunquam
2565 2132 2624 2190 in
2651 2141 2812 2190 αἰεν-

394 2230 546 2285 num,
579 2218 645 2269 ut
674 2205 909 2268 Marcus
936 2209 1360 2286 interpretatur,
1385 2229 1509 2287 cap.
1540 2210 1622 2269 iii.
1644 2213 1744 2270 29.
1827 2209 2028 2287 Atque
2055 2230 2126 2270 ea
2151 2210 2224 2269 de
2246 2230 2424 2270 causa
2447 2211 2816 2288 peculiariter

394 2299 639 2350 vocatur
667 2299 967 2367 peccatum·
990 2291 1074 2348 ad
1097 2298 1347 2366 mortem,
1401 2293 1430 2348 1
1464 2290 1682 2349 Johan.
1711 2309 1836 2368 cap.
1866 2309 1924 2349 v.
1973 2293 2065 2365 16,
2118 2294 2214 2366 17,
2251 2311 2370 2348 non
2409 2299 2636 2350 tantum
2676 2293 2816 2369 quia

396 2379 639 2429 mortem
667 2379 919 2430 meretur
944 2378 1153 2428 natura
1181 2389 1303 2445 sua,
1335 2370 1417 2428 sic
1447 2370 1600 2428 enim
1629 2371 1824 2430 omnia
1861 2379 2100 2448 peccata
2127 2379 2264 2430 sunt
2289 2371 2366 2429 ad
2391 2379 2654 2447 mortem,
2699 2393 2817 2431 non

395 2451 568 2510 modo
597 2451 735 2528 quia
762 2459 851 2510 est
890 2449 1245 2510 irremissum
1288 2458 1349 2509 et
1386 2459 1569 2509 morte
1610 2451 1844 2510 tandem
1889 2459 2024 2510 actu
2061 2451 2316 2528 punitur,
2347 2451 2509 2529 quod
2545 2452 2816 2512 omnibus

396 2531 770 2608 reproborum
809 2530 1065 2609 peccatis
1107 2530 1416 2608 competit3
1463 2530 1565 2590 sed
1607 2531 1748 2608 quia
1771 2531 1892 2591 tale
1915 2539 2022 2607 est,
2064 2539 2134 2606 ut
2159 2531 2426 2591 absolute
2457 2533 2536 2591 sit
2560 2532 2812 2592 irremis-

395 2612 563 2672 sibile
592 2630 668 2671 ex
696 2632 776 2672 se.

477 2693 659 2753 XIV.
701 2690 1177 2751 Irremisst'bz’litas
1202 2700 1397 2752 autem
1424 2692 1539 2752 ista
1564 2712 1684 2751 non
1709 2700 1800 2752 est
1824 2700 2052 2753 tantum
2078 2702 2415 2770 comparata
2437 2700 2500 2753 et
2513 2698 2818 2754 scandum

396 2774 549 2851 quid,
580 2774 719 2851 quia
744 2792 957 2850 magna
984 2771 1323 2833 difficultate
1350 2774 1679 2849 remittitur,
1711 2774 1869 2850 quod
1896 2774 2025 2833 vult
2054 2774 2288 2850 Bellan,
2319 2774 2422 2833 lib.
2451 2774 2511 2832 ii.
2535 2774 2611 2833 de
2635 2776 2814 2853 poeni.

396 2872 523 2931 cap.
545 2857 637 2931 16,
670 2862 729 2913 et
752 2854 967 2931 Greg0.
992 2852 1066 2911 de
1084 2853 1313 2928 Valen„
1339 2862 1419 2912 to.
1438 2852 1521 2912 iii.
1544 2853 1694 2931 disp.
1720 2857 1780 2927 1,
1797 2874 1854 2931 q.
1879 2853 1971 2928 14,
1995 2863 2134 2931 post
2145 2854 2444 2930 Thomam‚
2475 2856 2535 2930 1,
2552 2856 2608 2928 2,
2633 2876 2690 2933 q.
2718 2860 2814 2932 14,

396 2936 498 3011 qui
524 2934 663 2993 licet
690 2954 767 2993 ex
792 2944 957 3012 parte
985 2934 1075 2992 sui
1104 2930 1497 2993 irremissibile
1526 2952 1656 2993 esse
1675 2932 1876 3010 velint,
1909 2934 2102 2993 Deum
2127 2942 2322 2993 tamen
2348 2934 2496 2994 illud
2521 2937 2816 2996 remittere

394 3034 567 3092 posse
596 3024 865 3091 censent3
912 3014 1015 3073 sed
1042 3016 1297 3073 absoluta
1324 3022 1385 3073 et
1418 3015 1674 3091 simplem,
1699 3033 1817 3073 non
1843 3012 2018 3073 modo
2045 3013 2204 3091 quod
2243 3034 2538 3093 nunquam
2564 3025 2700 3076 actu
2725 3037 2814 3077 re-

394 3096 673 3170 mittatur,
706 3096 810 3153 sed
838 3094 995 3171 quod
1021 3095 1239 3153 remitti
1266 3094 1531 3153 absolute
1556 3112 1678 3152 non
1703 3095 1890 3172 possit
1915 3113 1952 3152 a
1980 3095 2126 3153 Deo.

476 3174 622 3232 XV.
669 3174 1155 3232 Irremissibilitas
1181 3182 1375 3233 autem
1404 3174 1517 3233 ista
1542 3190 1662 3234 non
1689 3172 1888 3249 oritur,
1918 3175 2015 3233 vel
2043 3195 2120 3234 ex
2147 3174 2378 3235 defectu
2404 3174 2814 3237 misericordias

398 3254 527 3327 Dei,
558 3254 656 3312 vel
696 3252 889 3312 meriti
918 3254 1150 3329 Christi,
1202 3255 1370 3331 quasi
1396 3253 1501 3313 illa
1526 3274 1645 3313 non
1675 3264 1830 3314 esset
1867 3256 2166 3330 immensa,
2216 3256 2314 3314 vel
2341 3255 2500 3316 istud
2541 3257 2712 3335 pretii
2753 3266 2814 3317 et

394 3334 611 3392 valoris
638 3333 849 3411 infiniti
871 3354 886 3408 3
932 3332 1037 3391 sed
1064 3352 1139 3391 ex
1166 3341 1374 3391 natura
1400 3332 1585 3409 ipsius
1610 3335 1852 3410 peccati,
1876 3354 2008 3411 quae
2035 3335 2170 3393 talis
2191 3344 2296 3409 est,
2327 3344 2393 3395 ut
2421 3337 2810 3396 conditionem

394 3413 579 3491 ipsam
608 3412 685 3471 ad
710 3412 1107 3471 remissionem
1134 3412 1488 3489 requisitam,
1519 3422 1664 3489 puta
1688 3413 2104 3489 poenitentiam,
2148 3415 2439 3491 excludat,
2483 3417 2813 3493 impos-dile

395 3503 477 3553 est
503 3494 648 3552 enim
676 3494 805 3552 talis
831 3492 1101 3551 renovari
1124 3495 1209 3550 ad
1238 3493 1639 3568 poem'tentiam,
1673 3492 1830 3551 Heb.
1857 3492 1937 3551 vi.
1969 3494 2026 3551 6.
2109 3493 2262 3550 Nam
2287 3502 2354 3553 ut
2395 3514 2565 3554 nemo
2607 3498 2806 3557 exclu-

394 3574 555 3633 ditur
579 3593 615 3631 a
640 3572 977 3632 remissione
1005 3572 1107 3650 qui
1133 3572 1475 3650 poenitentia
1502 3570 1734 3632 ducitur
1755 3594 1770 3649 3
1817 3572 1913 3631 Ita
1939 3571 2040 3649 qui
2065 3590 2184 3630 non
2201 3580 2394 3649 potest
2420 3573 2497 3631 ad
2523 3576 2806 3652 poeniten·

392 3656 533 3714 tiam
560 3654 844 3729 renovari,
876 3672 995 3711 non
1019 3660 1214 3731 potest
1253 3654 1483 3711 veniam
1526 3653 1820 3730 consequi.
1907 3652 1970 3712 Si
2011 3670 2150 3711 vero
2179 3670 2422 3729 quaeras,
2465 3654 2582 3713 Cur
2619 3656 2802 3732 poeni·

392 3736 574 3795 tentia
602 3755 637 3793 a
662 3734 767 3793 tali
806 3742 1044 3811 peceato
1082 3733 1159 3792 sit
1199 3730 1573 3811 impossibilis
1591 3736 1623 3792 ⁴?
1704 3732 1904 3792 Facile
1942 3731 2342 3811 respondetur,
2379 3734 2491 3792 hoc
2531 3734 2800 3811 pendere,

390 3822 514 3874 tum
534 3836 569 3873 a
596 3815 881 3892 gravitate
910 3814 1133 3892 peccati
1160 3814 1360 3892 ipsius,
1392 3812 1551 3891 quod
1574 3812 1812 3872 unicum
1839 3812 2194 3891 poenitentiae
2221 3812 2406 3890 ipsius
2431 3814 2796 3892 principium,

386 3896 575 3955 nimir.
611 3894 887 3973 Spiritum
929 3894 1147 3972 gratiae,
1178 3892 1386 3971 rejicit,
1435 3902 1559 3953 tum
1587 3894 1663 3952 ab
1689 3894 1818 3972 ipsa
1846 3894 1960 3952 Dei
1997 3893 2318 3969 voluntate,
2347 3894 2450 3971 qui
2485 3893 2662 3971 juxta
2707 3916 2800 3955 or-

386 3975 581 4034 dinem
610 3976 670 4033 in
697 3974 1123 4053 dispensatione
1153 3974 1359 4033 salutis
1396 3974 1650 4053 positum
1678 3995 1715 4033 a
1741 3994 1806 4033 se
1844 3974 2150 4051 impetrare
2177 3992 2298 4033 non
2335 3982 2542 4051 potest,
2573 3983 2640 4036 ut
2667 3996 2798 4055 gra-

386 4056 526 4114 tiam
550 4056 625 4115 ad
652 4056 713 4113 id
740 4056 1121 4113 necessariam
1147 4054 1445 4131 largiatur.
1530 4054 1678 4114 Cum
1706 4054 1859 4113 enim
1885 4056 2120 4113 unicum
2149 4054 2491 4113 sacrificium
2521 4055 2736 4115 Christi
2764 4078 2801 4116 a

388 4135 517 4195 Deo
562 4136 936 4195 constitutum
966 4135 1043 4193 sit
1081 4134 1157 4193 ad
1200 4135 1590 4212 expiationem
1629 4144 2016 4213 peccatorum,
2063 4141 2123 4194 et
2147 4134 2322 4194 unica
2347 4134 2518 4195 detur
2557 4155 2796 4213 regene-

382 4216 530 4275 ratio
558 4237 661 4293 per
694 4216 970 4293 Spiritum
1016 4214 1309 4289 Sanctum,
1340 4217 1441 4293 qui
1466 4224 1776 4293 utrumque
1802 4214 2146 4275 beneficium
2175 4216 2350 4275 semel
2380 4216 2598 4293 rejecit,
2637 4224 2704 4277 ut
2730 4218 2798 4278 fit

383 4316 419 4355 a
445 4297 818 4374 peccantibus
839 4293 900 4353 in
932 4295 1209 4373 Spiritum
1235 4296 1529 4372 Sanctum,
1552 4293 1778 4355 nullum
1795 4295 2044 4373 amplius
2071 4295 2324 4354 medium
2343 4296 2556 4355 habere
2581 4306 2792 4375 potest,

382 4396 500 4454 quo
527 4377 624 4435 vel
652 4376 1047 4435 remissionem
1076 4384 1478 4452 consequatur,
1508 4376 1605 4434 vel
1634 4376 1710 4434 ad
1736 4376 2135 4453 poenitentiam
2155 4384 2482 4435 renovemr.
2567 4376 2647 4435 Et
2682 4378 2795 4438 hoc

384 4456 707 4535 Apostolus
734 4456 939 4531 innuit,
973 4455 1127 4515 Heb.
1157 4476 1217 4515 x.
1248 4458 1345 4529 29,
1390 4474 1569 4532 quum
1598 4455 1816 4533 duplex
1843 4456 1956 4515 hoc
1997 4458 2214 4515 crimen
2243 4455 2546 4533 Apostatis
2585 4456 2792 4533 impin-

382 4539 487 4615 git,
512 4536 670 4615 quod
690 4536 901 4595 Filium
916 4536 1037 4595 Dei
1052 4538 1381 4610 conculcent,
1403 4543 1461 4594 et
1482 4535 1639 4613 quod
1659 4537 1936 4613 Spiritum
1951 4537 2156 4613 qratioe
2175 4536 2508 4595 contumelia
2523 4538 2792 4615 afficiant,

379 4628 447 4679 ut
474 4619 680 4678 doceat
707 4636 807 4679 eos
835 4624 893 4677 et
913 4617 1033 4675 vim
1062 4616 1329 4675 sacrificii
1351 4615 1582 4692 Christi,
1607 4624 1668 4675 et
1694 4615 2005 4676 efficaciam
2031 4616 2280 4693 Spiritus
2306 4615 2576 4692 rejicere;
2618 4625 2794 4695 atque

380 4698 492 4759 hac
520 4698 593 4759 de
620 4718 796 4759 causa
822 4697 1029 4759 asserit
1054 4697 1275 4758 nullam
1302 4713 1603 4778 superesse
1642 4714 1750 4775 pro
1775 4696 1918 4775 ipsis
1945 4696 2211 4773 hostiam,
2250 4702 2310 4755 et
2345 4695 2566 4755 nullam
2606 4700 2794 4760 veniae

398 1950 535 1996 Unde
572 1952 731 1996 oritur
763 1951 881 1998 irre·

474 2011 793 2056 missibilitas.
