3300 5225
525 344 605 402 90
1481 360 1665 404 Locus
1693 358 2013 403 sncunnus.
2518 336 2768 419 [ωεστ.
2797 358 2929 401 vm.

522 500 650 578 pios
693 500 857 560 varie
899 518 1191 559 remanere
1226 508 1553 578 potuerunt,
1597 520 1675 560 ex
1715 500 1929 579 quibus
1965 504 2170 579 postea
2207 496 2400 557 cultus
2428 496 2542 555 Dei
2577 497 2932 559 instauratus

524 579 805 734 232?ss
828 579 976 718 {212}
982 580 1303 719 31.Ξὲῗέ
1321 579 1711 719 (ῗὲιῖίωῖῐέἰῖ
1724 579 2054 718 Ξίἷΐὲῒὲἑ
2070 576 2560 734 ἛὶῑΕιῖἰῗέἓῖἰζ
2579 578 2932 715 Ξὲἷῗέᾱῗζ

526 738 571 797 J
574 738 741 797 udaee
766 746 1119 815 acceperant,
1150 738 1267 796 illis
1294 704 1563 813 duruisse,
1592 738 1846 797 maxime
1877 757 2008 798 cum
2036 702 2300 796 dustodia
2325 744 2385 795 et
2423 736 2596 795 lectio
2626 734 2932 795 Librorum

529 836 821 877 sacrorum
850 816 926 875 ad
953 817 1109 895 ipsos
1134 817 1474 895 pertineret3
1518 818 1591 876 de
1611 817 1855 876 Daniele
1871 817 2104 875 videtur
2129 816 2365 894 planum
2391 835 2468 873 ex
2496 834 2546 874 c.
2575 814 2657 873 ix.
2687 818 2744 873 2.
2819 816 2930 874 Lo-

528 916 632 955 cus
669 900 707 955 4
752 896 920 956 Esdr.
950 916 1001 955 c.
1030 897 1109 955 iv.
1140 899 1236 971 23,
1281 906 1340 955 et
1366 917 1417 954 c.
1447 897 1567 953 xiv.
1598 899 1696 956 21.
1732 896 1885 956 unde
1912 894 2257 955 universalis
2298 894 2564 953 interitus
2589 893 2821 972 petitur,
2866 902 2934 954 ut

529 975 918 1053 Apocryphus
945 975 1087 1053 ipsis
1126 975 1302 1034 etiam
1331 975 1668 1050 Pontificiis,
1699 975 1844 1033 nihil
1871 974 2093 1052 probat,
2123 982 2184 1032 et
2208 972 2489 1033 refellitur
2513 973 2588 1031 sb
2627 973 2744 1032 elio
2784 974 2934 1033 libro

530 1054 885 1132 Apocrypho
926 1055 1027 1131 qui
1068 1054 1391 1114 Canonicus
1431 1062 1521 1113 est
1562 1054 1898 1129 Pontificiis,
1935 1056 1964 1111 1
1999 1053 2260 1111 Maccab.
2290 1052 2349 1110 ii.
2389 1057 2445 1127 4,
2485 1052 2586 1129 qui
2613 1051 2830 1110 Arcum
2871 1054 2934 1111 in

526 1154 644 1209 qua
672 1134 967 1211 depositus
994 1140 1119 1193 erat
1142 1134 1292 1191 liber
1319 1133 1497 1210 Legis
1526 1132 1763 1193 Denter.
1793 1133 1961 1190 xxxi.
1991 1135 2087 1207 26,
2119 1141 2406 1191 servatam
2434 1131 2576 1190 dicit
2611 1151 2648 1190 a.
2673 1132 2717 1190 J
2719 1132 2933 1193 eremis

435 1250 443 1261 ·
526 1212 589 1269 in
618 1214 810 1272 Cavea
836 1213 1049 1271 montis
1077 1212 1263 1277 Nebo.
1348 1212 1645 1289 Praecipue
1666 1213 1778 1271 hoc
1805 1218 2195 1271 commentum
2221 1210 2434 1270 refellit
2459 1211 2640 1269 altum
2673 1211 2930 1288 Scriptu-

526 1310 607 1349 rae
634 1292 943 1367 silentium,
976 1312 1104 1369 quse
1132 1310 1265 1351 cum
1291 1300 1412 1350 tam
1440 1292 1612 1350 anxie
1657 1290 1980 1351 Sanctuarii
2006 1290 2403 1368 pollutionem,
2433 1290 2477 1348 J
2479 1289 2931 1366 erosolymorum

527 1370 836 1445 excidium,
867 1370 1156 1430 Vesorum
1188 1370 1247 1429 S.
1277 1370 1770 1448 interceptionem,
1799 1370 2028 1449 Templi
2053 1370 2278 1428 ruinam
2315 1377 2375 1429 et
2408 1369 2523 1427 elie
2549 1368 2773 1443 defleat,
2805 1376 2930 1428 tan·

490 1492 495 1499 .
528 1458 647 1507 tam
668 1449 957 1527 jacturam
986 1450 1109 1509 sine
1146 1448 1379 1526 publico
1418 1450 1581 1509 luctu
1617 1469 1736 1508 non
1771 1449 2272 1532 praetermisisset.
2335 1447 2554 1507 Esdras
2580 1466 2720 1524 ergo
2746 1448 2934 1525 potuit

529 1548 761 1620 operam
801 1548 1014 1606 ponere
1055 1530 1115 1586 in
1144 1528 1503 1620 colligendis,
1533 1529 1738 1621 imo-et
1763 1528 2120 1605 corrigendis
2159 1536 2220 1621 et
2245 1527 2615 1619 restituendis
2641 1528 2932 1627 exempla-

528 1606 2286 1765 {Zuiffissss’mssffiffiriss‘nffvffffiwfflffizssffiffiffl?
2305 1614 2495 1687 ΡΜ*
2513 1608 2930 1683 ¹¹‘⁹”‘’‘⁰““'

1420 1924 1809 2001 QUAEs'mo
1850 1924 2035 1985 v111.

529 2084 624 2143 An
651 2084 816 2143 Libri
850 2084 1061 2143 Veteris
1091 2084 1429 2143 Testamenti
1460 2084 1571 2143 sint
1594 2086 1782 2143 adhuc
1809 2104 1961 2161 pars
1991 2083 2240 2144 canonis
2262 2083 2424 2163 fidei,
2463 2102 2791 2160 morumque
2815 2085 2930 2143 Re-

791 2167 946 2240 qulae
970 2164 1029 2222 in
1056 2163 1318 2222 Ecclesia
1343 2163 1501 2223 Novi
1528 2164 1672 2223 Test.
1696 2166 1726 2223 3
1807 2162 1974 2222 Affir.
2005 2171 2206 2257 contre
2233 2162 2668 2239 Anabeptistas.

1134 2322 1184 2380 Ι.
1228 2320 1485 2396 Quaestio
1526 2321 1653 2380 haee
1679 2322 1850 2381 nobis
1889 2322 2194 2383 intercedit
2219 2341 2352 2381 cum
2381 2320 2800 2399 Anabaptistis,
2830 2320 2933 2398 qui

1011 2400 1090 2460 V.
1119 2401 1189 2458 T.
1226 2401 1408 2461 libros
1444 2421 1481 2459 a
1508 2400 1743 2461 Canone
1769 2400 1908 2460 fidei
1943 2402 2230 2478 rejiciunt,
2271 2401 2438 2478 quasi
2474 2400 2549 2459 ed
2577 2400 2933 2459 Christianos

1009 2480 1243 2538 minime
1271 2480 1629 2558 pertineant3
1661 2501 1768 2540 nec
1795 2500 1872 2540 ex
1897 2480 2016 2539 illis
2041 2480 2180 2539 fidei
2206 2480 2480 2557 dogmata
2497 2480 2595 2538 vel
2623 2480 2759 2538 vitae
2787 2499 2929 2556 prse-

530 2562 697 2633 cepta
735 2555 855 2634 peti
895 2555 1162 2618 debeant.
1205 2560 1566 2619 Mannom‘toe
1604 2558 1668 2618 in
1697 2560 1954 2620 Confess.
1985 2580 2107 2638 sue,
2138 2559 2325 2619 Artie.
2367 2559 2448 2619 xi.
2481 2559 2710 2618 Docent
2747 2579 2932 2619 omnes

534 2635 898 2712 Christianos,
930 2647 1203 2713 quantum
1238 2641 1323 2698 ad
1339 2641 1521 2718 fidem
1556 2640 1770 2716 attinet,
1811 2643 2007 2700 debere
2033 2661 2092 2700 se
2130 2650 2346 2699 tantum
2371 2640 2684 2699 messario
2711 2659 2929 2716 compo-

528 2734 664 2773 nere
704 2717 788 2772 ad
810 2715 1189 2794 Evanqdium
1218 2717 1433 2778 Christi
1442 2743 1467 2791 ;
1508 2718 1668 2796 quod
1709 2720 2077 2778 confirmatur
2116 2720 2178 2778 in
2221 2719 2522 2796 colloquio
2563 2718 2930 2778 Francothal.

530 2793 669 2852 Aet.
695 2794 736 2853 i.
766 2796 862 2854 57.
919 2794 1243 2856 orthodoxi
1270 2806 1471 2857 contre
1486 2806 1750 2857 statuunt
1775 2798 1924 2858 V.T.
1953 2819 2072 2858 non
2098 2798 2290 2858 minus
2317 2799 2393 2856 ad
2421 2798 2778 2858 Christianos
2805 2817 2930 2876 per-

528 2873 713 2932 tinere
740 2893 914 2952 quam
944 2876 1018 2936 N.
1046 2885 1107 2935 et
1146 2896 1221 2935 ex
1248 2887 1492 2954 utroque
1517 2877 1656 2937 fidei
1697 2877 1970 2956 dogmata
2010 2886 2070 2938 et
2095 2878 2234 2936 vitae
2273 2878 2534 2956 regulam
2568 2897 2696 2936 esse
2735 2886 2932 2956 peten-

531 2952 685 3028 dam,
717 2953 977 3014 Confess.
1009 2955 1221 3016 Gallie.
1252 2964 1358 3015 art.
1388 2960 1426 3015 4
1454 2965 1513 3017 et
1540 2959 1577 3016 5
1601 2979 1616 3033 3
1648 2957 1975 3034 Helvetios,
2005 2965 2113 3017 art.
2146 2960 2201 3016 1.

612 3032 699 3090 ΙΙ.
742 3033 876 3092 Non
902 3035 1179 3111 quaeritur
1207 3036 1297 3094 De
1324 3036 1401 3095 V.
1431 3037 1499 3095 T.
1528 3037 1749 3096 ratione
1783 3039 2129 3098 Oeconmnioe
2143 3039 2422 3096 Mosat'coe
2434 3061 2460 3110 ,·
2495 3037 2645 3095 hanc
2671 3036 2824 3095 enim
2852 3036 2936 3096 ite

529 3110 867 3188 abrogatam
907 3132 1035 3173 esse
1062 3133 1363 3175 censemus
1403 3135 1505 3193 per
1532 3117 1842 3193 Christum,
1885 3126 1952 3177 ut
1991 3117 2186 3176 nullus
2227 3116 2475 3196 emplius
2507 3116 2561 3175 ei
2601 3115 2766 3175 locus
2805 3135 2932 3176 esse

531 3189 741 3251 debeat
766 3191 827 3250 in
856 3191 1204 3253 Oeconomia
1231 3195 1450 3255 Gratiae
1474 3218 1489 3255 ε
1535 3195 1655 3254 Sed
1681 3195 1753 3255 de
1781 3217 1850 3255 eo
1879 3197 2071 3275 quoad
2099 3196 2414 3256 doctr-inam
2429 3219 2454 3269 ,·
2495 3194 2596 3253 An
2622 3196 2818 3255 nullus
2859 3196 2935 3255 sit

531 3271 781 3348 amplius
808 3271 937 3349 ejus
960 3293 1103 3333 usus
1130 3274 1191 3332 iu
1218 3274 1292 3334 N.
1322 3273 1391 3333 T.
1420 3275 1613 3352 quoad
1641 3276 2098 3335 Cononem-fidei
2125 3285 2186 3336 et
2211 3295 2436 3334 morum
2454 3278 2485 3333 P

616 3349 736 3409 ΙΙΙ.
780 3351 914 3411 Non
954 3353 1248 3431 quaeritur,
1277 3353 1378 3412 An
1419 3353 1683 3414 Christus
1725 3355 1945 3432 Legem
1973 3355 2034 3414 in
2067 3355 2146 3414 V.
2187 3355 2257 3414 T.
2297 3355 2490 3414 datam
2535 3353 2932 3414 reformaverit

532 3429 641 3490 sub
665 3430 738 3490 N.
768 3431 1108 3510 corrigendo
1134 3453 1263 3493 eam
1290 3432 1750 3512 et'perficiend03
1793 3434 1866 3494 de
1893 3435 2004 3493 hoe
2041 3435 2194 3492 enim
2223 3454 2355 3494 cum
2387 3433 2708 3493 Socirfianis
2733 3442 2936 3510 postea

531 3517 737 3587 agetur
757 3533 776 3571 t
821 3509 956 3588 Sed,
986 3511 1087 3570 An
1114 3512 1191 3572 V.
1221 3512 1290 3572 T.
1336 3513 1635 3591 Scriptura
1671 3514 1748 3572 sd
1775 3513 2135 3574 Christianos
2159 3515 2459 3593 pertineat,
2501 3521 2568 3572 ut
2594 3531 2671 3571 ex
2707 3531 2778 3570 ea
2817 3532 2934 3571 non

530 3589 722 3650 minus
749 3609 819 3650 ac
845 3611 920 3651 ex
945 3592 1024 3654 N.
1053 3591 1211 3652 Test.
1243 3592 1442 3652 Canon
1467 3592 1603 3651 fidei
1633 3601 1692 3652 et
1717 3595 1920 3672 regula
1946 3593 2082 3653 vitae
2109 3595 2230 3670 peti
2267 3592 2476 3652 debeat
2507 3600 2567 3652 et
2591 3590 2838 3671 probe-ri,
2874 3600 2935 3651 et

533 3669 747 3730 Christi
789 3672 1023 3751 Religio
1065 3693 1185 3732 non
1223 3673 1416 3732 minus
1458 3673 1517 3730 in
1562 3673 1731 3732 Mose
1773 3681 1833 3732 et
1873 3673 2181 3751 Prophetis
2221 3693 2396 3750 quam
2437 3671 2498 3730 in
2541 3671 2614 3730 N.
2657 3671 2726 3729 T.
2769 3670 2935 3730 libris

530 3749 907 3844 contineatur,
950 3760 1011 3813 et
1050 3771 1135 3812 ex·
1166 3752 1241 3812 iis
1260 3752 1662 3814 ,demonstrari
1700 3753 1924 3832 possit;
1980 3752 2139 3831 quod
2165 3750 2508 3811 Adversarii
2547 3759 2780 3828 negent,
2811 3751 2936 3810 Nos

530 3849 859 3891 asserimus.

615 3908 726 3968 IV.
770 3909 903 3968 Non
929 3911 1206 3988 quaeritur
1224 3910 1299 3970 de
1325 3911 1792 3972 discrimineVet.
1819 3920 1880 3972 et
1907 3911 2064 3972 Novi
2090 3912 2248 3972 Test.
2277 3919 2337 3970 et
2362 3910 2436 3970 de
2452 3907 2776 3970 differentia
2801 3909 2936 3969 doc-

530 3986 698 4046 trinae
738 4007 869 4065 quas
908 3988 1215 4067 utrobique
1258 3991 1489 4050 sonuit:
1542 3991 1695 4051 hanc
1735 3991 1888 4050 enim
1926 4011 2042 4051 non
2081 3991 2388 4051 diffitemur
2424 3990 2600 4068 longe
2636 3990 2936 4048 clariorem

531 4083 661 4124 esse
701 4066 763 4124 in
792 4067 864 4127 N.
893 4066 1051 4128 Test.
1080 4089 1254 4148 quam
1296 4070 1357 4128 in
1386 4069 1605 4146 Veteri,
1633 4077 1759 4128 tum
1784 4080 2019 4148 propter
2045 4079 2218 4149 typos
2256 4069 2468 4148 quibus
2508 4069 2932 4144 involvebatur,

528 4153 655 4204 tum
694 4155 929 4224 propter
965 4147 1366 4226 praedictiones
1412 4156 1473 4208 et
1508 4149 1935 4226 promissiones,
1977 4169 2108 4228 quae
2147 4151 2210 4210 in
2248 4169 2320 4209 ea.
2363 4149 2776 4209 tradebantur:
2823 4147 2942 4206 Sed

531 4223 608 4284 de
660 4225 951 4303 Rincipt'o
1004 4227 1313 4305 Reliffiomb
1363 4228 1691 4288 Christiana
1715 4253 1741 4304 ,·
1810 4229 2022 4291 Utrum
2073 4228 2419 4309 principium
2455 4228 2603 4288 illud
2641 4228 2758 4286 sint
2809 4235 2934 4286 ten·

534 4311 659 4363 tum
689 4305 853 4364 Libri
881 4306 954 4367 N.
984 4307 1143 4367 Test.
1174 4307 1273 4366 An
1301 4327 1440 4367 vero
1468 4307 1643 4368 etiam
1667 4309 1802 4368 Vet.
1832 4309 2188 4369 Testamenti
2206 4313 2237 4369 Ρ
2275 4308 2434 4387 quod
2462 4306 2786 4368 statuimus.

1095 4387 1172 4448 V.
1217 4387 1495 4448 Rationes
1523 4395 1661 4448 sunt
1691 4390 1743 4448 1.
1773 4387 1924 4464 Quia
1959 4389 2224 4449 Christus
2250 4389 2328 4448 V.
2358 4389 2427 4448 T.
2457 4385 2837 4462 commendat,
2877 4393 2937 4446 et

536 4461 597 4507 V·
614 4461 983 4536 ¹1⁸·⁰⁶⁶0(?⁸¹!⁰¹¹}·
1026 4467 1251 4528 Mosem
1290 4477 1351 4528 et
1378 4468 1698 4547 Prophetes
1723 4470 1853 4529 vult
1887 4490 1925 4527 a
1951 4468 2220 4529 fidelibus
2256 4467 2460 4544 audiri,
2501 4469 2645 4526 Luc.
2683 4467 2806 4524 xvi.
2837 4468 2934 4526 29.

563 4521 987 4637 {magistu-ms
1016 4547 1141 4606 Nec
1166 4547 1379 4607 dicitur
1402 4549 1513 4607 hoe
1541 4547 1769 4609 Judaeis
1796 4549 2094 4608 exclusive
2122 4549 2198 4608 ed
2225 4557 2481 4622 caeteros,
2505 4547 2644 4624 quia
2667 4547 2764 4604 hie
2789 4566 2934 4624 prae·

1014 4635 1241 4706 ceptum
1284 4627 1455 4689 datur
1500 4629 1770 4706 generale
1811 4628 1968 4706 quod
2007 4628 2256 4706 pertinet
2304 4628 2380 4687 ad
2405 4647 2606 4687 omnes
2633 4626 2734 4705 qui
2771 4635 2933 4686 aeter·

586 2387 756 2433 Status
789 2386 951 2437 Quas·

665 2444 830 2489 tionis.
