3300 5225
420 270 443 288 “‘
466 272 581 331 616
1432 270 1615 332 noctis
1642 289 1923 331 necinus·
2465 263 2472 271 ’
2509 267 2782 351 [Quium.
2821 282 2924 330 fv.

462 429 731 508 positivae
776 431 853 490 ad
896 440 1203 510 utrumque
1250 432 1641 511 oppositorum
1663 453 1680 510 ς
1743 431 1848 492 sed
1901 439 2125 491 tantum
2172 429 2414 489 libertas
2455 429 2781 508 rationalis,
2843 438 2930 490 ut

458 510 608 570 nihil
634 512 745 570 nisi
774 522 978 590 sponte
1006 521 1067 572 et
1092 512 1408 572 deliberate
1434 523 1589 591 agat.

547 591 872 651 XXXVI.
906 593 1071 653 Licet
1096 593 1393 671 irregeniti
1413 595 1637 672 possint
1664 593 1820 652 nolle
1847 591 2063 669 venire,
2093 599 2153 650 et
2179 589 2447 650 resistere
2471 591 2598 650 Deo
2618 591 2886 651 vocanti
2899 614 2926 668 ;

462 671 599 730 Non
626 673 888 750 sequitur
928 692 1033 732 eos
1071 674 1292 750 pariter
1334 693 1507 751 posse
1554 674 1708 732 velle
1735 673 1953 748 venite,
2001 680 2062 731 et
2106 679 2413 730 vocantem
2457 671 2647 731 Deum
2677 672 2866 750 sequi
2895 694 2914 730 ε

462 750 521 810 N
522 771 615 810 am
641 753 802 830 prius
846 753 993 811 illud
1020 763 1109 812 est
1154 755 1343 814 morbi
1368 763 1427 814 et
1454 753 1902 831 imperfectionis
1929 751 2244 826 hominum,
2294 751 2452 827 quod
2493 752 2610 810 illis
2637 753 2702 811 in
2729 763 2920 812 statu

460 841 683 891 naturae
708 832 889 910 lapsas
914 834 999 892 ita
1022 835 1317 912 proprium
1344 842 1449 910 est,
1496 843 1565 894 ut
1608 834 1756 892 nihil
1783 833 1944 893 aliud
1969 833 2194 910 possint
2221 840 2320 890 aut
2349 831 2534 891 facere
2561 841 2664 891 aut
2690 835 2864 892 velle
2893 855 2918 892 τ

462 909 551 970 At
576 911 687 971 hoc
724 913 1010 990 posterius
1036 923 1128 973 est
1153 915 1588 974 restaurationis
1612 933 1718 993 per
1744 914 2005 992 gratiam,
2038 922 2096 971 et
2135 911 2294 970 illius
2341 930 2488 990 opus
2531 913 2784 989 speciale
2827 913 2914 971 in

460 990 670 1067 nobis;
716 993 989 1052 Censurae
1014 1013 1155 1071 ergo
1182 1003 1242 1053 et
1268 995 1708 1072 redargutiones
1728 1015 1858 1071 quae
1886 992 2003 1052 adi
2043 1011 2139 1051 sos
2167 991 2510 1069 diriguntur,
2541 1009 2660 1052 non
2689 1003 2905 1053 osten-

462 1069 610 1131 dunt
636 1073 779 1150 quid
803 1074 1033 1151 possint
1057 1074 1212 1152 boni,
1244 1075 1349 1135 sed
1375 1075 1517 1153 quid
1544 1075 1799 1135 debeant
1821 1094 1898 1134 ex
1927 1093 1962 1134 o
2023 1073 2132 1148 cio,
2161 1081 2222 1131 et
2247 1091 2421 1150 quam
2453 1073 2604 1132 ultro
2631 1073 2696 1132 in
2721 1075 2906 1134 illius

460 1169 525 1212 re
630 1173 696 1211 as
724 1153 803 1211 im
845 1173 877 1212 e
920 1153 1087 1214 erint.

526 1151 919 1294 gXlXXVliff
950 1235 1111 1294 Mala
1153 1255 1339 1314 poenae
1382 1234 1589 1295 merito
1636 1234 1908 1296 dicuntur
1953 1233 2172 1294 inflicta
2219 1233 2620 1312 peccatoribus
2644 1243 2900 1312 propter

430 1337 435 1344 ·
462 1331 573 1372 sua
596 1312 831 1392 scelera,
854 1313 900 1375 J
902 1334 981 1376 er.
1012 1315 1201 1375 xxxii.
1220 1319 1316 1394 23,
1348 1335 1467 1375 non
1482 1315 1640 1394 quod
1666 1316 1958 1394 potuerint
1985 1316 2046 1373 in
2075 1323 2232 1375 statu
2257 1313 2470 1372 nativas
2497 1313 2896 1393 corruptionis

436 1391 611 1466 =bene
651 1413 841 1472 agere,
874 1404 1075 1456 contra
1113 1415 1288 1474 quam
1330 1396 1500 1456 docet
1542 1397 1668 1474 ipse
1710 1395 2016 1469 Jeremias,
2058 1413 2182 1472 cap.
2213 1393 2336 1452 xiii.
2367 1397 2463 1470 23,
2511 1397 2550 1426 ‘⁴
2581 1395 2642 1454 Si
2687 1402 2884 1472 potest

460 1483 688 1535 mutare
710 1475 991 1555 AEthiops
1016 1477 1228 1555 pellem
1256 1497 1437 1552 suam,
1468 1485 1570 1537 aut
1594 1477 1812 1554 pardus
1839 1476 2095 1535 maculas
2117 1498 2131 1551 ;
2178 1475 2258 1532 Et
2279 1493 2386 1532 vos
2413 1474 2675 1552 poteritis
2702 1475 2880 1533 bene-

460 1553 669 1631 facere,
698 1576 831 1615 cum
858 1557 1073 1616 malum
1104 1556 1423 1616 didiceritis
1442 1558 1497 1634 3¹¹
1542 1556 1648 1616 sed
1687 1557 1826 1634 quia
1867 1556 1980 1616 hoc
2027 1563 2117 1614 est
2151 1555 2252 1632 jus
2302 1553 2431 1628 Dei,
2481 1563 2548 1613 ut
2573 1554 2714 1632 quia
2741 1555 2886 1613 talia

460 1643 693 1712 patrant
720 1636 887 1714 digni
914 1637 1031 1696 sint
1057 1645 1259 1697 morte.
1310 1637 1514 1713 Neque
1541 1636 1604 1694 in
1632 1638 1914 1696 scelerum
1939 1634 2130 1712 pesnis
2155 1633 2376 1692 attendi
2405 1634 2578 1693 debet
2605 1635 2748 1712 quid
2774 1636 2878 1694 ho-

388 1719 395 1732 '
460 1714 649 1772 mines
674 1716 980 1792 potuerint,
1014 1716 1117 1775 sed
1144 1716 1288 1793 quid
1312 1736 1389 1775 ex
1416 1715 1605 1774 officio
1632 1716 1937 1776 debuerint
1959 1738 1972 1793 ;
2019 1734 2150 1774 cum
2177 1714 2296 1772 illis
2323 1714 2733 1774 convincendis
2763 1715 2880 1774 suf-

460 1793 634 1869 ficiat,
686 1795 845 1871 quod
886 1795 1103 1855 malum
1130 1805 1362 1873 patrent
1406 1795 1740 1873 deliberate,
1789 1796 1960 1873 ultro,
2003 1804 2064 1856 et
2091 1815 2196 1854 sua
2223 1803 2445 1872 sponte,
2478 1803 2678 1854 contra
2705 1815 2883 1873 quam

434 1873 574 1934 ‘sibi
600 1873 927 1936 faciendum
955 1895 1081 1934 esse
1110 1876 1323 1954 optime
1352 1887 1656 1936 noverunt.

548 1953 941 2014 XXXVIII.
984 1957 1176 2016 Causa
1200 1956 1549 2016 discriminis
1576 1957 1728 2016 inter
1753 1956 2016 2015 homines
2055 1957 2246 2032 bonos·
2268 1964 2328 2015 et
2367 1956 2566 2031 malos,
2611 1957 2883 2016 meliores

440 2053 530 2092 ac
578 2034 823 2112 pejores,
874 2056 992 2096 non
1035 2037 1285 2114 petenda
1312 2045 1403 2096 est
1430 2056 1465 2095 a
1490 2037 1742 2096 naturali
1767 2036 2158 2096 indifferentia
2181 2045 2244 2095 et
2270 2037 2642 2096 inclinatione
2669 2036 2745 2094 ad
2773 2037 2879 2096 bo-

461 2134 603 2172 num
632 2136 793 2193 seque
822 2136 891 2174 ac
918 2117 1135 2176 malum
1162 2118 1381 2195 absque
1410 2117 1613 2194 gratia.
1703 2117 1800 2176 Sic
1842 2117 1998 2175 enim
2039 2136 2240 2175 omnes
2267 2137 2430 2192 aeque
2458 2117 2624 2194 proni
2652 2117 2728 2174 ad
2754 2137 2876 2175 ma-

460 2193 583 2252 lum
624 2196 931 2273 nascimur,
964 2215 1070 2256 nec
1114 2197 1260 2258 alter
1286 2197 1467 2257 altero
1494 2197 1702 2256 melior
1727 2197 1822 2255 vel
1851 2198 1944 2274 pej
1951 2217 2016 2256 or
2041 2196 2506 2273 deprehenditur.
2595 2197 2712 2256 Sed
2741 2217 2875 2255 con-

462 2275 617 2333 sistit
642 2285 908 2353 respectu
934 2278 1326 2354 regenitorum
1352 2277 1414 2335 in
1442 2278 1629 2356 gratia
1657 2275 2105 2351 discriminante,
2156 2296 2272 2353 qua
2311 2276 2386 2334 ab
2413 2277 2544 2336 aliis
2571 2296 2876 2336 secernun-

463 2361 575 2429 tur,
611 2358 640 2413 1
676 2357 805 2414 Cor.
835 2356 915 2416 iv.
962 2361 1019 2432 7,
1070 2367 1337 2434 respectu
1378 2377 1521 2416 vero
1567 2357 2010 2434 irregenitorum
2045 2355 2109 2414 in
2137 2357 2457 2415 communis
2499 2357 2880 2434 providentiae

460 2435 809 2512 operatione,
841 2455 959 2513 qua
986 2437 1165 2514 Deus,
1196 2457 1312 2496 non
1340 2438 1575 2514 quidem
1614 2445 1891 2515 repurgat
1937 2447 1997 2496 et
2036 2445 2280 2495 renovat
2305 2445 2586 2512 naturam,
2618 2437 2722 2496 scd
2749 2437 2802 2513 ej
2811 2457 2880 2494 us

459 2514 741 2574 malitiam
768 2525 828 2574 et
854 2517 1277 2594 corruptionem
1298 2517 1359 2575 in
1388 2517 1517 2576 aliis
1544 2517 1753 2592 minus,
1799 2518 1859 2574 in
1887 2517 2016 2575 aliis
2043 2517 2230 2593 magis
2257 2523 2486 2576 coerect
2513 2526 2572 2575 et
2599 2515 2877 2594 reprimit,

460 2593 681 2673 absque
708 2615 823 2674 quo
853 2597 903 2656 si
932 2605 1100 2673 esset,
1131 2598 1305 2657 homo
1330 2598 1573 2658 licenter
1600 2618 1662 2657 se
1692 2597 2040 2657 diffunderet
2079 2596 2150 2655 in'
2169 2595 2391 2675 quaevis
2417 2596 2640 2675 flagitia
2665 2605 2724 2655 ct
2751 2617 2878 2656 sce-

458 2674 599 2751 lera,
649 2684 709 2737 et
750 2678 1002 2738 mundus
1027 2678 1089 2736 in
1124 2674 1490 2737 latrocinium
1516 2678 1720 2739 abiret.
1805 2678 1950 2737 Cum
1978 2698 2116 2737 vero
2145 2678 2290 2737 velit
2317 2678 2648 2736 societatem
2675 2678 2880 2735 huma·

460 2774 594 2815 nam
624 2758 970 2834 conservari,
1018 2759 1273 2817 omnium
1322 2760 1536 2836 pariter
1576 2758 1816 2819 ferocire
1863 2758 2212 2836 proterviam
2261 2776 2378 2815 non
2407 2758 2560 2832 sinit,
2601 2757 2706 2816 sed
2731 2758 2880 2816 alios

459 2843 621 2896 metu
646 2857 833 2914 poenae
862 2839 1191 2915 compescit,
1222 2838 1367 2898 alios
1414 2858 1608 2910 amore
1655 2838 1876 2917 praemii
1905 2838 2184 2912 accendit,
2231 2837 2448 2915 alioqui
2475 2856 2700 2896 summa
2725 2846 2882 2897 essct

461 2934 653 2974 rerum
680 2918 959 2992 confusio,
990 2918 1041 2976 si
1068 2937 1243 2996 quam
1264 2919 1431 2995 proni
1460 2926 1595 2977 sunt
1622 2938 1826 2976 omues
1849 2918 1926 2975 ad
1951 2918 2176 2995 quaevis
2202 2918 2371 2992 mala,
2415 2927 2534 2975 tam
2561 2917 2622 2975 in
2649 2936 2720 2975 ea
2744 2936 2874 2994 pro-

460 3004 809 3071 rumperent.
894 2996 996 3053 Ad
1021 2998 1129 3055 hos
1156 3017 1297 3055 vero
1324 2997 1563 3056 effectus
1591 2998 2008 3074 producendos,
2043 2999 2204 3056 Deus
2243 3016 2654 3073 nonnunquam
2695 2998 2879 3055 utitur

460 3074 669 3133 mediis
694 3076 1043 3151 quibusdam
1070 3084 1129 3134 et
1156 3077 1349 3137 causis
1374 3076 1660 3152 secundis,
1693 3078 1894 3155 quales
1937 3086 2072 3137 sunt
2114 3081 2167 3136 1.
2191 3078 2382 3153 ιῦφυάι,
2415 3077 2635 3137 scilicet
2659 3078 2876 3135 bonitas

461 3162 700 3229 naturae,
748 3174 825 3213 ex
872 3175 989 3231 qua
1014 3156 1203 3232 major
1226 3156 1323 3215 vel
1350 3157 1537 3215 minor
1564 3166 1654 3215 est
1679 3157 1978 3217 inclinatio
2005 3158 2082 3215 ad
2109 3158 2252 3217 vitia
2277 3176 2382 3235 pro
2409 3156 2629 3215 ratione
2657 3164 2874 3234 tempe-

462 3232 725 3292 ramenti.
810 3239 866 3294 2.
910 3236 1195 3295 Educatio
1224 3244 1283 3295 et
1309 3236 1592 3312 imtimtio,
1638 3238 1808 3315 cujus
1847 3256 2062 3315 magna
2087 3238 2180 3311 vis
2207 3247 2296 3296 est
2321 3237 2384 3294 in
2411 3236 2726 3295 formandis
2753 3256 2875 3293 mo—

462 3312 625 3372 ribus
651 3322 711 3372 et
737 3314 1095 3393 corrigendis
1121 3316 1299 3376 vitiis.
1382 3320 1439 3377 3.
1488 3317 1840 3378 Consuetudo
1881 3326 1941 3377 et
1980 3318 2262 3377 consortia
2299 3318 2544 3377 aliorum
2571 3336 2700 3393 quae
2727 3316 2870 3374 mul·

462 3400 586 3453 tum
615 3394 813 3454 valent
838 3394 901 3453 in
926 3404 1231 3474 utramque
1257 3406 1505 3475 partem3
1548 3398 1698 3458 tales
1737 3397 1856 3456 fere
1885 3416 2100 3471 sumus,
2131 3398 2334 3475 quales
2361 3406 2496 3455 sunt
2531 3396 2874 3473 quibuscum

462 3492 777 3535 versamur.
848 3478 905 3535 4.
934 3477 1257 3553 Disciplina
1282 3478 1455 3537 civilis
1480 3478 1637 3536 circa
1655 3477 1904 3553 praemz'a
1929 3486 1986 3535 et
1997 3496 2216 3554 pamas,
2247 3476 2459 3554 quibus
2486 3476 2712 3535 duobus
2739 3496 2875 3535 con·

462 3552 633 3612 tineri
663 3555 949 3632 Rempu‘b.
980 3556 1133 3616 dixit
1162 3556 1348 3616 Plato.
1431 3559 1487 3617 5.
1530 3558 1794 3632 Infamioe
1818 3566 2011 3632 mettas,
2043 3576 2172 3633 quae
2199 3557 2344 3615 vitia
2371 3566 2431 3615 et
2459 3556 2674 3615 scelera
2699 3556 2876 3615 comi-

460 3632 573 3691 tari
601 3635 765 3710 solet,
796 3645 855 3694 et
880 3635 1049 3695 bonas
1075 3635 1244 3695 famae
1292 3638 1670 3713 conscrvatiO,
1719 3637 1886 3714 cujus
1932 3636 2246 3695 maximam
2291 3637 2570 3695 rationem
2621 3636 2881 3695 saniores

437 3712 615 3771 ,inter
644 3714 924 3773 Ethnicos
951 3715 1153 3773 haberi
1180 3716 1455 3775 volebant
1478 3739 1491 3789 ;
1538 3716 1692 3776 unde
1719 3718 1892 3774 vitam
1919 3726 1970 3774 et
1995 3718 2262 3775 honorem
2298 3717 2446 3792 pari
2474 3736 2656 3791 passu
2681 3718 2874 3774 ambte-

462 3794 589 3851 lare
617 3792 905 3869 dixerunt,
936 3803 997 3853 ct
1022 3816 1141 3872 prae
1170 3796 1393 3855 caeteris
1419 3796 1632 3857 famam
1661 3796 2005 3856 servandam
2033 3816 2178 3872 esse,
2199 3796 2376 3874 juxta
2401 3796 2570 3873 illud,
2611 3797 2800 3855 omnia
2824 3797 2881 3854 εἰ

452 3874 691 3949 perdas,
705 3875 937 3945 samam
962 3894 1193 3935 servare
1219 3885 1505 3935 memento.

721 4010 731 4021 ,
1072 3954 1403 4014 XXXIX.
1445 3956 1787 4031 Impotentia
1811 3956 2064 4015 hominis
2103 3955 2440 4033 peccatoris,
2485 3974 2592 4015 nec
2619 3962 2709 4014 est
2736 3956 2871 4015 sim-

465 4006 952 4113 Imffiffiffizffiss
992 4034 1221 4111 pliciter
1274 4034 1521 4094 dicenda
1564 4037 1816 4109 moralia,-
1875 4035 2348 4095 contradistincte
2403 4036 2480 4094 ad
2529 4038 2868 4110 naturalem,

523 4123 650 4169 citer
740 4139 845 4169 mor
898 4128 951 4197 is,
992 4123 1163 4189 prout
1190 4120 1245 4172 τὶ
1272 4114 1565 4173 moraliter
1590 4114 1949 4191 impossibile
1977 4115 2190 4175 dicitur
2231 4115 2599 4193 Philosophis
2640 4114 2870 4173 morali-

520 4183 867 4286 }ggfgtmffl
882 4184 953 4229 ὼ·
992 4192 1103 4251 bus
1129 4192 1192 4251 id
1219 4192 1377 4271 quod
1402 4194 1520 4252 tale
1547 4202 1636 4253 est
1663 4195 1856 4271 potius
1883 4214 1960 4254 ex
1987 4194 2419 4269 consuetudine,
2451 4214 2623 4272 quam
2651 4212 2728 4252 ex
2769 4214 2871 4253 na-

444 4320 451 4327 .
992 4280 1138 4346 tura,
1170 4280 1229 4331 et
1256 4272 1413 4349 quod
1461 4272 1770 4333 difficulter
1815 4274 2050 4352 quidem
2078 4274 2161 4350 fit,
2186 4274 2254 4334 fit
2300 4283 2496 4333 tamen
2537 4273 2868 4350 aliquando,

464 4370 573 4411 nec
613 4350 687 4410 iis
713 4370 845 4428 quae
871 4350 1136 4411 absolute
1176 4360 1313 4411 sunt
1338 4349 1563 4413 άδῦιιτιι
1600 4354 1892 4413 accenseri
1933 4353 2142 4430 debet3
2185 4374 2318 4412 cum
2347 4354 2460 4412 ista
2485 4351 2740 4429 ἇδυκμάι
2765 4372 2868 4412 no-

463 4430 558 4490 bis
584 4431 662 4491 sit
686 4431 887 4491 innata
913 4440 972 4492 et
997 4431 1402 4511 insuperabilis
1424 4456 1439 4509 3
1484 4434 1609 4493 Nec
1636 4433 1974 4511 simpliciter
1991 4435 2288 4509 naturalis,
2319 4442 2492 4510 prout
2517 4434 2580 4492 id
2605 4433 2871 4493 naturale

464 4518 570 4583 est,
594 4530 631 4567 a
656 4530 773 4587 quo
798 4532 987 4589 neque
1006 4511 1145 4571 boni
1172 4530 1358 4588 neque
1384 4512 1523 4571 mali
1550 4513 1822 4589 dicimur3
1853 4532 1984 4572 cum
2013 4522 2232 4573 certum
2261 4512 2338 4573 sit
2363 4514 2762 4591 impotentiam
2787 4514 2865 4571 is-

442 4595 585 4645 tam
612 4590 881 4649 vitiosam
910 4611 1036 4651 esse
1080 4601 1138 4651 et
1183 4591 1563 4670 culpabilcm;
1610 4592 1728 4652 Vel
1768 4601 1940 4671 prout
1983 4594 2245 4653 naturale
2289 4593 2870 4671 contradistinguitur
