3300 5225
368 324 590 376 01111181.
621 305 784 388 xun]
1430 325 1511 367 1111
1539 323 1824 370 peccaro·
2666 304 2786 364 583

366 475 427 527 et
474 467 797 548 culpabilis,
829 486 959 545 quse
1006 473 1267 528 removet
1307 467 1700 548 cognitionem
1728 488 1858 547 quae
1885 465 2088 528 debuit
2132 463 2356 526 homini
2397 463 2621 541 inesse;
2665 483 2785 524 non

366 548 695 626 ignorantia
718 549 889 628 plane
916 548 1273 608 invincibilis
1300 557 1360 609 et
1385 549 1793 624 involuntaria,
1824 569 2003 630 quum
2030 547 2161 626 quis
2187 547 2420 626 ignorat
2445 543 2602 623 quod
2635 544 2783 604 scire

366 648 485 686 non
511 638 718 706 potest,
766 630 1139 707 quantumvis
1167 629 1362 706 vellet,
1393 630 1531 708 quia
1571 630 1864 708 objectum
1891 628 1980 688 illi
2018 648 2137 687 non
2162 635 2254 687 est
2295 627 2632 702 revelatum,
2678 623 2784 702 sed

367 708 678 785 vincibilis,
711 716 770 769 et
796 708 1079 786 affectata,
1110 729 1291 786 quum
1317 711 1447 788 quis
1488 710 1721 790 ignorat
1748 709 1905 787 quod
1930 717 2123 786 potest
2151 707 2297 768 scire
2326 705 2378 766 si
2402 707 2620 782 vellet3
2663 724 2782 764 non

368 795 488 847 tam
499 790 656 864 sacti
679 797 739 850 et
763 809 1043 867 personae,
1071 799 1138 850 ut
1165 790 1267 868 qui
1294 790 1506 850 occidit
1544 790 1838 849 hominem
1875 787 2167 849 credendo
2209 807 2337 850 esse
2364 786 2561 862 seram,
2605 803 2781 864 quam

351 870 525 944 jur-223,
557 890 737 948 quum
762 869 895 948 quis
922 871 1153 947 ignorat
1180 890 1309 947 (11100
1338 871 1485 929 scire
1512 879 1742 930 tenetur
1769 889 1846 929 ex
1873 869 2078 929 officie.

372 953 377 960 '
448 949 595 1008 VII.
630 950 941 1010 Peccatum
961 959 1160 1009 contra
1178 950 1466 1010 scientiam
1493 958 1583 1009 est
1608 948 1768 1027 quod
1795 948 2173 1008 committitur
2192 967 2229 1006 a
2249 945 2582 1022 scientibus,
2608 943 2781 1023 quale

367 1036 457 1088 est
483 1039 786 1108 peccatum
814 1031 970 1090 servi
995 1030 1151 1106 mali,
1168 1030 1271 1107 qui
1296 1030 1463 1090 novit
1482 1029 1844 1089 voluntatem
1871 1027 2108 1104 domini,
2135 1027 2276 1086 Luc.
2300 1026 2403 1086 xii.
2426 1030 2525 1086 47.
2610 1023 2782 1102 Quod

367 1108 577 1170 iterum
606 1109 825 1189 duplex
853 1119 958 1186 est,
990 1109 1087 1168 vel
1114 1119 1313 1169 contra
1341 1110 1641 1170 scientiam
1679 1107 1979 1168 evidenter
2006 1116 2065 1168 et
2105 1107 2376 1166 distincte
2398 1105 2778 1184 judicantem,

366 1197 427 1248 et
453 1192 641 1270 magis
670 1212 745 1250 ex
773 1199 1105 1268 contemptu
1136 1190 1251 1248 Dei
1289 1198 1348 1249 et
1376 1191 1554 1268 Legis
1596 1189 1826 1265 divinae,
1859 1209 2034 1266 quam
2083 1209 2158 1247 ex
2188 1188 2386 1264 aliqua
2410 1186 2680 1265 passione
2721 1193 2780 1244 et

368 1271 799 1348 perturbatione
828 1271 1035 1344 animi:
1064 1271 1236 1349 quale
1264 1270 1420 1329 cadit
1446 1271 1508 1328 in
1535 1269 1896 1348 irregenitOS,
1916 1277 1974 1328 et
2001 1268 2064 1328 in
2089 1288 2190 1328 eos
2219 1269 2320 1346 qui
2348 1267 2619 1325 dicuntur
2643 1268 2777 1323 ἑκου-

369 1351 481 1416 σ-ίυς
498 1372 743 1428 peccare
762 1361 898 1428 post
922 1360 1211 1427 acceptam
1236 1350 1600 1427 coynia‘onem
1626 1351 1893 1424 veritatis,
1915 1348 2070 1408 Heb.
2094 1369 2154 1408 x.
2177 1351 2286 1408 26:
2316 1348 2414 1406 vel
2442 1354 2644 1405 contra
2664 1344 2777 1404 sci-

364 1433 580 1491 entiam
600 1431 960 1510 judicantem
988 1452 1063 1490 ex
1080 1430 1345 1508 passione
1364 1438 1424 1489 et
1451 1429 1897 1509 perturbatione,
1911 1429 2010 1488 vel
2036 1449 2110 1488 ex
2131 1437 2308 1506 metu,
2340 1436 2399 1488 et
2426 1425 2774 1500 infirmitate,

362 1531 481 1570 non
491 1531 631 1570 vero
643 1533 718 1571 ex
728 1511 1031 1590 praefracto
1044 1510 1222 1587 Legis
1233 1511 1330 1569 vel
1348 1511 1461 1569 Dei
1472 1518 1822 1588 contemptu,
1837 1510 2006 1588 quale
2023 1509 2180 1569 cadit
2196 1510 2370 1570 etiam
2387 1509 2451 1566 in
2465 1505 2775 1584 regenitos.

446 1591 629 1653 VIII.
676 1593 986 1652 Peccatum
1013 1591 1355 1668 ignorantiae
1381 1599 1559 1669 negat
1588 1610 1818 1649 omnem
1845 1589 2235 1668 cognitionem
2261 1597 2382 1648 tam
2402 1585 2778 1647 theoreticam

365 1691 539 1749 quam
567 1673 897 1751 practicam.
986 1669 1103 1730 Sed
1130 1679 1431 1748 peccatum
1460 1679 1661 1730 contra
1689 1669 1986 1729 scientiam
2014 1690 2133 1729 non
2159 1679 2337 1746 negat
2363 1665 2599 1746 quidem
2639 1684 2777 1741 cog-

364 1752 644 1812 nitionem
687 1751 1079 1826 theoreticam,
1112 1751 1217 1810 sed
1258 1770 1376 1810 non
1416 1751 1594 1810 habet
1635 1751 1968 1828 practicam.
2055 1750 2366 1809 Peccatum
2414 1755 2615 1806 contra
2641 1765 2778 1803 con-

362 1831 663 1891 scientiam
689 1832 866 1890 habet
892 1831 1281 1909 cognitionem
1311 1831 1686 1891 theoreticam
1716 1840 1778 1890 et
1802 1831 2132 1908 practicam,
2157 1830 2262 1889 sed
2287 1829 2630 1901 absolutam,
2660 1844 2780 1882 non

363 1931 491 1971 com
534 1920 770 1971 aratam.

492 1933 531 1990 P
969 1991 1089 2050 IX.
1133 1993 1435 2052 Peccatum
1461 1991 1558 2050 vel
1586 1998 1678 2051 est
1705 1991 2064 2072 infirmitatiS,
2078 1990 2178 2050 vel
2201 1989 2458 2066 malitioe3
2488 1985 2585 2046 vel
2607 1985 2780 2063 plane

886 2072 1280 2148 voluntarium,
1312 2073 1409 2130 vel
1457 2070 1774 2130 secundum
1823 2069 1966 2148 quid
2012 2070 2465 2129 involuntarium.
2576 2065 2672 2125 Sic
2716 2063 2781 2121 in

887 2153 1092 2212 Veteri
1134 2153 1507 2212 Testamento
1548 2149 2057 2228 distinguebantur
2102 2157 2355 2228 peccata,
2387 2169 2516 2227 quae
2559 2146 2781 2205 fiebant

364 2255 531 2308 raa-1³2,
560 2253 664 2311 per
691 2252 945 2292 errorem
966 2241 1025 2292 et
1051 2231 1445 2312 infirmitatem,
1478 2231 1653 2291 Num.
1675 2252 1775 2290 xv.
1807 2233 1904 2306 25,
1934 2230 2008 2288 ab
2036 2231 2109 2288 iis
2137 2249 2267 2308 quae
2295 2228 2512 2302 fiebant
2538 2249 2641 2286 nm
2675 2249 2778 2312 wa,

366 2317 517 2373 elata
544 2334 734 2389 manu,
766 2313 1004 2374 Numer.
1035 2333 1135 2371 xv.
1168 2315 1264 2387 30,
1279 2332 1459 2390 quum
1488 2311 1710 2371 scilicet
1740 2318 2008 2389 peccator
2035 2309 2198 2370 addit
2224 2308 2378 2368 malo
2399 2309 2558 2388 quod
2577 2330 2778 2388 perpe·

366 2402 482 2453 trat
509 2393 929 2453 contumaciam
977 2401 1036 2452 et
1084 2391 1430 2470 superbiam,
1460 2412 1565 2469 per
1612 2411 1788 2469 quam
1833 2392 2008 2470 pleno
2049 2409 2335 2451 consensu
2375 2398 2433 2453 et
2461 2388 2782 2454 deliberata

363 2473 587 2535 malitia
626 2481 844 2552 peccat,
876 2481 936 2532 et
982 2473 1044 2531 in
1089 2480 1327 2551 peccato
1376 2492 1481 2532 suo
1531 2472 1829 2549 gloriatur.
1916 2471 2014 2531 Sic
2059 2470 2157 2532 Ps.
2186 2469 2311 2528 xix.
2346 2473 2438 2546 13,
2471 2490 2690 2532 errores
2721 2481 2782 2534 et

362 2562 602 2633 peccata
629 2554 857 2614 occulta
883 2552 1320 2633 distinguuntur
1346 2573 1385 2613 a
1408 2553 1696 2631 superbias,
1726 2552 1805 2612 id.
1835 2550 2088 2632 peccatis
2130 2550 2470 2629 pervicaciae
2507 2560 2566 2612 et
2591 2551 2778 2613 rebel·

360 2635 533 2695 lionis
562 2635 899 2695 manifestae.
985 2635 1203 2694 Paulus
1231 2632 1304 2693 de
1334 2654 1396 2694 se
1422 2635 1668 2712 loquens
1695 2632 1837 2693 dicit
1865 2654 1926 2693 se
1959 2634 1995 2665 “
2016 2630 2203 2691 facere
2232 2632 2450 2692 malum
2477 2633 2632 2710 (111οᾶ
2663 2655 2781 2694 11011

363 2716 551 2791 vult,''
583 2716 693 2775 Ro.
723 2716 824 2775 vii.
859 2717 951 2791 19,
984 2714 1087 2775 sed
1135 2714 1277 2774 alibi
1304 2714 1489 2774 Hebr.
1520 2736 1579 2773 x.
1626 2716 1723 2791 26,
1753 2713 2012 2791 loquitur
2059 2711 2132 2771 de
2164 2713 2200 2744 “
2222 2711 2340 2770 illis
2388 2712 2491 2790 qui
2535 2722 2782 2791 peccant

356 2797 595 2874 ἷκουσίυς,
626 2796 1009 2857 voluntaria„

646 2933 659 2945 ,
810 2932 822 2946 ,
969 2876 1055 2935 X.
1099 2875 1195 2935 Ita
1236 2876 1539 2935 Peccatum
1581 2873 1921 2955 infimitatis
1965 2881 2024 2932 et
2050 2871 2442 2933 voluntarium
2485 2880 2590 2949 est,
2621 2874 2780 2951 quod

362 2933 845 3037 Peccatpaxpismflrm-
886 2956 1069 3017 oritur
1096 2976 1173 3015 ex
1198 2955 1543 3035 ignorantia,
1569 2954 1956 3032 subreptione,
1975 2953 2073 3012 vel
2095 2952 2261 3031 gravi
2289 2952 2484 3029 aliqua
2508 2953 2778 3030 passione

888 3038 1191 3096 subitanea
1224 3036 1510 3113 judicium
1540 3043 1954 3110 antevertente,
1986 3033 2176 3111 qualis
2223 3041 2314 3091 est
2339 3040 2527 3092 metus
2555 3034 2776 3110 mortiet,

364 3115 462 3174 vel
489 3135 621 3174 cum
649 3117 809 3176 lucta
836 3136 937 3175 seu
966 3116 1310 3191 resistentia,
1342 3116 1446 3175 sed
1472 3114 1751 3175 inefficaci
1781 3114 1856 3175 ob
1875 3113 2205 3192 passionem
2226 3113 2326 3171 vel
2365 3113 2779 3174 tentationem:

363 3196 461 3253 vel
488 3196 647 3272 quod
672 3196 737 3255 fit
765 3195 984 3272 absque
1032 3205 1190 3255 certo
1216 3196 1512 3273 proposito
1554 3194 1968 3271 committendi,
2000 3193 2156 3272 quod
2183 3194 2246 3251 in
2271 3193 2525 3271 peccatis
2553 3194 2778 3271 regeni-

362 3282 553 3335 torum
581 3295 711 3352 quae
739 3274 999 3353 qnotidie
1028 3274 1479 3351 committuntur,
1512 3283 1766 3353 apparet.

363 3402 623 3447 Peccatum
632 3401 835 3447 malitiae
974 3354 1095 3414 XI.
1138 3356 1438 3413 Peccatum
1454 3374 1593 3412 vero
1622 3352 1853 3411 malitz'oe
1878 3352 2027 3411 illud
2055 3361 2160 3428 est,
2185 3352 2342 3428 quod
2369 3373 2486 3411 non
2515 3373 2590 3411 ex
2612 3352 2776 3431 igno-

838 3430 851 3444 '
892 3434 1099 3508 rantia,
1130 3433 1229 3493 vel
1267 3433 1615 3507 infirmitate,
1648 3440 1749 3491 aut
1787 3439 1947 3489 metu
1989 3431 2380 3506 committitur,
2413 3431 2518 3490 sed
2555 3453 2630 3491 ex
2659 3454 2778 3491 ma-

362 3513 490 3574 litia
518 3522 576 3575 et
602 3514 980 3590 contumacia,
1012 3523 1070 3573 et
1098 3533 1230 3573 cum
1257 3513 1450 3591 aliquo
1490 3511 1786 3591 proposito
1815 3510 2229 3584 committendi,
2260 3510 2357 3568 vel
2397 3511 2610 3570 actuali
2652 3520 2777 3570 tan-

362 3603 506 3670 tum,
537 3604 663 3654 orto
692 3615 767 3653 ex
816 3595 1010 3673 aliqua
1037 3592 1453 3654 vehementiori
1500 3593 1785 3669 passione,
1825 3610 1956 3668 quae
2004 3590 2243 3649 rationis
2284 3588 2570 3666 judicium
2612 3591 2779 3666 quasi

364 3676 655 3753 opprimit,
686 3683 745 3736 et
770 3676 1063 3735 hominem
1090 3684 1482 3733 transversum
1512 3671 1742 3751 abripit,
1773 3670 1930 3749 quod
1957 3670 2132 3729 etiam
2172 3669 2234 3726 in
2260 3670 2555 3745 regenitos
2584 3670 2776 3747 cadit;

366 3757 462 3815 vel
488 3755 773 3815 habituali
798 3763 858 3814 et
884 3754 1096 3815 actuali
1126 3754 1313 3830 simul,
1346 3774 1524 3832 quum
1552 3774 1672 3812 non
1699 3772 1830 3810 cum
1859 3750 2184 3810 resistentia
2212 3758 2270 3808 et
2297 3749 2471 3825 lucta,
2501 3748 2606 3808 sed
2634 3748 2776 3808 deli-

364 3835 565 3895 berato
594 3843 653 3895 et
679 3836 853 3913 pleno
900 3835 1078 3895 animi
1106 3854 1391 3894 consensu
1436 3842 1635 3892 contra
1662 3831 1925 3891 veritatis
1970 3828 2358 3907 cognitionem
2399 3838 2776 3907 perpetratur,

364 3916 537 3993 quale
566 3924 656 3975 est
682 3936 881 3975 eorum
922 3916 1025 3993 qui
1053 3914 1339 3993 Apostolo
1383 3913 1655 3973 dicuntur
1695 3932 1932 3989 peccare
1960 3910 2179 3975 ἑκουσίας
2205 3908 2335 3969 1000
2373 3909 2550 3969 citato
2593 3909 2778 3979 Hebr.

364 4015 426 4055 x.
457 3998 554 4071 26,
584 4016 703 4055 non
750 3999 879 4072 late,
910 3996 1014 4055 sed
1039 3996 1227 4055 stricte
1254 4003 1312 4055 et
1352 3993 1605 4052 maxime
1652 3991 1898 4071 proprie,
1930 3989 2088 4068 quod
2113 3989 2345 4049 videtur
2385 3989 2446 4049 in
2474 3989 2781 4068 Apostatis

363 4076 645 4154 plurimis,
677 4084 737 4137 et
762 4076 880 4135 illis
906 4076 1223 4153 praesertim
1252 4074 1354 4151 qui
1379 4082 1623 4167 peccant
1650 4073 1713 4131 in
1745 4071 2021 4149 Spiritum
2053 4070 2131 4208 Si,
2164 4069 2237 4128 (10
2265 4069 2724 4209 (11111108.Ροἕο0.

362 4196 409 4240 ⁴·
426 4194 853 4308 masaia
894 4156 1942 4311 ..ffifflggffiflafflffl
1959 4150 2236 4309 3,.ῒοῗᾷ
2252 4160 2336 4289 ῗί
2370 4152 2605 4309 ῗὲὂίξξὲ.
2647 4158 2782 4289 ἑὲἲ.

424 4316 529 4357 tum
554 4312 781 4357 habitans
797 4314 849 4357 ⁰³
891 4325 949 4375 et
976 4324 1142 4375 extra
1181 4315 1347 4373 illum
1390 4313 1623 4389 resistit,
1672 4312 1938 4391 quamvis
1983 4311 2069 4369 illi
2115 4319 2351 4389 propter
2390 4310 2780 4369 infirmitatem

428 4384 652 4429 regnans.
892 4395 1245 4472 succumbat,
1278 4394 1437 4473 quod
1476 4414 1593 4453 non
1634 4392 1702 4453 fit
1743 4392 1866 4451 sine
1915 4391 2164 4468 quadam
2207 4392 2382 4465 lucta,
2412 4391 2510 4449 vel
2551 4398 2779 4448 antece-

367 4476 557 4553 dente,
589 4476 687 4536 vel
736 4477 1175 4552 concomitante,
1216 4476 1311 4535 vel
1358 4474 1764 4551 subsequente,
1797 4472 1968 4549 quale
2017 4479 2107 4530 est
2147 4472 2209 4528 in
2250 4470 2564 4547 regenitis3
2613 4469 2784 4528 Istud

367 4576 506 4616 vero
535 4556 692 4635 quod
709 4557 777 4617 fit
798 4557 922 4616 sine
950 4557 1123 4632 lucta,
1155 4564 1214 4615 et
1240 4556 1332 4614 cui
1349 4563 1619 4634 peccator
1640 4552 1968 4612 omnimode
1991 4551 2187 4625 servit,
2212 4558 2334 4609 tum
2357 4548 2781 4624 antecedenter,

364 4657 469 4715 per
493 4637 935 4717 propensionem
964 4657 1069 4699 seu
1094 4637 1451 4715 propositum
1493 4643 1611 4695 tam
1653 4631 1950 4693 habituale
1992 4652 2166 4709 quam
2207 4630 2450 4706 actuale,
2481 4638 2605 4689 tum
2647 4649 2782 4688 con-

364 2047 623 2093 Peccatum
645 2046 847 2092 infirmi-

393 2107 511 2152 tatis
533 2110 585 2152 et
603 2107 817 2152 malitia.
