3300 5225
562 378 677 436 148
1538 395 1722 437 Locus
1751 392 2071 435 monnone.
2559 369 2816 453 [Qufflsr.
2845 388 2976 433 xxx.

470 556 479 565 ·
561 546 703 615 reat,
733 536 1076 617 persuadere
1102 544 1431 616 potuerunt.
1514 538 1639 597 Nec
1665 544 1743 614 te,
1785 535 1868 595 mi
1893 534 2086 611 frater,
2131 532 2341 593 sentire
2381 530 2604 611 aliquid
2630 531 2800 592 aliter
2824 531 2981 591 exis·

564 619 725 693 timo,
755 637 989 695 prorsus
1035 616 1291 696 inquam,
1320 637 1438 677 non
1480 625 1541 677 te
1568 618 1816 677 arbitror
1842 617 1925 676 sic
1964 615 2086 693 legi
2130 614 2312 672 libros
2338 620 2471 673 tuos
2497 613 2670 689 velle,
2700 620 2979 689 tanquam

570 699 993 777 Prophetarum
1046 698 1145 759 vel
1193 696 1627 775 Apostolorum,
1674 698 1746 756 de
1794 715 2039 774 quorum
2091 693 2333 772 Scriptis
2379 692 2538 770 quod
2585 693 2743 751 omni
2785 710 2980 751 errore

569 786 804 838 careant
844 778 1109 837 dubitare
1150 777 1433 837 nefarium
1472 778 1621 837 est.''
1667 776 1747 835 Et
1791 776 1979 853 Epist.
2041 775 2134 833 iii:
2184 774 2261 833 ad
2319 773 2622 832 Fortunat.
2710 774 2746 805 ‘⁴
2776 771 2982 848 Neque

568 858 957 936 quorumlibet
983 858 1416 936 disputationes,
1438 856 1706 935 quamvis
1735 854 2160 915 Catholicorum
2189 859 2248 913 et
2272 852 2636 912 laudatorum
2661 851 2982 926 hominum,

568 939 732 997 velut
784 938 1108 1016 Scripturas
1157 938 1477 997 Canonicas
1523 937 1737 995 habere
1774 935 2068 1010 debemus,
2117 942 2185 992 ut
2231 932 2402 992 nobis
2443 952 2563 991 non
2597 932 2772 991 liceat
2819 931 2986 989 salva

568 1018 1005 1077 honorificentia
1032 1038 1161 1095 quae
1189 1017 1306 1075 illis
1334 1016 1576 1077 debetur
1613 1015 1963 1089 hominibus,
2006 1012 2228 1092 aliquid
2274 1013 2336 1071 in
2379 1032 2578 1072 eorum
2620 1010 2848 1088 scriptis
2874 1010 2984 1067 im-

568 1098 813 1176 probare
840 1106 1011 1175 atque
1040 1116 1323 1175 respuere,
1372 1098 1422 1155 si
1447 1096 1593 1155 forte
1641 1094 2033 1153 inveniremus
2081 1092 2237 1171 quod
2276 1092 2445 1151 aliter
2485 1092 2770 1150 senserint
2809 1108 2986 1167 quam

571 1178 789 1237 veritas
816 1178 1009 1236 habet.
1092 1178 1251 1236 Talis
1280 1196 1391 1254 ego
1419 1196 1546 1235 sum
1574 1175 1637 1234 in
1665 1175 1894 1253 scriptis
1923 1174 2185 1249 aliorum,
2227 1172 2376 1233 tales
2403 1172 2539 1231 volo
2567 1189 2694 1230 esse
2721 1170 2982 1229 intellec-

570 1264 727 1317 tores
770 1257 1088 1315 meorum.'’
1134 1257 1213 1317 Et
1256 1264 1457 1315 contra
1484 1256 1754 1315 Crescon.
1796 1255 1898 1313 lib.
1941 1254 2001 1312 ii.
2031 1274 2082 1312 c.
2113 1256 2210 1313 31.
2295 1254 2331 1286 “
2361 1252 2484 1311 Nos
2527 1251 2746 1309 nullam
2777 1249 2983 1327 Cypri-

572 1356 685 1395 ano
712 1336 955 1395 facimus
980 1336 1271 1413 injuriam,
1314 1356 1446 1396 cum
1482 1337 1616 1414 ‚ejus
1657 1334 1951 1413 quaslibet
1989 1334 2188 1392 literas
2227 1352 2264 1391 a
2305 1331 2596 1391 Canonica
2638 1330 2983 1389 Divinarum

577 1416 1001 1494 Scriptus-arum
1041 1416 1389 1476 authoritate
1430 1415 1878 1493 distinguimus:
1921 1413 1977 1472 N
1979 1433 2046 1473 ec
2086 1413 2241 1472 enim
2268 1412 2393 1471 sine
2421 1430 2595 1471 causa
2621 1418 2740 1469 tam
2767 1408 2988 1469 salubri

573 1496 879 1574 vigilantia
900 1496 1099 1555 Canon
1122 1494 1565 1555 Ecclesiasticus
1582 1494 1930 1555 constitutus
1959 1502 2064 1569 est,
2095 1494 2171 1551 ad
2198 1512 2370 1570 quem
2398 1490 2539 1550 certi
2569 1490 2986 1569 Prophetarum

573 1586 634 1635 et
662 1576 1077 1653 Apostolorum
1124 1575 1258 1635 libri
1284 1575 1624 1651 pertineant,
1671 1594 1820 1652 quos
1848 1573 2079 1632 omnino
2101 1571 2364 1650 judicare
2409 1590 2527 1629 non
2553 1570 2884 1643 audeamuS‚
2927 1576 2990 1627 et

576 1655 893 1715 secundum
920 1674 1067 1732 quos
1094 1654 1167 1716 de
1216 1654 1439 1713 caeteris
1481 1654 1666 1713 literis
1708 1653 1806 1712 vel
1845 1653 2103 1712 fidelium
2130 1652 2228 1711 vel
2267 1650 2586 1711 infidelium
2625 1650 2804 1709 libere
2826 1648 2984 1727 judi-

578 1736 834 1811 cemuS‚''
880 1735 960 1793 Et
986 1754 1037 1798 c.
1067 1734 1255 1793 xxxii.
1322 1736 1358 1768 “
1382 1734 1512 1812 Ego
1538 1734 1716 1812 hujus
1745 1733 2026 1811 Epistolae
2053 1732 2400 1792 authoritate
2426 1749 2544 1790 non
2586 1736 2801 1805 teneor,
2849 1727 2989 1805 quia

574 1816 775 1874 literas
804 1814 1079 1893 Cypriani
1118 1833 1234 1871 non
1252 1870 1259 1877 ,
1274 1811 1337 1873 in
1365 1814 1684 1873 canonicas
1711 1814 1916 1890 habeo,
1961 1812 2064 1872 sed
2105 1831 2203 1871 eas
2230 1832 2306 1870 ex
2335 1809 2638 1870 Canonicis
2666 1807 2986 1883 consider0‚

578 1904 638 1954 et
665 1894 822 1973 quod
850 1894 911 1953 in
954 1894 1041 1954 ‘eis
1083 1892 1411 1953 divinarum
1462 1894 1885 1972 Scripturarum
1931 1892 2268 1952 authoritati
2309 1890 2593 1968 congruit,
2640 1908 2771 1948 cum
2813 1888 2987 1947 laude

578 1976 707 2052 ejus
736 1974 972 2051 accipio,
1004 1973 1160 2051 quod
1186 1982 1381 2033 autem
1426 1993 1543 2033 non
1592 1973 1875 2051 congruit,
1923 1993 2054 2033 cum
2097 1991 2240 2049 pace
2288 1971 2416 2048 ejus
2461 1970 2727 2047 respuo.''
2773 1968 2988 2027 Fusius

578 2055 753 2116 etiam
782 2062 841 2112 et
867 2054 1071 2113 fortius
1096 2052 1350 2132 idipsum
1398 2053 1715 2129 confirmat,
1764 2053 1868 2113 lib.
1897 2053 1978 2113 xi.
2021 2061 2222 2112 contra
2266 2051 2548 2110 Faustum
2578 2048 2988 2123 Manichaeum,

575 2154 626 2193 c.
645 2154 704 2193 v.
727 2135 763 2167 “
782 2133 933 2209 Ibi,’'
963 2133 1123 2192 nimi.
1142 2133 1204 2191 in
1228 2133 1538 2210 Scripturis
1560 2133 1882 2209 Canonicis‚
1917 2136 1954 2166 “
1983 2132 2032 2193 si
2060 2130 2202 2211 quid
2218 2130 2381 2190 velut
2395 2129 2708 2189 absurdum
2724 2127 2988 2203 moverit,

576 2234 695 2273 non
734 2213 872 2273 licet
898 2212 1107 2289 dicere,
1139 2212 1373 2273 Author
1411 2214 1587 2291 hujus
1627 2213 1763 2271 libri
1789 2234 1906 2272 non
1933 2213 2120 2273 tenuit
2147 2210 2446 2270 veritatem
2470 2232 2484 2285 ;
2529 2208 2633 2269 sed
2659 2216 2760 2267 aut
2788 2206 2990 2267 Codex

576 2293 887 2353 mendosus
914 2302 1019 2367 est,
1050 2301 1151 2353 aut
1180 2292 1473 2371 Interpres
1500 2293 1732 2370 erravit,
1779 2301 1880 2353 aut
1927 2301 1992 2353 tu
2038 2312 2156 2351 non
2196 2290 2492 2367 intelligis.
2576 2289 2650 2347 In
2697 2287 2991 2364 opusculis

576 2383 769 2434 autem
796 2374 1192 2450 posteriorum,
1223 2393 1353 2450 quae
1380 2372 1545 2432 libris
1572 2371 2088 2432 innumerabilibus
2115 2370 2496 2446 continentur,
2527 2368 2631 2429 sed
2655 2366 2992 2427 nullomodo

575 2454 694 2513 illae
722 2454 1121 2512 sacratissimae
1145 2452 1563 2513 Canonicarum
1588 2452 2012 2529 Scripturarum
2033 2450 2392 2511 excellentiae
2409 2456 2795 2526 coaequantur,
2815 2448 2988 2506 etiam

577 2536 645 2593 in·
660 2533 1097 2610 quibuscunque
1114 2552 1313 2592 eorum
1340 2533 1635 2592 invenitur
1660 2552 1766 2609 par
1786 2531 2017 2608 veritas,
2046 2532 2221 2609 longe
2239 2540 2431 2589 tamen
2459 2537 2549 2588 est
2575 2528 2761 2605 impar
2787 2526 2990 2587 autho·

579 2613 778 2673 ritas.''
826 2613 1167 2690 Hieronym.
1198 2631 1315 2671 non
1344 2612 1699 2688 absimiliter,
1731 2613 1896 2705 epist.
1924 2612 2051 2671 lxii.
2080 2613 2156 2670 ad
2183 2609 2442 2688 Theoph.
2461 2607 2754 2669 Alexand.
2800 2608 2838 2642 ‘⁴
2859 2606 2992 2667 Scio

580 2713 674 2752 me
700 2692 869 2750 aliter
892 2692 1105 2751 habere
1132 2691 1470 2770 Apostolos,
1501 2693 1669 2753 aliter
1706 2693 1932 2769 aliquos
1972 2691 2370 2766 'Iractatoreffi
2413 2691 2546 2749 illos
2588 2707 2814 2767 semper
2852 2707 2993 2746 vera

581 2771 789 2847 dicere,
819 2770 963 2830 istos
1004 2771 1067 2830 in
1113 2771 1458 2849 quibusdam
1502 2780 1569 2831 ut
1610 2772 1874 2831 homines
1918 2791 2106 2831 errare
2125 2772 2180 2848 ;’'
2223 2780 2284 2830 et
2329 2771 2497 2849 epist.
2523 2769 2713 2828 lxxvi.
2799 2769 2837 2802 “
2861 2767 2994 2844 Ego

582 2851 892 2928 Origenem
918 2860 1153 2929 propter
1178 2850 1559 2910 eruditionem
1602 2851 1686 2911 sic
1712 2851 2002 2912 interdum
2040 2851 2354 2928 legendum
2395 2849 2656 2925 arbitror,
2701 2847 2992 2925 quomodo

580 2930 1017 3006 Tertullianum,
1050 2931 1360 3006 Novatum‚
1392 2930 1738 3006 Arnobium,
1759 2941 1818 2991 et
1844 2931 2152 2992 nonnullos
2181 2929 2622 2990 Ecclesiasticos
2653 2927 2992 3005 Scriptores,

580 3021 648 3071 ut
673 3012 827 3071 bona
855 3029 1053 3070 eorum
1080 3011 1381 3088 eligamus,
1429 3012 1827 3089 evitemusque
1872 3011 2173 3087 contraria,
2218 3011 2393 3088 juxta
2420 3008 2770 3088 Apostolum
2800 3005 2992 3066 dicen-

581 3099 717 3166 tem,
748 3088 942 3148 omnia
967 3090 1221 3168 probate,
1252 3091 1409 3168 quod
1436 3091 1652 3151 bonum
1680 3099 1770 3152 est
1809 3092 2109 3151 retinete.''
2195 3090 2328 3150 Hoc
2368 3090 2584 3168 passim
2623 3086 2890 3161 inculcat,
2936 3095 2997 3144 et

581 3189 796 3247 magna
819 3169 1084 3234 libertate
1112 3169 1429 3230 censoriam
1456 3171 1746 3248 virgulam
1771 3170 2088 3230 identidem
2115 3169 2350 3248 stringit
2389 3170 2450 3227 in
2478 3167 2836 3246 superiorum
2864 3185 2992 3225 sen-

582 3251 794 3310 tentias
821 3257 882 3308 et
907 3249 1315 3328 expositiones,
1344 3250 1463 3310 imo
1506 3259 1566 3310 et
1593 3251 1667 3310 de
1712 3251 1942 3329 scriptis
1969 3251 2089 3310 suis
2116 3250 2198 3310 ita
2215 3249 2504 3326 loquitur;
2552 3251 2588 3281 “
2625 3248 2688 3306 Si
2717 3247 2848 3324 quis
2875 3265 2993 3303 mc-

582 3330 713 3404 lius,
746 3330 861 3388 imo
888 3330 1085 3389 verius
1111 3330 1339 3404 dixerit,
1384 3339 1443 3390 et
1480 3350 1589 3390 nos
1627 3331 1877 3390 libenter
1915 3330 2250 3389 melioribus
2289 3329 2720 3406 acquiescemus
2739 3328 2795 3402 ;”
2839 3345 2995 3384 com-

582 3419 795 3470 menta.
842 3409 903 3466 in
948 3409 1141 3468 Haba.
1187 3418 1246 3470 et
1274 3410 1449 3470 Zach.
1478 3418 1521 3470 t.
1548 3430 1609 3471 v.
1657 3410 1822 3470 Idem
1863 3417 2110 3470 testatur
2137 3408 2486 3468 Ambrosius
2513 3408 2586 3467 de
2615 3406 2850 3466 Domin.
2896 3405 2995 3462 In-

583 3498 773 3552 carna‘.
808 3489 1059 3549 Sacram.
1090 3510 1139 3550 c.
1168 3489 1251 3548 iii.
1339 3492 1375 3523 ‘⁴
1394 3490 1449 3549 N
1452 3491 1545 3549 olo
1572 3490 1742 3549 nobis
1761 3489 2054 3565 credatur3
2090 3489 2384 3566 Scriptura
2409 3487 2708 3562 recitetur3
2737 3504 2856 3543 non
2883 3503 2996 3562 ego

581 3570 713 3631 dico
739 3590 776 3631 a
802 3589 893 3631 me
920 3571 1059 3648 quia
1084 3569 1145 3630 in
1172 3569 1453 3649 principio
1482 3578 1605 3630 erat
1632 3569 1910 3645 Verbum,
1955 3568 2060 3630 sed
2099 3568 2300 3644 audi03
2342 3587 2460 3626 non
2487 3587 2598 3644 ego
2637 3565 2852 3642 affingo
2893 3562 2999 3623 sed

580 3651 773 3728 leg0,''
822 3651 931 3712 Sco.
974 3658 1035 3710 et
1077 3650 1277 3728 cyrill.
1323 3650 1591 3710 Hieroso.
1636 3650 1869 3710 Catech.
1912 3650 2016 3708 xii.
2100 3650 2138 3682 ‘⁴
2178 3648 2330 3708 Meis
2370 3645 2709 3707 commentis
2757 3650 2998 3726 ιὺςωτλο-

580 3736 718 3803 γίσιις
757 3753 875 3793 non
904 3731 1155 3806 attende,
1206 3749 1407 3806 posses
1451 3731 1606 3789 enim
1644 3728 1794 3789 forte
1841 3728 2068 3806 decipi3
2113 3727 2217 3788 sed
2258 3728 2374 3787 nisi
2417 3727 2491 3787 de
2549 3725 2796 3804 singulis
2851 3726 2996 3783 Pro-

581 3813 882 3888 phetarum
909 3809 1240 3871 testimonia
1266 3810 1572 3887 acceperis,
1601 3829 1678 3868 ne
1703 3809 1905 3869 credas
1931 3808 2162 3884 dictis,''
2194 3805 2303 3867 Sec.

1188 3887 1275 3948 X.
1318 3892 1378 3947 4.
1424 3889 1716 3948 Pontificii
1767 3889 1884 3965 ipsi
1937 3888 2344 3948 authoritatem
2386 3885 2626 3945 Patrum
2667 3884 3003 3963 repudiant,-

1106 3967 1333 4044 quoties
1361 3967 1474 4026 sibi
1500 3967 1798 4027 adversari
1823 3976 2162 4045 agnoscunt,
2207 3976 2266 4026 et
2293 3965 2472 4025 libere
2498 3965 2574 4024 ab
2601 3964 2674 4023 iis
2700 3964 2994 4039 recedunt,

1104 4055 1330 4105 tantum
1356 4047 1521 4106 abest
1547 4056 1613 4106 ut
1640 4066 1741 4106 eos
1766 4067 1872 4125 pro
1898 4047 2212 4107 Judicibus
2232 4054 2550 4124 agnoscant
2569 4045 2630 4102 iu
2648 4044 2820 4104 rebus
2839 4042 2996 4102 fidei.

587 4123 764 4182 Plura
810 4131 1053 4200 possunt
1099 4124 1291 4184 afferri
1339 4126 1468 4184 loca
1514 4126 1628 4184 huc
1675 4125 1945 4188 facientia
1986 4134 2195 4204 praeter
2235 4145 2304 4184 ea
2343 4145 2474 4202 quse
2517 4145 2592 4184 ex
2622 4123 2993 4197 Bellarmino,

586 4203 755 4262 Sixto
788 4203 1046 4278 Senensi,
1092 4212 1152 4264 et
1182 4204 1513 4263 Salmerone
1542 4213 1676 4264 ante
1703 4205 1880 4266 allata
1906 4215 2058 4266 sunt.
2145 4206 2452 4282 Cajetanus
2479 4203 2726 4283 (praefat.
2755 4204 2818 4262 in
2847 4203 2995 4262 Pen-

582 4283 715 4361 tat.)
746 4283 991 4360 loquens
1034 4283 1109 4342 de
1153 4283 1275 4342 suis
1318 4283 1379 4341 in
1410 4283 1766 4362 Scripturam
1793 4287 2218 4346 commentariis
2242 4307 2258 4345 ε
2304 4287 2341 4318 “
2373 4285 2437 4344 Si
2465 4284 2757 4362 quando,”
2786 4282 2992 4360 inquit,

586 4363 882 4422 “occurrit
908 4382 1097 4422 novus
1125 4382 1329 4423 sensus
1356 4365 1543 4423 textui
1572 4384 1912 4441 consonans,
1942 4367 2050 4425 nec'
2076 4386 2113 4424 a
2143 4365 2204 4426 S.
2227 4365 2539 4441 Scriptura,
2563 4383 2672 4423 nee
2700 4363 2774 4422 ab
2793 4362 2996 4421 Eccle-

582 4442 683 4502 aiae
711 4440 973 4502 doctrina
1000 4442 1287 4518 dissonus,
1308 4444 1573 4520 quamvis
1602 4465 1637 4502 a
1663 4453 1915 4504 torrente
1935 4446 2252 4505 Doctorum
2281 4464 2572 4504 sacrorum
2595 4444 2835 4517 alienus,
2853 4461 2998 4518 rogo

583 4522 855 4581 Lectores
884 4543 1083 4582 omnes
1110 4541 1183 4581 ne
1212 4523 1533 4601 praecipites
1561 4524 1934 4600 detestentur,
1959 4526 2063 4585 sed
2090 4545 2287 4603 aequos
2309 4544 2370 4584 se
2389 4525 2684 4603 praebeant
2709 4541 2996 4582 censores.

584 4601 737 4662 Solis
770 4602 960 4662 Sacrae·
991 4603 1300 4680 Scripturas
1328 4603 1666 4663 authoribus
1694 4614 1985 4664 reservata
2025 4605 2344 4664 authoritas
2371 4605 2496 4663 haec
2521 4611 2630 4678 est,
2659 4611 2726 4661 ut
2753 4600 2884 4660 ideo
2913 4600 2998 4659 sic

579 4682 879 4742 credamus
908 4703 1053 4760 esse,
1084 4683 1220 4760 quia
1260 4684 1370 4762 ipsi
1412 4683 1494 4742 ita
1538 4683 1906 4763 scripserunt.
1993 4686 2008 4716 ‘
2030 4683 2202 4744 Alios
2243 4686 2474 4760 autem,'
2522 4682 2710 4762 inquit
2738 4680 2993 4758 August.

581 3953 613 3998 4
677 3955 923 4000 Pontificii
972 3954 1065 4012 ipsi

604 4013 777 4058 Patres
798 4012 1041 4070 rejiciunt.
