<?xml version="1.0" encoding="UTF-8"?>
<!DOCTYPE html PUBLIC "-//W3C//DTD XHTML 1.0 Transitional//EN"
    "http://www.w3.org/TR/xhtml1/DTD/xhtml1-transitional.dtd">
<html xmlns="http://www.w3.org/1999/xhtml" xml:lang="en" lang="en">
 <head>
  <title>
</title>
<meta http-equiv="Content-Type" content="text/html;charset=utf-8" />
  <meta name='ocr-system' content='tesseract 3.04.00' />
  <meta name='ocr-capabilities' content='ocr_page ocr_carea ocr_par ocr_line ocrx_word'/>
</head>
<body>
  <div class='ocr_page' id='page_1' title='image "./institutiotheol00turrgoog_0044.png"; bbox 0 0 3300 5225; ppageno 0'>
   <div class='ocr_carea' id='block_1_1' title="bbox 478 258 2042 332">
    <p class='ocr_par' dir='ltr' id='par_1_1' title="bbox 478 258 2042 332">
     <span class='ocr_line' id='line_1_1' title="bbox 478 258 2042 332; baseline 0.003 -4"><span class='ocrx_word' id='word_1_1' title='bbox 478 258 546 320; x_wconf 80' lang='lat' dir='ltr'><strong>xl</strong></span> <span class='ocrx_word' id='word_1_2' title='bbox 1371 280 1634 329; x_wconf 78' lang='lat' dir='ltr'><strong>ORATIO</strong></span> <span class='ocrx_word' id='word_1_3' title='bbox 1669 281 2042 332; x_wconf 66' lang='lat' dir='ltr'><strong>nummus·</strong></span> 
     </span>
    </p>
   </div>
   <div class='ocr_carea' id='block_1_2' title="bbox 1167 464 2206 703">
    <p class='ocr_par' dir='ltr' id='par_1_2' title="bbox 1167 464 2206 703">
     <span class='ocr_line' id='line_1_2' title="bbox 1167 464 2161 540; baseline -0.002 -17"><span class='ocrx_word' id='word_1_4' title='bbox 1167 490 1178 495; x_wconf 96' lang='lat'>·</span> <span class='ocrx_word' id='word_1_5' title='bbox 1215 464 1382 523; x_wconf 64' lang='lat' dir='ltr'><strong>Diris</strong></span> <span class='ocrx_word' id='word_1_6' title='bbox 1408 473 1472 523; x_wconf 79' lang='lat' dir='ltr'><strong>ut</strong></span> <span class='ocrx_word' id='word_1_7' title='bbox 1496 465 1611 523; x_wconf 81' lang='lat' dir='ltr'><strong>ilex</strong></span> <span class='ocrx_word' id='word_1_8' title='bbox 1639 473 1801 523; x_wconf 84' lang='lat' dir='ltr'><strong>tonsa</strong></span> <span class='ocrx_word' id='word_1_9' title='bbox 1825 464 2161 540; x_wconf 68' lang='lat' dir='ltr'><strong><em>bipennibus,</em></strong></span> 
     </span>
     <span class='ocr_line' id='line_1_3' title="bbox 1219 544 2206 621; baseline 0 -18"><span class='ocrx_word' id='word_1_10' title='bbox 1219 546 1338 603; x_wconf 83' lang='lat' dir='ltr'><strong>Per</strong></span> <span class='ocrx_word' id='word_1_11' title='bbox 1365 548 1593 621; x_wconf 84' lang='lat' dir='ltr'><strong>damna,</strong></span> <span class='ocrx_word' id='word_1_12' title='bbox 1615 566 1731 621; x_wconf 79' lang='lat' dir='ltr'><strong>per</strong></span> <span class='ocrx_word' id='word_1_13' title='bbox 1758 548 1952 620; x_wconf 84' lang='lat' dir='ltr'><strong>coedes,</strong></span> <span class='ocrx_word' id='word_1_14' title='bbox 1984 546 2055 603; x_wconf 83' lang='lat' dir='ltr'><strong>ab</strong></span> <span class='ocrx_word' id='word_1_15' title='bbox 2082 544 2206 619; x_wconf 80' lang='lat' dir='ltr'><strong>ipso</strong></span> 
     </span>
     <span class='ocr_line' id='line_1_4' title="bbox 1223 626 2142 703; baseline 0 -20"><span class='ocrx_word' id='word_1_16' title='bbox 1223 626 1401 685; x_wconf 81' lang='lat' dir='ltr'><strong><em>Ducit</em></strong></span> <span class='ocrx_word' id='word_1_17' title='bbox 1426 645 1557 702; x_wconf 81' lang='lat' dir='ltr'><strong>opes</strong></span> <span class='ocrx_word' id='word_1_18' title='bbox 1583 626 1941 703; x_wconf 78' lang='lat' dir='ltr'><strong>animumque</strong></span> <span class='ocrx_word' id='word_1_19' title='bbox 1951 628 2142 701; x_wconf 77' lang='lat' dir='ltr'><strong>ferro,</strong></span> 
     </span>
    </p>
   </div>
   <div class='ocr_carea' id='block_1_3' title="bbox 506 820 2972 4050">
    <p class='ocr_par' dir='ltr' id='par_1_3' title="bbox 506 820 2916 1101">
     <span class='ocr_line' id='line_1_5' title="bbox 506 820 2916 909; baseline -0.001 -23"><span class='ocrx_word' id='word_1_20' title='bbox 506 820 606 886; x_wconf 88' lang='lat' dir='ltr'><strong>Ea</strong></span> <span class='ocrx_word' id='word_1_21' title='bbox 636 842 758 886; x_wconf 92' lang='lat' dir='ltr'><strong>non</strong></span> <span class='ocrx_word' id='word_1_22' title='bbox 791 822 1016 906; x_wconf 82' lang='lat' dir='ltr'><strong>refero,</strong></span> <span class='ocrx_word' id='word_1_23' title='bbox 1051 830 1126 887; x_wconf 89' lang='lat' dir='ltr'><strong>ut</strong></span> <span class='ocrx_word' id='word_1_24' title='bbox 1159 830 1242 887; x_wconf 70' lang='grc' dir='ltr'><strong>τὸν</strong></span> <span class='ocrx_word' id='word_1_25' title='bbox 1260 830 1570 909; x_wconf 57' lang='grc' dir='ltr'><em>μακαρίτην</em></span> <span class='ocrx_word' id='word_1_26' title='bbox 1599 821 1884 887; x_wconf 81' lang='lat' dir='ltr'>laudibus</span> <span class='ocrx_word' id='word_1_27' title='bbox 1918 821 2230 902; x_wconf 78' lang='lat' dir='ltr'>extollam,</span> <span class='ocrx_word' id='word_1_28' title='bbox 2268 826 2479 885; x_wconf 87' lang='lat' dir='ltr'><strong>nostro</strong></span> <span class='ocrx_word' id='word_1_29' title='bbox 2496 820 2724 903; x_wconf 84' lang='lat' dir='ltr'>quippe</span> <span class='ocrx_word' id='word_1_30' title='bbox 2749 840 2916 902; x_wconf 83' lang='lat' dir='ltr'><strong>prse-</strong></span> 
     </span>
     <span class='ocr_line' id='line_1_6' title="bbox 508 920 2915 1005; baseline -0.002 -21"><span class='ocrx_word' id='word_1_31' title='bbox 508 920 688 985; x_wconf 91' lang='lat' dir='ltr'><strong>conio</strong></span> <span class='ocrx_word' id='word_1_32' title='bbox 717 942 838 985; x_wconf 91' lang='lat' dir='ltr'><strong>non</strong></span> <span class='ocrx_word' id='word_1_33' title='bbox 871 922 1133 1005; x_wconf 78' lang='lat' dir='ltr'>indiget,</span> <span class='ocrx_word' id='word_1_34' title='bbox 1167 924 1276 987; x_wconf 89' lang='lat' dir='ltr'><strong>sed</strong></span> <span class='ocrx_word' id='word_1_35' title='bbox 1320 930 1394 985; x_wconf 89' lang='lat' dir='ltr'><strong>ut</strong></span> <span class='ocrx_word' id='word_1_36' title='bbox 1425 922 1622 986; x_wconf 80' lang='lat' dir='ltr'><strong>vivam</strong></span> <span class='ocrx_word' id='word_1_37' title='bbox 1654 922 1927 987; x_wconf 78' lang='lat' dir='ltr'><strong>defuncti</strong></span> <span class='ocrx_word' id='word_1_38' title='bbox 1955 921 2282 1003; x_wconf 85' lang='lat' dir='ltr'><strong>imaginem</strong></span> <span class='ocrx_word' id='word_1_39' title='bbox 2314 920 2543 985; x_wconf 91' lang='lat' dir='ltr'><strong>intueri</strong></span> <span class='ocrx_word' id='word_1_40' title='bbox 2577 921 2776 984; x_wconf 87' lang='lat' dir='ltr'><strong>adhuc</strong></span> <span class='ocrx_word' id='word_1_41' title='bbox 2808 940 2915 983; x_wconf 75' lang='lat' dir='ltr'><strong>va·</strong></span> 
     </span>
     <span class='ocr_line' id='line_1_7' title="bbox 508 1019 2356 1101; baseline -0.001 -20"><span class='ocrx_word' id='word_1_42' title='bbox 508 1019 729 1094; x_wconf 83' lang='lat' dir='ltr'><strong>leatis3</strong></span> <span class='ocrx_word' id='word_1_43' title='bbox 783 1027 848 1084; x_wconf 91' lang='lat' dir='ltr'><strong>et</strong></span> <span class='ocrx_word' id='word_1_44' title='bbox 875 1022 1007 1085; x_wconf 80' lang='lat' dir='ltr'><strong>haec</strong></span> <span class='ocrx_word' id='word_1_45' title='bbox 1039 1022 1219 1085; x_wconf 87' lang='lat' dir='ltr'><strong>nobis</strong></span> <span class='ocrx_word' id='word_1_46' title='bbox 1250 1022 1329 1084; x_wconf 86' lang='lat' dir='ltr'><strong>ad</strong></span> <span class='ocrx_word' id='word_1_47' title='bbox 1364 1021 1771 1084; x_wconf 68' lang='lat' dir='ltr'><strong>aemulandum</strong></span> <span class='ocrx_word' id='word_1_48' title='bbox 1806 1020 2125 1101; x_wconf 86' lang='lat' dir='ltr'><strong>proposita</strong></span> <span class='ocrx_word' id='word_1_49' title='bbox 2152 1026 2356 1083; x_wconf 88' lang='lat' dir='ltr'><strong>sunto.</strong></span> 
     </span>
    </p>

    <p class='ocr_par' dir='ltr' id='par_1_4' title="bbox 510 1114 2931 2166">
     <span class='ocr_line' id='line_1_8' title="bbox 607 1114 2915 1201; baseline -0.002 -20"><span class='ocrx_word' id='word_1_50' title='bbox 607 1116 745 1181; x_wconf 83' lang='lat' dir='ltr'><strong>Um</strong></span> <span class='ocrx_word' id='word_1_51' title='bbox 764 1118 1027 1198; x_wconf 85' lang='lat' dir='ltr'><strong>primum</strong></span> <span class='ocrx_word' id='word_1_52' title='bbox 1054 1119 1401 1201; x_wconf 83' lang='lat' dir='ltr'><strong>Theologiae</strong></span> <span class='ocrx_word' id='word_1_53' title='bbox 1419 1120 1736 1183; x_wconf 83' lang='lat' dir='ltr'>Professor</span> <span class='ocrx_word' id='word_1_54' title='bbox 1760 1125 2005 1183; x_wconf 87' lang='lat' dir='ltr'><strong>creatus</strong></span> <span class='ocrx_word' id='word_1_55' title='bbox 2032 1124 2151 1199; x_wconf 86' lang='lat' dir='ltr'><strong>est,</strong></span> <span class='ocrx_word' id='word_1_56' title='bbox 2173 1117 2337 1180; x_wconf 90' lang='lat' dir='ltr'><strong>illico</strong></span> <span class='ocrx_word' id='word_1_57' title='bbox 2366 1137 2637 1181; x_wconf 88' lang='lat' dir='ltr'><strong>summus</strong></span> <span class='ocrx_word' id='word_1_58' title='bbox 2659 1114 2915 1179; x_wconf 83' lang='lat' dir='ltr'><strong>Acade-</strong></span> 
     </span>
     <span class='ocr_line' id='line_1_9' title="bbox 510 1212 2918 1298; baseline -0.002 -21"><span class='ocrx_word' id='word_1_59' title='bbox 510 1214 647 1278; x_wconf 87' lang='lat' dir='ltr'><strong>miae</strong></span> <span class='ocrx_word' id='word_1_60' title='bbox 673 1215 1084 1297; x_wconf 78' lang='lat' dir='ltr'><strong>Magistratus</strong></span> <span class='ocrx_word' id='word_1_61' title='bbox 1118 1218 1176 1281; x_wconf 90' lang='lat' dir='ltr'><strong>ei</strong></span> <span class='ocrx_word' id='word_1_62' title='bbox 1211 1218 1616 1281; x_wconf 89' lang='lat' dir='ltr'><strong>demandatur</strong></span> <span class='ocrx_word' id='word_1_63' title='bbox 1647 1238 1809 1281; x_wconf 90' lang='lat' dir='ltr'><strong>anno</strong></span> <span class='ocrx_word' id='word_1_64' title='bbox 1846 1218 1964 1297; x_wconf 85' lang='lat'><strong>54,</strong></span> <span class='ocrx_word' id='word_1_65' title='bbox 1995 1216 2059 1278; x_wconf 92' lang='lat' dir='ltr'><strong>in</strong></span> <span class='ocrx_word' id='word_1_66' title='bbox 2096 1236 2215 1296; x_wconf 93' lang='lat' dir='ltr'><strong>quo</strong></span> <span class='ocrx_word' id='word_1_67' title='bbox 2246 1215 2547 1298; x_wconf 89' lang='lat' dir='ltr'><strong>obeundo,</strong></span> <span class='ocrx_word' id='word_1_68' title='bbox 2575 1235 2698 1296; x_wconf 87' lang='lat' dir='ltr'><strong>qua</strong></span> <span class='ocrx_word' id='word_1_69' title='bbox 2726 1212 2918 1277; x_wconf 87' lang='lat' dir='ltr'><strong>fuerit</strong></span> 
     </span>
     <span class='ocr_line' id='line_1_10' title="bbox 511 1309 2919 1397; baseline -0.001 -22"><span class='ocrx_word' id='word_1_70' title='bbox 511 1313 620 1377; x_wconf 88' lang='lat' dir='ltr'><strong>ille</strong></span> <span class='ocrx_word' id='word_1_71' title='bbox 648 1313 714 1377; x_wconf 88' lang='lat' dir='ltr'><strong>in</strong></span> <span class='ocrx_word' id='word_1_72' title='bbox 747 1316 1026 1377; x_wconf 78' lang='lat' dir='ltr'><strong>tutandis</strong></span> <span class='ocrx_word' id='word_1_73' title='bbox 1062 1314 1358 1379; x_wconf 78' lang='lat' dir='ltr'><strong>Athenaei</strong></span> <span class='ocrx_word' id='word_1_74' title='bbox 1377 1317 1574 1379; x_wconf 88' lang='lat' dir='ltr'><strong>nostri</strong></span> <span class='ocrx_word' id='word_1_75' title='bbox 1596 1316 1845 1397; x_wconf 88' lang='lat' dir='ltr'><strong>juribus</strong></span> <span class='ocrx_word' id='word_1_76' title='bbox 1878 1316 2019 1391; x_wconf 86' lang='lat' dir='ltr'><strong>fide,</strong></span> <span class='ocrx_word' id='word_1_77' title='bbox 2049 1314 2115 1377; x_wconf 89' lang='lat' dir='ltr'><strong>in</strong></span> <span class='ocrx_word' id='word_1_78' title='bbox 2134 1321 2488 1395; x_wconf 77' lang='lat' dir='ltr'><strong>surgentem</strong></span> <span class='ocrx_word' id='word_1_79' title='bbox 2516 1312 2754 1393; x_wconf 89' lang='lat' dir='ltr'><strong>magnis</strong></span> <span class='ocrx_word' id='word_1_80' title='bbox 2788 1309 2919 1375; x_wconf 88' lang='lat' dir='ltr'><strong>ani-</strong></span> 
     </span>
     <span class='ocr_line' id='line_1_11' title="bbox 512 1412 2916 1492; baseline -0.002 -17"><span class='ocrx_word' id='word_1_81' title='bbox 512 1412 630 1475; x_wconf 89' lang='lat' dir='ltr'><strong>mis</strong></span> <span class='ocrx_word' id='word_1_82' title='bbox 649 1412 1044 1492; x_wconf 80' lang='lat' dir='ltr'><strong>juventutem</strong></span> <span class='ocrx_word' id='word_1_83' title='bbox 1075 1417 1318 1491; x_wconf 84' lang='lat' dir='ltr'><strong>affectu,</strong></span> <span class='ocrx_word' id='word_1_84' title='bbox 1353 1414 1690 1478; x_wconf 87' lang='lat' dir='ltr'><strong>multorum</strong></span> <span class='ocrx_word' id='word_1_85' title='bbox 1718 1420 1817 1477; x_wconf 88' lang='lat' dir='ltr'><strong>est</strong></span> <span class='ocrx_word' id='word_1_86' title='bbox 1844 1413 2213 1477; x_wconf 80' lang='lat' dir='ltr'><strong>recordatio,</strong></span> <span class='ocrx_word' id='word_1_87' title='bbox 2314 1412 2435 1475; x_wconf 89' lang='lat' dir='ltr'><strong>Per</strong></span> <span class='ocrx_word' id='word_1_88' title='bbox 2464 1412 2693 1475; x_wconf 85' lang='lat' dir='ltr'><strong>multos</strong></span> <span class='ocrx_word' id='word_1_89' title='bbox 2720 1429 2916 1473; x_wconf 90' lang='lat' dir='ltr'><strong>annos</strong></span> 
     </span>
     <span class='ocr_line' id='line_1_12' title="bbox 515 1509 2920 1592; baseline -0.003 -17"><span class='ocrx_word' id='word_1_90' title='bbox 515 1509 922 1575; x_wconf 81' lang='lat' dir='ltr'><strong>Rectoratum</strong></span> <span class='ocrx_word' id='word_1_91' title='bbox 955 1513 1254 1588; x_wconf 83' lang='lat' dir='ltr'><strong>exercuit,</strong></span> <span class='ocrx_word' id='word_1_92' title='bbox 1283 1520 1350 1576; x_wconf 91' lang='lat' dir='ltr'><strong>et</strong></span> <span class='ocrx_word' id='word_1_93' title='bbox 1380 1533 1506 1575; x_wconf 89' lang='lat' dir='ltr'><strong>non</strong></span> <span class='ocrx_word' id='word_1_94' title='bbox 1525 1512 1712 1580; x_wconf 88' lang='lat' dir='ltr'><strong>semel</strong></span> <span class='ocrx_word' id='word_1_95' title='bbox 1742 1512 1809 1574; x_wconf 93' lang='lat' dir='ltr'><strong>in</strong></span> <span class='ocrx_word' id='word_1_96' title='bbox 1832 1511 2229 1576; x_wconf 89' lang='lat' dir='ltr'><strong>celeberrima</strong></span> <span class='ocrx_word' id='word_1_97' title='bbox 2257 1512 2554 1592; x_wconf 83' lang='lat' dir='ltr'><strong>panegyri</strong></span> <span class='ocrx_word' id='word_1_98' title='bbox 2586 1509 2920 1590; x_wconf 88' lang='lat' dir='ltr'><strong>peroravit.</strong></span> 
     </span>
     <span class='ocr_line' id='line_1_13' title="bbox 519 1608 2927 1693; baseline -0.001 -22"><span class='ocrx_word' id='word_1_99' title='bbox 519 1608 731 1691; x_wconf 89' lang='lat' dir='ltr'><strong>Digna</strong></span> <span class='ocrx_word' id='word_1_100' title='bbox 764 1630 1003 1690; x_wconf 86' lang='lat' dir='ltr'><strong>semper</strong></span> <span class='ocrx_word' id='word_1_101' title='bbox 1055 1610 1386 1693; x_wconf 88' lang='lat' dir='ltr'><strong>Theologo,</strong></span> <span class='ocrx_word' id='word_1_102' title='bbox 1441 1610 1627 1692; x_wconf 82' lang='lat' dir='ltr'><strong>digna</strong></span> <span class='ocrx_word' id='word_1_103' title='bbox 1678 1610 1997 1691; x_wconf 90' lang='lat' dir='ltr'><strong>splendido</strong></span> <span class='ocrx_word' id='word_1_104' title='bbox 2048 1610 2356 1672; x_wconf 87' lang='lat' dir='ltr'><strong>auditorio</strong></span> <span class='ocrx_word' id='word_1_105' title='bbox 2394 1610 2690 1690; x_wconf 88' lang='lat' dir='ltr'><strong>seligebat</strong></span> <span class='ocrx_word' id='word_1_106' title='bbox 2738 1626 2927 1687; x_wconf 88' lang='lat' dir='ltr'><strong>argu·-</strong></span> 
     </span>
     <span class='ocr_line' id='line_1_14' title="bbox 519 1702 2929 1793; baseline -0.002 -22"><span class='ocrx_word' id='word_1_107' title='bbox 519 1713 750 1771; x_wconf 85' lang='lat' dir='ltr'><strong>menta.</strong></span> <span class='ocrx_word' id='word_1_108' title='bbox 851 1708 951 1772; x_wconf 92' lang='lat' dir='ltr'><strong>De</strong></span> <span class='ocrx_word' id='word_1_109' title='bbox 983 1710 1169 1793; x_wconf 75' lang='lat' dir='ltr'><strong>hujus</strong></span> <span class='ocrx_word' id='word_1_110' title='bbox 1202 1710 1452 1773; x_wconf 78' lang='lat' dir='ltr'><strong>Scholoe</strong></span> <span class='ocrx_word' id='word_1_111' title='bbox 1485 1716 1552 1773; x_wconf 92' lang='lat' dir='ltr'><strong>et</strong></span> <span class='ocrx_word' id='word_1_112' title='bbox 1583 1711 1955 1774; x_wconf 69' lang='lat' dir='ltr'><strong>Academica</strong></span> <span class='ocrx_word' id='word_1_113' title='bbox 1983 1702 2199 1771; x_wconf 82' lang='lat' dir='ltr'><strong>natali</strong></span> <span class='ocrx_word' id='word_1_114' title='bbox 2247 1710 2373 1788; x_wconf 86' lang='lat' dir='ltr'><strong>die,</strong></span> <span class='ocrx_word' id='word_1_115' title='bbox 2427 1709 2503 1770; x_wconf 93' lang='lat' dir='ltr'><strong>de</strong></span> <span class='ocrx_word' id='word_1_116' title='bbox 2548 1705 2929 1769; x_wconf 74' lang='lat' dir='ltr'><strong>Alexandri</strong></span> 
     </span>
     <span class='ocr_line' id='line_1_15' title="bbox 533 1804 2929 1889; baseline -0.001 -22"><span class='ocrx_word' id='word_1_117' title='bbox 533 1806 690 1869; x_wconf 91' lang='lat' dir='ltr'><strong><em>VII.</em></strong></span> <span class='ocrx_word' id='word_1_118' title='bbox 728 1806 1012 1869; x_wconf 72' lang='lat' dir='ltr'><strong>Tibem&#39;ni</strong></span> <span class='ocrx_word' id='word_1_119' title='bbox 1059 1808 1390 1889; x_wconf 71' lang='lat' dir='ltr'><strong>Pontifici-s</strong></span> <span class='ocrx_word' id='word_1_120' title='bbox 1436 1808 1758 1889; x_wconf 78' lang='lat' dir='ltr'><strong>electione,</strong></span> <span class='ocrx_word' id='word_1_121' title='bbox 1811 1807 1887 1870; x_wconf 91' lang='lat' dir='ltr'><strong>de</strong></span> <span class='ocrx_word' id='word_1_122' title='bbox 1932 1807 2200 1869; x_wconf 75' lang='lat' dir='ltr'><strong>Virtutis</strong></span> <span class='ocrx_word' id='word_1_123' title='bbox 2250 1828 2329 1869; x_wconf 89' lang='lat' dir='ltr'><strong>ac</strong></span> <span class='ocrx_word' id='word_1_124' title='bbox 2374 1806 2681 1869; x_wconf 79' lang='lat' dir='ltr'><strong>Veritatis</strong></span> <span class='ocrx_word' id='word_1_125' title='bbox 2720 1804 2929 1865; x_wconf 87' lang='lat' dir='ltr'><strong>amico</strong></span> 
     </span>
     <span class='ocr_line' id='line_1_16' title="bbox 523 1897 2931 1989; baseline -0.001 -23"><span class='ocrx_word' id='word_1_126' title='bbox 523 1907 868 1986; x_wconf 80' lang='lat' dir='ltr'><strong>consortiO,</strong></span> <span class='ocrx_word' id='word_1_127' title='bbox 922 1906 1363 1989; x_wconf 68' lang='lat' dir='ltr'><strong>indimtlsoque</strong></span> <span class='ocrx_word' id='word_1_128' title='bbox 1416 1928 1603 1983; x_wconf 75' lang='lat' dir='ltr'><strong>nea-u,</strong></span> <span class='ocrx_word' id='word_1_129' title='bbox 1660 1914 1725 1968; x_wconf 93' lang='lat' dir='ltr'><strong>et</strong></span> <span class='ocrx_word' id='word_1_130' title='bbox 1787 1905 1864 1967; x_wconf 93' lang='lat' dir='ltr'><strong>de</strong></span> <span class='ocrx_word' id='word_1_131' title='bbox 1926 1905 2331 1988; x_wconf 80' lang='lat' dir='ltr'><strong>Praejudiciis</strong></span> <span class='ocrx_word' id='word_1_132' title='bbox 2388 1897 2931 1985; x_wconf 75' lang='lat' dir='ltr'><strong>Evanqelicorum</strong></span> 
     </span>
     <span class='ocr_line' id='line_1_17' title="bbox 527 2000 2930 2087; baseline -0.001 -20"><span class='ocrx_word' id='word_1_133' title='bbox 527 2002 964 2067; x_wconf 76' lang='lat' dir='ltr'><strong>Christianam</strong></span> <span class='ocrx_word' id='word_1_134' title='bbox 992 2006 1399 2068; x_wconf 87' lang='lat' dir='ltr'><strong>concordiam</strong></span> <span class='ocrx_word' id='word_1_135' title='bbox 1447 2005 1945 2087; x_wconf 80' lang='lat' dir='ltr'><strong>impedientibus,</strong></span> <span class='ocrx_word' id='word_1_136' title='bbox 1980 2003 2219 2083; x_wconf 83' lang='lat' dir='ltr'><strong>magnis</strong></span> <span class='ocrx_word' id='word_1_137' title='bbox 2252 2022 2390 2066; x_wconf 92' lang='lat' dir='ltr'><strong>cum</strong></span> <span class='ocrx_word' id='word_1_138' title='bbox 2421 2000 2801 2065; x_wconf 83' lang='lat' dir='ltr'><strong>Auditorum</strong></span> <span class='ocrx_word' id='word_1_139' title='bbox 2830 2020 2930 2064; x_wconf 82' lang='lat' dir='ltr'><strong>ac-</strong></span> 
     </span>
     <span class='ocr_line' id='line_1_18' title="bbox 529 2101 1402 2166; baseline 0 -1"><span class='ocrx_word' id='word_1_140' title='bbox 529 2101 994 2165; x_wconf 86' lang='lat' dir='ltr'><strong>clamationibus</strong></span> <span class='ocrx_word' id='word_1_141' title='bbox 1025 2102 1402 2166; x_wconf 82' lang='lat' dir='ltr'><strong>dissertavit.</strong></span> 
     </span>
    </p>

    <p class='ocr_par' dir='ltr' id='par_1_5' title="bbox 533 2198 2970 3949">
     <span class='ocr_line' id='line_1_19' title="bbox 627 2198 2931 2282; baseline 0 -21"><span class='ocrx_word' id='word_1_142' title='bbox 627 2198 779 2262; x_wconf 85' lang='lat' dir='ltr'><strong>Hoc</strong></span> <span class='ocrx_word' id='word_1_143' title='bbox 810 2199 1049 2264; x_wconf 81' lang='lat' dir='ltr'><strong>levatus</strong></span> <span class='ocrx_word' id='word_1_144' title='bbox 1078 2221 1263 2265; x_wconf 88' lang='lat' dir='ltr'><strong>onere</strong></span> <span class='ocrx_word' id='word_1_145' title='bbox 1296 2222 1434 2266; x_wconf 91' lang='lat' dir='ltr'><strong>cum</strong></span> <span class='ocrx_word' id='word_1_146' title='bbox 1461 2201 1699 2276; x_wconf 89' lang='lat' dir='ltr'><strong>suisset,</strong></span> <span class='ocrx_word' id='word_1_147' title='bbox 1734 2200 1901 2265; x_wconf 93' lang='lat' dir='ltr'><strong>aliud</strong></span> <span class='ocrx_word' id='word_1_148' title='bbox 1934 2200 2054 2282; x_wconf 86' lang='lat' dir='ltr'><strong>ipsi</strong></span> <span class='ocrx_word' id='word_1_149' title='bbox 2083 2220 2206 2264; x_wconf 93' lang='lat' dir='ltr'><strong>non</strong></span> <span class='ocrx_word' id='word_1_150' title='bbox 2230 2198 2431 2263; x_wconf 90' lang='lat' dir='ltr'><strong>minus</strong></span> <span class='ocrx_word' id='word_1_151' title='bbox 2463 2219 2652 2281; x_wconf 84' lang='lat' dir='ltr'><strong>grave</strong></span> <span class='ocrx_word' id='word_1_152' title='bbox 2679 2198 2931 2279; x_wconf 88' lang='lat' dir='ltr'><strong>imposi-</strong></span> 
     </span>
     <span class='ocr_line' id='line_1_20' title="bbox 533 2296 2937 2363; baseline -0.001 -1"><span class='ocrx_word' id='word_1_153' title='bbox 533 2305 665 2362; x_wconf 89' lang='lat' dir='ltr'><strong>tum</strong></span> <span class='ocrx_word' id='word_1_154' title='bbox 719 2297 840 2361; x_wconf 89' lang='lat' dir='ltr'><strong>fuit</strong></span> <span class='ocrx_word' id='word_1_155' title='bbox 890 2299 1083 2363; x_wconf 89' lang='lat' dir='ltr'><strong>Anno</strong></span> <span class='ocrx_word' id='word_1_156' title='bbox 1134 2299 1245 2363; x_wconf 85' lang='lat'><strong>61.</strong></span> <span class='ocrx_word' id='word_1_157' title='bbox 1349 2296 1502 2362; x_wconf 85' lang='lat' dir='ltr'><strong>Cum</strong></span> <span class='ocrx_word' id='word_1_158' title='bbox 1553 2300 1717 2363; x_wconf 90' lang='lat' dir='ltr'><strong>enim</strong></span> <span class='ocrx_word' id='word_1_159' title='bbox 1770 2300 1848 2362; x_wconf 91' lang='lat' dir='ltr'><strong>ad</strong></span> <span class='ocrx_word' id='word_1_160' title='bbox 1896 2307 2128 2363; x_wconf 76' lang='lat' dir='ltr'><strong>nostrae</strong></span> <span class='ocrx_word' id='word_1_161' title='bbox 2178 2298 2373 2361; x_wconf 83' lang='lat' dir='ltr'><strong>Urbis</strong></span> <span class='ocrx_word' id='word_1_162' title='bbox 2422 2297 2937 2359; x_wconf 87' lang='lat' dir='ltr'><strong>munimentorum</strong></span> 
     </span>
     <span class='ocr_line' id='line_1_21' title="bbox 535 2396 2935 2475; baseline -0.002 -14"><span class='ocrx_word' id='word_1_163' title='bbox 535 2396 1056 2461; x_wconf 80' lang='lat' dir='ltr'><strong>constructionem</strong></span> <span class='ocrx_word' id='word_1_164' title='bbox 1085 2418 1212 2460; x_wconf 91' lang='lat' dir='ltr'><strong>non</strong></span> <span class='ocrx_word' id='word_1_165' title='bbox 1241 2399 1591 2461; x_wconf 88' lang='lat' dir='ltr'><strong>sufficerent</strong></span> <span class='ocrx_word' id='word_1_166' title='bbox 1622 2398 2073 2460; x_wconf 81' lang='lat' dir='ltr'><strong>Genevensium</strong></span> <span class='ocrx_word' id='word_1_167' title='bbox 2100 2397 2281 2471; x_wconf 78' lang='lat' dir='ltr'><strong>vires,</strong></span> <span class='ocrx_word' id='word_1_168' title='bbox 2316 2396 2393 2458; x_wconf 91' lang='lat' dir='ltr'><strong>de</strong></span> <span class='ocrx_word' id='word_1_169' title='bbox 2427 2396 2736 2475; x_wconf 84' lang='lat' dir='ltr'><strong>legatione</strong></span> <span class='ocrx_word' id='word_1_170' title='bbox 2787 2416 2935 2475; x_wconf 86' lang='lat' dir='ltr'><strong>qua-</strong></span> 
     </span>
     <span class='ocr_line' id='line_1_22' title="bbox 539 2493 2943 2573; baseline -0 -17"><span class='ocrx_word' id='word_1_171' title='bbox 539 2496 680 2556; x_wconf 89' lang='lat' dir='ltr'><strong>dam</strong></span> <span class='ocrx_word' id='word_1_172' title='bbox 709 2494 790 2555; x_wconf 89' lang='lat' dir='ltr'><strong>ad</strong></span> <span class='ocrx_word' id='word_1_173' title='bbox 817 2493 1286 2557; x_wconf 87' lang='lat' dir='ltr'><strong>Potentissimos</strong></span> <span class='ocrx_word' id='word_1_174' title='bbox 1335 2502 1401 2557; x_wconf 88' lang='lat' dir='ltr'><strong>et</strong></span> <span class='ocrx_word' id='word_1_175' title='bbox 1435 2494 1815 2557; x_wconf 78' lang='lat' dir='ltr'><strong>celsissimos</strong></span> <span class='ocrx_word' id='word_1_176' title='bbox 1866 2493 2179 2557; x_wconf 88' lang='lat' dir='ltr'><strong>Foederati</strong></span> <span class='ocrx_word' id='word_1_177' title='bbox 2230 2493 2430 2573; x_wconf 89' lang='lat' dir='ltr'><strong>Belgii</strong></span> <span class='ocrx_word' id='word_1_178' title='bbox 2464 2493 2727 2557; x_wconf 89' lang='lat' dir='ltr'><strong>Ordines</strong></span> <span class='ocrx_word' id='word_1_179' title='bbox 2778 2493 2943 2556; x_wconf 86' lang='lat' dir='ltr'><strong>Gen·</strong></span> 
     </span>
     <span class='ocr_line' id='line_1_23' title="bbox 535 2590 2946 2674; baseline 0 -19"><span class='ocrx_word' id='word_1_180' title='bbox 535 2592 670 2666; x_wconf 66' lang='lat' dir='ltr'><strong>&#39;tem</strong></span> <span class='ocrx_word' id='word_1_181' title='bbox 718 2598 945 2655; x_wconf 85' lang='lat' dir='ltr'><strong>nostrae</strong></span> <span class='ocrx_word' id='word_1_182' title='bbox 999 2590 1262 2655; x_wconf 81' lang='lat' dir='ltr'><strong>Genevae</strong></span> <span class='ocrx_word' id='word_1_183' title='bbox 1307 2591 1845 2674; x_wconf 83' lang='lat' dir='ltr'><strong>propensissimam</strong></span> <span class='ocrx_word' id='word_1_184' title='bbox 1895 2591 2233 2672; x_wconf 88' lang='lat' dir='ltr'><strong>cogitatum</strong></span> <span class='ocrx_word' id='word_1_185' title='bbox 2282 2598 2397 2668; x_wconf 89' lang='lat' dir='ltr'><strong>est,</strong></span> <span class='ocrx_word' id='word_1_186' title='bbox 2450 2598 2514 2654; x_wconf 90' lang='lat' dir='ltr'><strong>et</strong></span> <span class='ocrx_word' id='word_1_187' title='bbox 2559 2591 2703 2656; x_wconf 87' lang='lat' dir='ltr'><strong>huie</strong></span> <span class='ocrx_word' id='word_1_188' title='bbox 2753 2613 2946 2672; x_wconf 89' lang='lat' dir='ltr'><strong>nego-</strong></span> 
     </span>
     <span class='ocr_line' id='line_1_24' title="bbox 544 2689 2941 2771; baseline 0 -18"><span class='ocrx_word' id='word_1_189' title='bbox 544 2691 636 2753; x_wconf 88' lang='lat' dir='ltr'><strong>tio</strong></span> <span class='ocrx_word' id='word_1_190' title='bbox 685 2689 1082 2771; x_wconf 87' lang='lat' dir='ltr'><strong>aptissimum</strong></span> <span class='ocrx_word' id='word_1_191' title='bbox 1130 2692 1264 2754; x_wconf 82' lang='lat' dir='ltr'><strong>fore</strong></span> <span class='ocrx_word' id='word_1_192' title='bbox 1308 2690 1616 2771; x_wconf 79' lang='lat' dir='ltr'><strong>judicavit</strong></span> <span class='ocrx_word' id='word_1_193' title='bbox 1664 2699 1877 2754; x_wconf 88' lang='lat' dir='ltr'><strong>noster</strong></span> <span class='ocrx_word' id='word_1_194' title='bbox 1928 2690 2195 2754; x_wconf 88' lang='lat' dir='ltr'><strong>Senatus</strong></span> <span class='ocrx_word' id='word_1_195' title='bbox 2250 2689 2673 2771; x_wconf 89' lang='lat' dir='ltr'><strong>dignissimum</strong></span> <span class='ocrx_word' id='word_1_196' title='bbox 2725 2699 2941 2754; x_wconf 86' lang='lat' dir='ltr'><strong>natum</strong></span> 
     </span>
     <span class='ocr_line' id='line_1_25' title="bbox 544 2787 2945 2870; baseline -0.001 -18"><span class='ocrx_word' id='word_1_197' title='bbox 544 2789 872 2854; x_wconf 82' lang='lat' dir='ltr'><strong>Benedicti</strong></span> <span class='ocrx_word' id='word_1_198' title='bbox 930 2787 1308 2866; x_wconf 83' lang='lat' dir='ltr'><strong>Turrettini,</strong></span> <span class='ocrx_word' id='word_1_199' title='bbox 1359 2789 1465 2869; x_wconf 91' lang='lat' dir='ltr'><strong>qui</strong></span> <span class='ocrx_word' id='word_1_200' title='bbox 1504 2796 1650 2852; x_wconf 89' lang='lat' dir='ltr'><strong>ante</strong></span> <span class='ocrx_word' id='word_1_201' title='bbox 1687 2787 2097 2870; x_wconf 87' lang='lat' dir='ltr'><strong>quadraginta</strong></span> <span class='ocrx_word' id='word_1_202' title='bbox 2128 2808 2319 2852; x_wconf 89' lang='lat' dir='ltr'><strong>annos</strong></span> <span class='ocrx_word' id='word_1_203' title='bbox 2352 2788 2611 2852; x_wconf 89' lang='lat' dir='ltr'><strong>eundem</strong></span> <span class='ocrx_word' id='word_1_204' title='bbox 2644 2789 2709 2852; x_wconf 91' lang='lat' dir='ltr'><strong>in</strong></span> <span class='ocrx_word' id='word_1_205' title='bbox 2760 2789 2945 2852; x_wconf 87' lang='lat' dir='ltr'><strong>finem</strong></span> 
     </span>
     <span class='ocr_line' id='line_1_26' title="bbox 545 2885 2948 2969; baseline 0 -20"><span class='ocrx_word' id='word_1_206' title='bbox 545 2889 753 2952; x_wconf 85' lang='lat' dir='ltr'><strong>fuerat</strong></span> <span class='ocrx_word' id='word_1_207' title='bbox 787 2886 1076 2966; x_wconf 86' lang='lat' dir='ltr'><strong>Legatus.</strong></span> <span class='ocrx_word' id='word_1_208' title='bbox 1151 2887 1461 2951; x_wconf 81' lang='lat' dir='ltr'><strong>Discessit</strong></span> <span class='ocrx_word' id='word_1_209' title='bbox 1492 2888 1733 2950; x_wconf 86' lang='lat' dir='ltr'><strong>Noster</strong></span> <span class='ocrx_word' id='word_1_210' title='bbox 1760 2908 1967 2950; x_wconf 87' lang='lat' dir='ltr'><strong>mense</strong></span> <span class='ocrx_word' id='word_1_211' title='bbox 1994 2885 2181 2969; x_wconf 86' lang='lat' dir='ltr'><strong>Maio,</strong></span> <span class='ocrx_word' id='word_1_212' title='bbox 2214 2887 2475 2951; x_wconf 82' lang='lat' dir='ltr'><strong>Basileae</strong></span> <span class='ocrx_word' id='word_1_213' title='bbox 2506 2887 2667 2951; x_wconf 82' lang='lat' dir='ltr'><strong>laetis</strong></span> <span class='ocrx_word' id='word_1_214' title='bbox 2696 2888 2948 2951; x_wconf 81' lang='lat' dir='ltr'><strong>vocibus</strong></span> 
     </span>
     <span class='ocr_line' id='line_1_27' title="bbox 548 2984 2955 3068; baseline 0 -18"><span class='ocrx_word' id='word_1_215' title='bbox 548 2991 840 3066; x_wconf 85' lang='lat' dir='ltr'><strong>acceptus</strong></span> <span class='ocrx_word' id='word_1_216' title='bbox 888 2985 1010 3047; x_wconf 86' lang='lat' dir='ltr'><strong>fuit</strong></span> <span class='ocrx_word' id='word_1_217' title='bbox 1038 2986 1116 3047; x_wconf 91' lang='lat' dir='ltr'><strong>ab</strong></span> <span class='ocrx_word' id='word_1_218' title='bbox 1151 2984 1402 3068; x_wconf 74' lang='lat' dir='ltr'><strong>inclytis</strong></span> <span class='ocrx_word' id='word_1_219' title='bbox 1450 2985 1572 3049; x_wconf 89' lang='lat' dir='ltr'><strong>illis</strong></span> <span class='ocrx_word' id='word_1_220' title='bbox 1626 2985 1819 3059; x_wconf 86' lang='lat' dir='ltr'><strong>Viris,</strong></span> <span class='ocrx_word' id='word_1_221' title='bbox 1872 2985 1975 3065; x_wconf 91' lang='lat' dir='ltr'><strong>qui</strong></span> <span class='ocrx_word' id='word_1_222' title='bbox 2026 2985 2380 3049; x_wconf 87' lang='lat' dir='ltr'><strong>Rauracum</strong></span> <span class='ocrx_word' id='word_1_223' title='bbox 2433 2986 2805 3048; x_wconf 75' lang='lat' dir='ltr'><strong>Athenaeum</strong></span> <span class='ocrx_word' id='word_1_224' title='bbox 2840 3005 2955 3050; x_wconf 91' lang='lat' dir='ltr'><strong>suo</strong></span> 
     </span>
     <span class='ocr_line' id='line_1_28' title="bbox 541 3081 2955 3165; baseline 0 -19"><span class='ocrx_word' id='word_1_225' title='bbox 541 3085 766 3165; x_wconf 87' lang='lat' dir='ltr'><strong>jubare</strong></span> <span class='ocrx_word' id='word_1_226' title='bbox 795 3081 1218 3154; x_wconf 75' lang='lat' dir='ltr'><strong>illustrabant:</strong></span> <span class='ocrx_word' id='word_1_227' title='bbox 1269 3083 1569 3163; x_wconf 88' lang='lat' dir='ltr'><strong>imprimis</strong></span> <span class='ocrx_word' id='word_1_228' title='bbox 1599 3104 1638 3146; x_wconf 85' lang='lat' dir='ltr'><strong>a</strong></span> <span class='ocrx_word' id='word_1_229' title='bbox 1676 3084 2042 3147; x_wconf 84' lang='lat' dir='ltr'><strong>Reverendo</strong></span> <span class='ocrx_word' id='word_1_230' title='bbox 2074 3084 2425 3163; x_wconf 88' lang='lat' dir='ltr'><strong>nostrisque</strong></span> <span class='ocrx_word' id='word_1_231' title='bbox 2455 3083 2739 3146; x_wconf 85' lang='lat' dir='ltr'><strong>laudibus</strong></span> <span class='ocrx_word' id='word_1_232' title='bbox 2771 3084 2955 3164; x_wconf 88' lang='lat' dir='ltr'><strong>longo</strong></span> 
     </span>
     <span class='ocr_line' id='line_1_29' title="bbox 553 3181 2958 3263; baseline 0.001 -19"><span class='ocrx_word' id='word_1_233' title='bbox 553 3181 774 3262; x_wconf 90' lang='lat' dir='ltr'><strong>majori</strong></span> <span class='ocrx_word' id='word_1_234' title='bbox 811 3181 1145 3258; x_wconf 83' lang='lat' dir='ltr'><strong>Gernlero,</strong></span> <span class='ocrx_word' id='word_1_235' title='bbox 1183 3202 1303 3262; x_wconf 93' lang='lat' dir='ltr'><strong>quo</strong></span> <span class='ocrx_word' id='word_1_236' title='bbox 1327 3202 1445 3244; x_wconf 92' lang='lat' dir='ltr'><strong>non</strong></span> <span class='ocrx_word' id='word_1_237' title='bbox 1467 3188 1604 3246; x_wconf 87' lang='lat' dir='ltr'><strong>erat</strong></span> <span class='ocrx_word' id='word_1_238' title='bbox 1622 3191 1836 3246; x_wconf 90' lang='lat' dir='ltr'><strong>nostro</strong></span> <span class='ocrx_word' id='word_1_239' title='bbox 1862 3183 2005 3244; x_wconf 87' lang='lat' dir='ltr'><strong>dum</strong></span> <span class='ocrx_word' id='word_1_240' title='bbox 2029 3181 2189 3244; x_wconf 85' lang='lat' dir='ltr'><strong>vixit</strong></span> <span class='ocrx_word' id='word_1_241' title='bbox 2211 3182 2597 3263; x_wconf 84' lang='lat' dir='ltr'><strong>conjunctior</strong></span> <span class='ocrx_word' id='word_1_242' title='bbox 2618 3182 2795 3258; x_wconf 85' lang='lat' dir='ltr'><strong>alter,</strong></span> <span class='ocrx_word' id='word_1_243' title='bbox 2819 3189 2958 3246; x_wconf 84' lang='lat' dir='ltr'><strong>toto</strong></span> 
     </span>
     <span class='ocr_line' id='line_1_30' title="bbox 558 3279 2954 3360; baseline 0 -17"><span class='ocrx_word' id='word_1_244' title='bbox 558 3283 710 3343; x_wconf 89' lang='lat' dir='ltr'><strong>orbe</strong></span> <span class='ocrx_word' id='word_1_245' title='bbox 729 3279 1226 3343; x_wconf 86' lang='lat' dir='ltr'><strong>Celebratissimo</strong></span> <span class='ocrx_word' id='word_1_246' title='bbox 1246 3279 1602 3360; x_wconf 78' lang='lat' dir='ltr'><strong>WetsteniO,</strong></span> <span class='ocrx_word' id='word_1_247' title='bbox 1625 3279 1897 3342; x_wconf 74' lang='lat' dir='ltr'><strong>Doctiss</strong></span> <span class='ocrx_word' id='word_1_248' title='bbox 1924 3280 2364 3356; x_wconf 79' lang='lat' dir='ltr'><strong>SchenawerO,</strong></span> <span class='ocrx_word' id='word_1_249' title='bbox 2385 3280 2632 3344; x_wconf 85' lang='lat' dir='ltr'><strong>Clariss.</strong></span> <span class='ocrx_word' id='word_1_250' title='bbox 2648 3281 2954 3355; x_wconf 73' lang='lat' dir='ltr'><strong>Vollebio,</strong></span> 
     </span>
     <span class='ocr_line' id='line_1_31' title="bbox 561 3376 2960 3462; baseline 0 -20"><span class='ocrx_word' id='word_1_251' title='bbox 561 3384 626 3442; x_wconf 90' lang='lat' dir='ltr'><strong>et</strong></span> <span class='ocrx_word' id='word_1_252' title='bbox 677 3377 1052 3441; x_wconf 86' lang='lat' dir='ltr'><strong>Venerando</strong></span> <span class='ocrx_word' id='word_1_253' title='bbox 1115 3378 1545 3462; x_wconf 84' lang='lat' dir='ltr'><strong>Wcrenselsio,</strong></span> <span class='ocrx_word' id='word_1_254' title='bbox 1601 3376 1992 3458; x_wconf 88' lang='lat' dir='ltr'><strong>Vigilantiss.</strong></span> <span class='ocrx_word' id='word_1_255' title='bbox 2061 3377 2462 3459; x_wconf 85' lang='lat' dir='ltr'><strong>Ecclesiaste,</strong></span> <span class='ocrx_word' id='word_1_256' title='bbox 2530 3379 2960 3442; x_wconf 84' lang='lat' dir='ltr'><strong>subactissimo</strong></span> 
     </span>
     <span class='ocr_line' id='line_1_32' title="bbox 562 3473 2963 3557; baseline 0 -17"><span class='ocrx_word' id='word_1_257' title='bbox 562 3475 895 3557; x_wconf 67' lang='lat' dir='ltr'><strong>&#39;sbeologQ</strong></span> <span class='ocrx_word' id='word_1_258' title='bbox 931 3475 1038 3555; x_wconf 91' lang='lat' dir='ltr'><strong>qui</strong></span> <span class='ocrx_word' id='word_1_259' title='bbox 1061 3473 1194 3555; x_wconf 85' lang='lat' dir='ltr'><strong>jam</strong></span> <span class='ocrx_word' id='word_1_260' title='bbox 1224 3476 1290 3539; x_wconf 89' lang='lat' dir='ltr'><strong>in</strong></span> <span class='ocrx_word' id='word_1_261' title='bbox 1325 3476 1516 3539; x_wconf 88' lang='lat' dir='ltr'><strong>Alma</strong></span> <span class='ocrx_word' id='word_1_262' title='bbox 1547 3475 1992 3539; x_wconf 84' lang='lat' dir='ltr'><strong>Basileensium</strong></span> <span class='ocrx_word' id='word_1_263' title='bbox 2026 3475 2311 3540; x_wconf 87' lang='lat' dir='ltr'><strong>Ecclesia</strong></span> <span class='ocrx_word' id='word_1_264' title='bbox 2342 3483 2407 3540; x_wconf 90' lang='lat' dir='ltr'><strong>et</strong></span> <span class='ocrx_word' id='word_1_265' title='bbox 2438 3476 2781 3540; x_wconf 83' lang='lat' dir='ltr'><strong>Academia</strong></span> <span class='ocrx_word' id='word_1_266' title='bbox 2812 3478 2963 3540; x_wconf 90' lang='lat' dir='ltr'><strong>sub-</strong></span> 
     </span>
     <span class='ocr_line' id='line_1_33' title="bbox 562 3573 2963 3658; baseline 0 -20"><span class='ocrx_word' id='word_1_267' title='bbox 562 3575 707 3638; x_wconf 91' lang='lat' dir='ltr'><strong>lime</strong></span> <span class='ocrx_word' id='word_1_268' title='bbox 758 3573 1090 3637; x_wconf 81' lang='lat' dir='ltr'><strong>Antistitis</strong></span> <span class='ocrx_word' id='word_1_269' title='bbox 1141 3594 1362 3637; x_wconf 85' lang='lat' dir='ltr'><strong>munus</strong></span> <span class='ocrx_word' id='word_1_270' title='bbox 1411 3594 1634 3655; x_wconf 87' lang='lat' dir='ltr'><strong>magno</strong></span> <span class='ocrx_word' id='word_1_271' title='bbox 1685 3595 1825 3638; x_wconf 90' lang='lat' dir='ltr'><strong>cum</strong></span> <span class='ocrx_word' id='word_1_272' title='bbox 1876 3574 2145 3636; x_wconf 90' lang='lat' dir='ltr'><strong>omnium</strong></span> <span class='ocrx_word' id='word_1_273' title='bbox 2195 3575 2497 3654; x_wconf 87' lang='lat' dir='ltr'><strong>applausu</strong></span> <span class='ocrx_word' id='word_1_274' title='bbox 2548 3575 2837 3658; x_wconf 87' lang='lat' dir='ltr'><strong>sustinet,</strong></span> <span class='ocrx_word' id='word_1_275' title='bbox 2890 3596 2963 3639; x_wconf 85' lang='lat' dir='ltr'><strong>ac</strong></span> 
     </span>
     <span class='ocr_line' id='line_1_34' title="bbox 567 3671 2963 3754; baseline 0.001 -19"><span class='ocrx_word' id='word_1_276' title='bbox 567 3673 872 3737; x_wconf 87' lang='lat' dir='ltr'><strong>Celeberr.</strong></span> <span class='ocrx_word' id='word_1_277' title='bbox 923 3673 1286 3754; x_wconf 75' lang='lat' dir='ltr'><strong>BuoetorfiO.</strong></span> <span class='ocrx_word' id='word_1_278' title='bbox 1339 3673 1497 3735; x_wconf 90' lang='lat' dir='ltr'><strong>Inde</strong></span> <span class='ocrx_word' id='word_1_279' title='bbox 1543 3672 1667 3736; x_wconf 88' lang='lat' dir='ltr'><strong>iter</strong></span> <span class='ocrx_word' id='word_1_280' title='bbox 1702 3672 1975 3735; x_wconf 88' lang='lat' dir='ltr'><strong>suumin</strong></span> <span class='ocrx_word' id='word_1_281' title='bbox 2028 3671 2419 3734; x_wconf 89' lang='lat' dir='ltr'><strong>Hollandiam</strong></span> <span class='ocrx_word' id='word_1_282' title='bbox 2468 3693 2663 3752; x_wconf 91' lang='lat' dir='ltr'><strong>usque</strong></span> <span class='ocrx_word' id='word_1_283' title='bbox 2714 3674 2963 3738; x_wconf 82' lang='lat' dir='ltr'><strong>direxit.</strong></span> 
     </span>
     <span class='ocr_line' id='line_1_35' title="bbox 569 3771 2966 3851; baseline 0.001 -19"><span class='ocrx_word' id='word_1_284' title='bbox 569 3771 802 3832; x_wconf 84' lang='lat' dir='ltr'><strong>Gratus</strong></span> <span class='ocrx_word' id='word_1_285' title='bbox 833 3773 1216 3850; x_wconf 82' lang='lat' dir='ltr'><strong>recensebat,</strong></span> <span class='ocrx_word' id='word_1_286' title='bbox 1251 3792 1431 3851; x_wconf 87' lang='lat' dir='ltr'><strong>quam</strong></span> <span class='ocrx_word' id='word_1_287' title='bbox 1452 3771 1887 3835; x_wconf 85' lang='lat' dir='ltr'><strong>humanissime</strong></span> <span class='ocrx_word' id='word_1_288' title='bbox 1916 3777 2280 3850; x_wconf 86' lang='lat' dir='ltr'><strong>acceperant</strong></span> <span class='ocrx_word' id='word_1_289' title='bbox 2304 3771 2715 3835; x_wconf 86' lang='lat' dir='ltr'><strong>Illustrissimi</strong></span> <span class='ocrx_word' id='word_1_290' title='bbox 2749 3772 2966 3836; x_wconf 86' lang='lat' dir='ltr'><strong>Foede-</strong></span> 
     </span>
     <span class='ocr_line' id='line_1_36' title="bbox 568 3866 2970 3949; baseline 0 -18"><span class='ocrx_word' id='word_1_291' title='bbox 568 3867 694 3931; x_wconf 84' lang='lat' dir='ltr'><strong>rati</strong></span> <span class='ocrx_word' id='word_1_292' title='bbox 724 3866 930 3946; x_wconf 86' lang='lat' dir='ltr'><strong>Belgii</strong></span> <span class='ocrx_word' id='word_1_293' title='bbox 977 3868 1294 3943; x_wconf 86' lang='lat' dir='ltr'><strong>Proceres,</strong></span> <span class='ocrx_word' id='word_1_294' title='bbox 1347 3889 1386 3930; x_wconf 91' lang='lat' dir='ltr'><strong>a</strong></span> <span class='ocrx_word' id='word_1_295' title='bbox 1435 3869 1657 3947; x_wconf 89' lang='lat' dir='ltr'><strong>quibus</strong></span> <span class='ocrx_word' id='word_1_296' title='bbox 1707 3889 1895 3932; x_wconf 87' lang='lat' dir='ltr'><strong>aureo</strong></span> <span class='ocrx_word' id='word_1_297' title='bbox 1944 3874 2167 3949; x_wconf 87' lang='lat' dir='ltr'><strong>torque</strong></span> <span class='ocrx_word' id='word_1_298' title='bbox 2216 3889 2355 3932; x_wconf 89' lang='lat' dir='ltr'><strong>cum</strong></span> <span class='ocrx_word' id='word_1_299' title='bbox 2403 3868 2771 3934; x_wconf 86' lang='lat' dir='ltr'><strong>numismate</strong></span> <span class='ocrx_word' id='word_1_300' title='bbox 2802 3871 2970 3932; x_wconf 90' lang='lat' dir='ltr'><strong>haud</strong></span> 
     </span>
    </p>

    <p class='ocr_par' dir='ltr' id='par_1_6' title="bbox 575 3963 2972 4050">
     <span class='ocr_line' id='line_1_37' title="bbox 575 3963 2972 4050; baseline 0.002 -22"><span class='ocrx_word' id='word_1_301' title='bbox 575 3963 781 4044; x_wconf 84' lang='lat' dir='ltr'><strong>exigui</strong></span> <span class='ocrx_word' id='word_1_302' title='bbox 812 3964 1100 4043; x_wconf 86' lang='lat' dir='ltr'><strong>ponderis</strong></span> <span class='ocrx_word' id='word_1_303' title='bbox 1119 3965 1381 4027; x_wconf 87' lang='lat' dir='ltr'><strong>donatus</strong></span> <span class='ocrx_word' id='word_1_304' title='bbox 1413 3967 1634 4028; x_wconf 83' lang='lat' dir='ltr'><strong>fuerat.</strong></span> <span class='ocrx_word' id='word_1_305' title='bbox 1736 3966 1997 4031; x_wconf 87' lang='lat' dir='ltr'><strong>Memori</strong></span> <span class='ocrx_word' id='word_1_306' title='bbox 2028 3973 2233 4030; x_wconf 88' lang='lat' dir='ltr'><strong>mente</strong></span> <span class='ocrx_word' id='word_1_307' title='bbox 2262 3965 2572 4031; x_wconf 87' lang='lat' dir='ltr'><strong>recolebat</strong></span> <span class='ocrx_word' id='word_1_308' title='bbox 2604 3967 2972 4050; x_wconf 87' lang='lat' dir='ltr'><strong>gratiosissi-</strong></span> 
     </span>
    </p>
   </div>
   <div class='ocr_carea' id='block_1_4' title="bbox 576 4061 2976 4246">
    <p class='ocr_par' dir='ltr' id='par_1_7' title="bbox 576 4061 2976 4246">
     <span class='ocr_line' id='line_1_38' title="bbox 576 4061 2976 4146; baseline 0.002 -22"><span class='ocrx_word' id='word_1_309' title='bbox 576 4081 709 4124; x_wconf 89' lang='lat' dir='ltr'><strong>mas</strong></span> <span class='ocrx_word' id='word_1_310' title='bbox 739 4082 916 4124; x_wconf 89' lang='lat' dir='ltr'><strong>voces</strong></span> <span class='ocrx_word' id='word_1_311' title='bbox 951 4068 1015 4124; x_wconf 87' lang='lat' dir='ltr'><strong>et</strong></span> <span class='ocrx_word' id='word_1_312' title='bbox 1047 4061 1382 4142; x_wconf 89' lang='lat' dir='ltr'><strong>propitium</strong></span> <span class='ocrx_word' id='word_1_313' title='bbox 1430 4063 1668 4125; x_wconf 79' lang='lat' dir='ltr'><strong>vultum</strong></span> <span class='ocrx_word' id='word_1_314' title='bbox 1703 4085 1821 4143; x_wconf 91' lang='lat' dir='ltr'><strong>quo</strong></span> <span class='ocrx_word' id='word_1_315' title='bbox 1856 4065 2167 4144; x_wconf 88' lang='lat' dir='ltr'><strong>suscipere</strong></span> <span class='ocrx_word' id='word_1_316' title='bbox 2217 4065 2386 4129; x_wconf 88' lang='lat' dir='ltr'><strong>haud</strong></span> <span class='ocrx_word' id='word_1_317' title='bbox 2434 4066 2802 4146; x_wconf 88' lang='lat' dir='ltr'><strong>dedignatus</strong></span> <span class='ocrx_word' id='word_1_318' title='bbox 2839 4073 2976 4130; x_wconf 89' lang='lat' dir='ltr'><strong>erat</strong></span> 
     </span>
     <span class='ocr_line' id='line_1_39' title="bbox 583 4159 2975 4246; baseline 0.003 -24"><span class='ocrx_word' id='word_1_319' title='bbox 583 4159 1034 4224; x_wconf 83' lang='lat' dir='ltr'><strong>Serenissim.us</strong></span> <span class='ocrx_word' id='word_1_320' title='bbox 1091 4161 1398 4242; x_wconf 80' lang='lat' dir='ltr'><strong>Princeps</strong></span> <span class='ocrx_word' id='word_1_321' title='bbox 1445 4163 1789 4238; x_wconf 79' lang='lat' dir='ltr'><strong>Auriacus,</strong></span> <span class='ocrx_word' id='word_1_322' title='bbox 1838 4161 2033 4226; x_wconf 86' lang='lat' dir='ltr'><strong>totius</strong></span> <span class='ocrx_word' id='word_1_323' title='bbox 2084 4163 2252 4227; x_wconf 88' lang='lat' dir='ltr'><strong>orbis</strong></span> <span class='ocrx_word' id='word_1_324' title='bbox 2300 4164 2681 4245; x_wconf 86' lang='lat' dir='ltr'><strong>miraculum,</strong></span> <span class='ocrx_word' id='word_1_325' title='bbox 2732 4165 2975 4246; x_wconf 85' lang='lat' dir='ltr'><strong>generis</strong></span> 
     </span>
    </p>
   </div>
   <div class='ocr_carea' id='block_1_5' title="bbox 581 4257 2977 4444">
    <p class='ocr_par' dir='ltr' id='par_1_8' title="bbox 581 4257 2977 4444">
     <span class='ocr_line' id='line_1_40' title="bbox 581 4257 2976 4345; baseline 0.003 -25"><span class='ocrx_word' id='word_1_326' title='bbox 581 4258 832 4320; x_wconf 90' lang='lat' dir='ltr'><strong>humani</strong></span> <span class='ocrx_word' id='word_1_327' title='bbox 883 4278 1053 4321; x_wconf 86' lang='lat' dir='ltr'><strong>amor</strong></span> <span class='ocrx_word' id='word_1_328' title='bbox 1103 4264 1169 4320; x_wconf 89' lang='lat' dir='ltr'><strong>et</strong></span> <span class='ocrx_word' id='word_1_329' title='bbox 1219 4257 1520 4323; x_wconf 89' lang='lat' dir='ltr'><strong>delicium.</strong></span> <span class='ocrx_word' id='word_1_330' title='bbox 1621 4259 1835 4323; x_wconf 83' lang='lat' dir='ltr'><strong>Laetus</strong></span> <span class='ocrx_word' id='word_1_331' title='bbox 1884 4261 2348 4345; x_wconf 81' lang='lat' dir='ltr'><strong>recordabatur,</strong></span> <span class='ocrx_word' id='word_1_332' title='bbox 2401 4268 2555 4342; x_wconf 90' lang='lat' dir='ltr'><strong>quot</strong></span> <span class='ocrx_word' id='word_1_333' title='bbox 2600 4263 2721 4343; x_wconf 90' lang='lat' dir='ltr'><strong>ipsi</strong></span> <span class='ocrx_word' id='word_1_334' title='bbox 2750 4263 2976 4327; x_wconf 87' lang='lat' dir='ltr'><strong>amoris</strong></span> 
     </span>
     <span class='ocr_line' id='line_1_41' title="bbox 589 4356 2977 4444; baseline 0.003 -27"><span class='ocrx_word' id='word_1_335' title='bbox 589 4361 851 4441; x_wconf 66' lang='lat' dir='ltr'><strong>remigem</strong></span> <span class='ocrx_word' id='word_1_336' title='bbox 905 4356 1314 4419; x_wconf 86' lang='lat' dir='ltr'><strong>exhibuerant</strong></span> <span class='ocrx_word' id='word_1_337' title='bbox 1362 4356 1566 4434; x_wconf 86' lang='lat' dir='ltr'><strong>Docti,</strong></span> <span class='ocrx_word' id='word_1_338' title='bbox 1622 4357 1726 4438; x_wconf 89' lang='lat' dir='ltr'><strong>qui</strong></span> <span class='ocrx_word' id='word_1_339' title='bbox 1774 4365 1923 4421; x_wconf 89' lang='lat' dir='ltr'><strong>tunc</strong></span> <span class='ocrx_word' id='word_1_340' title='bbox 1972 4359 2035 4421; x_wconf 90' lang='lat' dir='ltr'><strong>in</strong></span> <span class='ocrx_word' id='word_1_341' title='bbox 2090 4361 2308 4444; x_wconf 88' lang='lat' dir='ltr'><strong>Belgio</strong></span> <span class='ocrx_word' id='word_1_342' title='bbox 2359 4366 2541 4424; x_wconf 88' lang='lat' dir='ltr'><strong>erant</strong></span> <span class='ocrx_word' id='word_1_343' title='bbox 2590 4363 2977 4442; x_wconf 85' lang='lat' dir='ltr'><strong>superstites.</strong></span> 
     </span>
    </p>
   </div>
   <div class='ocr_carea' id='block_1_6' title="bbox 585 4453 2984 4638">
    <p class='ocr_par' dir='ltr' id='par_1_9' title="bbox 585 4453 2984 4638">
     <span class='ocr_line' id='line_1_42' title="bbox 585 4453 2984 4538; baseline 0.001 -20"><span class='ocrx_word' id='word_1_344' title='bbox 585 4455 713 4518; x_wconf 85' lang='lat' dir='ltr'><strong>Pro</strong></span> <span class='ocrx_word' id='word_1_345' title='bbox 766 4461 911 4518; x_wconf 85' lang='lat' dir='ltr'><strong>voto</strong></span> <span class='ocrx_word' id='word_1_346' title='bbox 968 4453 1266 4520; x_wconf 86' lang='lat' dir='ltr'><strong>successit</strong></span> <span class='ocrx_word' id='word_1_347' title='bbox 1327 4455 1608 4536; x_wconf 85' lang='lat' dir='ltr'><strong>Legatio,</strong></span> <span class='ocrx_word' id='word_1_348' title='bbox 1678 4463 1743 4518; x_wconf 87' lang='lat' dir='ltr'><strong>et</strong></span> <span class='ocrx_word' id='word_1_349' title='bbox 1806 4456 1857 4520; x_wconf 89' lang='lat' dir='ltr'><strong>si</strong></span> <span class='ocrx_word' id='word_1_350' title='bbox 1918 4464 2280 4538; x_wconf 83' lang='lat' dir='ltr'><strong>taceremus,</strong></span> <span class='ocrx_word' id='word_1_351' title='bbox 2335 4457 2717 4521; x_wconf 90' lang='lat' dir='ltr'><strong>munimenta</strong></span> <span class='ocrx_word' id='word_1_352' title='bbox 2768 4465 2984 4521; x_wconf 87' lang='lat' dir='ltr'><strong>nostra</strong></span> 
     </span>
     <span class='ocr_line' id='line_1_43' title="bbox 588 4551 2980 4638; baseline 0.002 -23"><span class='ocrx_word' id='word_1_353' title='bbox 588 4553 1004 4634; x_wconf 88' lang='lat' dir='ltr'><strong>loquerentur.</strong></span> <span class='ocrx_word' id='word_1_354' title='bbox 1108 4551 1255 4616; x_wconf 87' lang='lat' dir='ltr'><strong>Non</strong></span> <span class='ocrx_word' id='word_1_355' title='bbox 1302 4555 1523 4636; x_wconf 85' lang='lat' dir='ltr'><strong>refer0,</strong></span> <span class='ocrx_word' id='word_1_356' title='bbox 1579 4554 1948 4637; x_wconf 75' lang='lat' dir='ltr'><strong>AuditoreS,</strong></span> <span class='ocrx_word' id='word_1_357' title='bbox 1985 4565 2213 4638; x_wconf 88' lang='lat' dir='ltr'><strong>quanto</strong></span> <span class='ocrx_word' id='word_1_358' title='bbox 2264 4563 2489 4624; x_wconf 90' lang='lat' dir='ltr'><strong>conatu</strong></span> <span class='ocrx_word' id='word_1_359' title='bbox 2537 4575 2611 4620; x_wconf 82' lang='lat' dir='ltr'><strong>ac</strong></span> <span class='ocrx_word' id='word_1_360' title='bbox 2652 4556 2980 4631; x_wconf 88' lang='lat' dir='ltr'><strong>molimine,</strong></span> 
     </span>
    </p>
   </div>
   <div class='ocr_carea' id='block_1_7' title="bbox 3262 3701 3278 4398">
    <p class='ocr_par' dir='ltr' id='par_1_10' title="bbox 3262 3701 3278 4398">
     <span class='ocr_line' id='line_1_44' title="bbox 3262 3701 3278 4398; baseline 0 0"><span class='ocrx_word' id='word_1_361' title='bbox 3262 3701 3278 4398; x_wconf 95' lang='lat' dir='ltr'><strong> </strong></span> 
     </span>
    </p>
   </div>
  </div>
 </body>
</html>
