3300 5225
610 279 727 338 548
1595 295 1780 337 mous
1809 293 2020 337 nouus.
2641 273 2942 358 [ρωῐεετ.
2983 296 3090 337 vr.

694 437 814 498 IX.
858 437 1143 497 Caeterum
1170 436 1541 497 incredulitas
1567 457 1687 496 non
1712 435 1998 516 potuisset
2023 437 2086 495 in
2120 434 2354 494 homine
2394 435 2586 496 locum
2627 436 2878 512 habere,
2939 437 3084 496 nisi

608 517 769 596 prius
796 537 900 595 per
925 518 1343 596 incoqilantiam
1370 526 1654 578 cessasset
1680 539 1716 576 a
1742 516 2198 576 consideratione
2225 516 2518 575 interdicti
2559 517 2690 594 Dei,
2733 525 2800 576 et
2841 518 3080 595 ipsius

612 598 946 657 veracitatis
974 606 1033 657 et
1058 598 1335 657 bonitatis
1360 622 1375 658 ε
1420 599 1569 657 Nam
1598 598 1650 658 si
1677 598 1754 657 ad
1779 597 1928 657 illud
1952 605 2205 658 mentem
2248 596 2398 656 serio
2442 616 2668 675 semper
2707 598 3073 675 applicuis-

613 686 721 753 set,
751 677 1003 737 maxime
1032 685 1322 737 momento
1350 678 1703 755 tentationis,
1733 697 2030 755 nunquam
2057 678 2131 736 ab
2159 677 2288 754 ejus
2315 675 2430 735 fide
2471 676 2754 736 dimoveri
2801 678 3066 755 potuis-

614 765 719 832 set,
750 765 816 815 ut
855 777 1023 816 aures
1050 759 1332 835 praeberet
1358 759 1674 819 Tentatori.
1758 757 1916 816 Hinc
1944 777 2084 835 ergo
2111 756 2283 816 fluxit
2307 757 2494 834 primo
2522 757 2900 817 incredulitas
2935 778 3062 818 seu

613 836 948 913 diffidentia,
977 857 1081 914 per
1108 858 1282 915 quam
1321 840 1493 898 homo
1533 839 1708 898 fidem
1749 837 1950 898 Verbo
1992 837 2122 912 Dei,
2165 857 2339 915 quam
2379 837 2592 897 habere
2632 837 2856 915 debuit,
2911 859 3056 897 non

610 917 831 992 habuit,
864 917 967 976 sed
994 918 1352 978 dubitatione
1378 920 1643 998 primum,
1673 939 1814 978 mox
1839 919 2146 996 negatione
2165 918 2436 993 excussit,
2460 937 2576 975 non
2604 918 2852 978 credens
2867 920 3054 978 serio

612 997 724 1056 sibi
750 996 1121 1057 interdictum
1158 998 1422 1076 fructum,
1452 1020 1560 1059 nec
1602 1019 1665 1058 se
1705 998 2082 1058 moriturum:
2125 997 2352 1057 Deinde
2392 998 2710 1075 credulims,
2738 1017 2862 1076 qua
2889 1019 3048 1058 ver·

612 1076 704 1136 bis
736 1077 970 1136 Diaboli
998 1078 1172 1156 coepit
1197 1081 1539 1156 auscultare,
1568 1079 1742 1140 fidem
1769 1079 1974 1137 falsam
2002 1077 2378 1156 concipiendo
2407 1098 2482 1136 ex
2509 1078 2635 1155 ejus
2675 1079 3042 1155 mendaciis,

614 1157 807 1216 Deum
834 1158 945 1216 sibi
982 1157 1240 1219 invidere
1283 1158 1549 1234 fructum,
1593 1169 1654 1219 et
1694 1179 1756 1218 se
1803 1159 1930 1217 Deo
1972 1157 2219 1216 similem
2255 1157 2513 1217 futurum
2555 1166 2614 1217 et
2651 1159 3038 1234 omniscium,

612 1246 785 1314 atque
813 1238 896 1296 ita
916 1237 1201 1316 judicium
1228 1239 1365 1300 fecit
1392 1259 1710 1315 erroneum,
1741 1259 1856 1316 quo
1885 1238 2087 1297 statuit
2115 1238 2404 1316 objectum
2435 1258 2470 1296 a
2511 1238 2762 1297 Diabolo
2805 1259 3038 1316 propo-

614 1317 789 1377 situm
817 1317 930 1376 sibi
956 1319 1171 1378 bonum
1200 1340 1366 1382 esse:
1448 1319 1622 1380 Unde
1648 1340 1788 1378 mox
1815 1319 2106 1396 appetitus
2145 1317 2272 1394 ejus
2313 1318 2374 1374 in
2401 1317 2717 1393 voluntate,
2747 1327 2810 1379 et
2851 1319 3034 1378 ineli-

612 1397 771 1457 natio
827 1399 1306 1477 concupiscentiae
1345 1400 1589 1478 ejusque
1628 1407 1822 1458 motus
1861 1398 2056 1457 extitit
2095 1398 2172 1456 ad
2211 1397 2376 1456 illum
2416 1397 2666 1457 fructum
2707 1399 3030 1458 comeden-

612 1478 751 1536 dum
777 1501 791 1537 :
820 1486 879 1538 et
908 1478 1141 1538 tandem
1168 1488 1409 1539 externa
1434 1480 1604 1539 acti0.
1689 1479 1784 1538 Ita
1809 1479 1933 1538 haec
1960 1476 2339 1555 incogitantia
2364 1477 2512 1536 bene
2538 1485 2732 1555 potest
2759 1478 2880 1538 dici
2905 1479 3028 1537 ini-

610 1558 773 1633 tium,
807 1578 910 1618 seu
936 1559 1155 1636 primus
1181 1560 1399 1638 gradus
1424 1558 1662 1637 peccati,
1693 1579 1840 1636 quae,
1871 1567 1937 1617 ut
1961 1558 2151 1636 potuit
2177 1556 2382 1616 cadere
2409 1557 2471 1615 in
2506 1558 2798 1616 hominem
2827 1567 3028 1618 muta-

610 1637 806 1712 bilem,
830 1637 914 1696 ita
940 1639 1001 1695 in
1029 1647 1223 1698 actum
1249 1659 1367 1698 non
1392 1639 1583 1717 potuit
1610 1640 1771 1698 exeri
1798 1639 1872 1697 ab
1899 1638 2132 1696 homine
2159 1645 2365 1713 stante,
2407 1637 2510 1696 sed
2532 1638 2654 1715 jam
2701 1638 3030 1716 incipiente

612 1716 860 1774 deficere
859 1737 925 1853 ὅ
954 1718 1098 1857 ῗεο,
1130 1729 1189 1780 ει
1229 1727 1411 1779 semet
1450 1738 1814 1797 corrumpere
1853 1737 1957 1796 per
1998 1737 2160 1778 suam
2201 1717 2662 1794 mutabilitatem,
2707 1727 2768 1779 et
2807 1719 3022 1778 seduc·

612 1795 825 1856 tionem
917 1795 972 1854 ia
1014 1798 1109 1858 oli.

1214 1877 1300 1938 X.
1346 1878 1623 1954 Quamvis
1650 1879 1713 1938 in
1737 1878 1908 1956 lapsu
1934 1875 2168 1954 Adami,
2199 1897 2370 1955 quem
2398 1876 2722 1955 Apostolus
2756 1879 3024 1956 appellat

680 1939 1021 2046 Ἑοξξξοξῖιῑι·
1134 1959 1574 2036 inobedientiam,
1620 1960 1791 2018 Rom.
1821 1979 1879 2020 v.
1928 1961 2020 2036 19,
2064 1958 2394 2018 includatur
2435 1959 2722 2036 superbia,
2766 1967 2834 2018 ut
2879 1967 3022 2018 ante

1133 2039 1368 2116 dictum,
1399 2061 1517 2098 non
1544 2041 1804 2117 sequitur
1831 2039 2008 2099 fuisse
2035 2039 2282 2116 primum
2310 2039 2438 2115 ejus
2465 2038 2745 2116 gradum:
2788 2039 2920 2098 Imo
2947 2047 3022 2098 ut

606 2117 829 2196 primus
856 2126 1019 2179 actus
1048 2120 1329 2197 superbiae
1358 2119 1467 2179 fuit
1501 2120 1658 2180 nolle
1687 2119 1922 2178 obedire
1951 2120 2079 2178 Deo
2101 2141 2116 2195 3
2164 2119 2257 2178 Ita
2295 2119 2516 2195 primus
2556 2119 2840 2196 superbiae
2882 2119 3022 2178 fons

606 2199 719 2258 fuit
745 2199 900 2258 nolle
930 2199 1159 2258 credere
1188 2199 1385 2259 verbis
1415 2200 1527 2259 Dei
1551 2223 1566 2259 :
1612 2200 1896 2278 Superbia
1924 2199 2077 2258 enim
2105 2218 2204 2258 cor
2228 2199 2480 2257 hominis
2507 2218 2803 2277 nunquam
2841 2208 3020 2277 potu·

603 2277 747 2338 isset
775 2279 985 2356 subire,
1015 2280 1128 2339 nisi
1154 2281 1313 2358 prius
1338 2280 1453 2339 fide
1480 2279 1790 2339 verborum
1819 2280 1933 2338 Dei
1958 2277 2304 2339 labefactata
2329 2286 2388 2338 ει
2413 2297 2678 2338 excussa.

622 2417 631 2422 .
689 2358 810 2418 XI.
856 2359 941 2419 Ut
968 2360 1029 2418 in
1056 2361 1212 2420 omni
1240 2368 1402 2419 motu
1428 2361 1709 2419 terminus
1735 2379 1772 2418 a
1797 2380 1913 2437 quo
1940 2359 2097 2437 prior
2136 2367 2227 2418 est
2264 2359 2511 2418 termino
2558 2358 2635 2417 ad
2677 2378 2867 2437 quem,
2917 2358 3019 2417 Ita

606 2439 833 2497 aversio
861 2459 897 2498 a
920 2440 1074 2499 bono
1101 2440 1372 2515 increat0,
1398 2461 1527 2517 quae
1556 2448 1646 2500 est
1686 2439 2059 2514 infidelitatis,
2103 2437 2426 2516 praecedere
2467 2437 2641 2498 debet
2681 2438 3014 2498 conversio-

605 2536 739 2575 nem
766 2518 843 2576 ad
868 2519 1084 2578 bonum
1113 2528 1385 2596 creatum,
1422 2540 1551 2597 quae
1580 2528 1670 2580 est
1705 2519 2023 2598 superbiae;
2065 2537 2200 2578 nam
2242 2517 2499 2595 quandiu
2538 2518 2692 2577 bono
2733 2518 3012 2594 increato,

606 2597 795 2657 nimir.
828 2598 971 2675 Dee,
992 2597 1346 2678 adhaesisset,
1366 2600 1443 2659 ad
1469 2607 1760 2661 creaturas
1788 2609 1849 2661 et
1873 2599 1950 2661 ad
1969 2599 2221 2679 seipsum
2235 2618 2340 2677 per
2357 2597 2684 2676 superbiam
2711 2618 3014 2675 nunquam

606 2698 668 2739 se
698 2681 1095 2741 convertisset.

686 2758 843 2818 XII.
888 2760 1055 2819 Licet
1080 2759 1143 2819 in
1170 2760 1451 2821 electione
1476 2761 1626 2821 bene
1654 2760 1935 2837 ordinata,
1967 2768 2026 2819 et
2064 2756 2499 2819 ratiocinatione
2539 2756 2776 2833 directa,
2819 2758 3008 2836 primo

603 2838 737 2897 finis
776 2841 1115 2899 obversetur
1154 2842 1350 2914 menti,
1394 2848 1704 2918 antequam
1745 2842 2032 2919 cogitetur
2072 2837 2144 2897 de
2185 2838 2427 2914 mediis;
2471 2857 2587 2911 non
2630 2857 2856 2915 semper
2894 2838 3006 2897 hoc

604 2918 797 2978 locum
822 2920 999 2979 habet
1026 2921 1085 2977 in
1128 2920 1561 2979 ratiocinatione
1589 2920 1844 2997 obliqua,
1889 2940 2018 2995 quae
2059 2918 2414 2977 seductionis
2455 2925 2560 2992 est,
2604 2917 2665 2974 in
2706 2937 2824 2995 qua
2862 2919 3004 2977 ordo

602 2996 713 3057 iste
743 3018 895 3076 saepe
922 2998 1264 3073 invertitur3
1307 3000 1418 3057 hac
1446 3008 1639 3059 autem
1667 3019 1838 3059 usum
1865 2998 2042 3058 fuisse
2069 2998 2341 3057 Satanam
2367 2997 2430 3055 in
2463 2997 2777 3056 tentatione
2819 2998 3000 3056 homi-

604 3075 695 3133 nis
724 3084 986 3151 constat;
1032 3082 1087 3135 2.
1113 3078 1391 3151 Quamvis
1419 3079 1703 3156 superbiae
1741 3087 1905 3137 actus
1933 3086 2196 3137 versatus
2225 3078 2301 3136 sit
2341 3077 2494 3136 circa
2532 3076 2724 3151 finem,
2753 3097 2871 3136 non
2911 3097 2998 3137 se-

602 3154 799 3231 quitur
835 3154 1233 3216 infidelitatem
1272 3158 1545 3217 habuisse
1584 3158 1866 3218 rationem
1907 3158 2100 3234 medii,
2143 3158 2248 3216 sed
2287 3156 2480 3234 potius
2522 3176 2726 3231 causae,
2771 3176 2848 3215 ex
2887 3177 3003 3233 qua

602 3234 873 3311 superbia
899 3244 1026 3295 orta
1053 3244 1180 3296 est:
1222 3257 1358 3295 nam
1383 3237 1497 3296 nisi
1533 3238 1709 3297 homo
1749 3240 1812 3297 in
1855 3238 1973 3297 fide
2013 3237 2366 3312 fluctuasset,
2410 3236 2686 3314 appetitio
2734 3236 2996 3311 Deitatis,

600 3332 732 3391 quae
761 3323 850 3375 est
877 3323 1040 3375 actus
1068 3316 1368 3393 superbiae,
1400 3336 1499 3377 cor
1526 3318 1656 3396 ejus
1684 3319 1876 3378 subire
1903 3338 2020 3376 non
2045 3317 2362 3395 potuisset3
2393 3336 2502 3375 nec
2527 3317 2628 3377 ille
2654 3316 2786 3375 finis
2813 3317 2999 3393 potuit

600 3392 895 3454 obversari
922 3394 1108 3473 primo
1134 3397 1371 3472 homini,
1402 3398 1527 3457 sine
1553 3418 1766 3477 magno
1795 3417 1984 3457 errore
2011 3406 2072 3456 et
2095 3395 2516 3456 incredulitate.

680 3472 871 3535 XIII.
917 3476 1108 3536 Locus
1141 3478 1361 3554 Syraci.
1390 3500 1451 3539 x.
1487 3482 1579 3559 12,
1609 3479 1842 3537 Initium
1865 3477 2138 3553 superbiae
2164 3486 2246 3535 est
2269 3474 2502 3550 defectio
2529 3495 2570 3533 a
2595 3477 2740 3550 Deo,
2763 3483 2994 3552 praeter-

598 3552 773 3633 quain
800 3557 958 3633 quod
986 3556 1376 3635 Apocryphus
1404 3566 1509 3633 est,
1539 3558 1686 3617 nihil
1713 3557 1888 3615 habet
1915 3557 2071 3633 quod
2099 3556 2398 3615 sententiae
2425 3562 2638 3613 nostrae
2679 3564 2992 3631 repugnet;

594 3653 730 3693 nam
759 3635 809 3693 si
850 3638 1140 3714 apostasia
1168 3647 1257 3696 est
1304 3638 1529 3697 initium
1578 3637 1878 3715 superbiae,
1910 3654 2145 3695 necesse
2195 3643 2284 3695 est
2319 3633 2737 3711 infidelitatem,
2781 3634 2842 3691 in
2881 3653 2998 3711 qua

592 3708 696 3780 illa
722 3717 912 3791 posita
939 3726 1045 3791 est,
1090 3719 1453 3793 praecessisse
1480 3717 1842 3793 superbiam:
1886 3716 2011 3775 Nec
2037 3714 2480 3792 quodadditur,
2523 3734 2583 3773 v.
2631 3717 2722 3791 13,
2765 3714 2996 3774 Initium

595 3796 771 3851 omnis
786 3798 1014 3870 peccati
1034 3797 1313 3873 superbia,
1345 3797 1693 3856 contrarium
1723 3796 1954 3869 evincit,
1975 3796 2112 3872 quia
2137 3814 2255 3853 non
2281 3801 2372 3853 est
2398 3793 2663 3853 absolute
2690 3802 2750 3853 et
2780 3794 2994 3872 simpli-

592 3872 736 3931 citer
761 3873 1204 3951 intelligendum
1234 3875 1305 3935 de
1334 3875 1543 3953 quovis
1570 3883 1824 3953 peccat0,
1855 3875 2028 3933 etiam
2055 3874 2258 3952 primo,
2289 3882 2348 3933 et
2377 3874 2477 3932 illo
2506 3873 2664 3951 quod
2690 3872 2840 3932 dixit
2867 3892 2993 3933 esse

590 3950 821 4010 initium
848 3954 1131 4030 superbiae
1154 3977 1169 4027 ;
1214 3954 1319 4013 sed
1346 3956 1661 4014 secundum
1690 3954 1832 4032 quid
1859 3954 1932 4011 de
1954 3953 2084 4013 aliis
2111 3954 2272 4031 ortis,
2303 3974 2434 4031 quae
2450 3974 2486 4012 a
2507 3952 2776 4033 superbia
2803 3954 2991 4031 utplu-

587 4032 796 4090 rimum
824 4032 1105 4109 originem
1134 4033 1371 4095 ducunt.
