3300 5225
532 258 611 314 80
1528 275 1710 317 Locus
1739 275 2062 319 sacunnus.
2577 252 2828 334 [QuAEs‘r.
2859 274 2943 317 v1.

529 413 1005 474 labefactandam.
1084 415 1179 473 Ita
1204 415 1462 493 apprime
1490 415 1551 473 in
1578 435 1681 475 eos
1701 416 1946 493 quadrat
1973 415 2131 493 quod
2163 416 2415 473 Irenoeua
2441 412 2514 472 de
2542 413 2828 473 haereticis
2857 414 2949 474 sui

529 494 807 571 temporis
834 494 915 553 ait
941 494 1042 554 lib.
1074 497 1129 570 3,
1160 515 1286 572 cap.
1316 498 1374 554 2.
1394 522 1401 529 ·
1422 495 1567 555 Cum
1608 516 1684 555 ex
1723 496 2036 573 Ser-:plurib
2073 504 2411 571 arqauntur,
2443 494 2501 551 in
2537 495 2948 554 cremationem

530 583 927 633 convertuntur
944 540 1395 651 Ser-ipiurarum,
1416 576 1585 652 quasi
1596 596 1710 635 non
1725 586 1873 635 recte
1891 576 2147 650 habeant,
2172 591 2348 651 neque
2366 574 2479 631 sint
2495 593 2570 631 ex
2584 574 2946 635 authoritate.

544 690 616 736 Po
617 696 693 735 ,m
678 690 791 735 ‘fleti
806 691 890 736 alii
910 692 993 735 du-
1134 655 1219 713 II.
1264 654 1706 716 Observandum
1743 662 1936 715 autem
1963 654 2108 713 alios
2149 652 2366 729 durius,
2411 652 2558 711 alios
2596 652 2948 713 moderatius

590 749 694 794 riu·
710 750 795 793 alii
816 764 893 793 mo
895 750 952 793 ιιι
954 762 1009 793 ua
1049 732 1112 791 in
1163 734 1273 793 hac
1313 734 1631 810 quaestione
1673 735 1853 811 loqui.
1937 734 2184 808 Quidam
2237 733 2392 792 enim
2435 735 2630 812 vvest?
2641 736 2710 813 τῇ
2743 735 2952 812 κεφαλῇ·

590 808 872 864 loquuntur.
1056 813 1365 891 Scripturae
1392 816 1638 872 adomnia
1677 814 1740 871 in
1778 832 1840 872 se
1883 812 2008 871 sine
2049 811 2379 871 testimonio
2422 798 2702 871 Ecclesiae
2729 798 2946 889 simpli·

531 892 677 951 citer
702 900 1003 969 negarunt,
1033 912 1140 951 nec
1166 892 1373 970 majori
1396 894 1513 951 fide
1539 894 1778 969 dignam
1803 901 2167 966 censuerunt,
2187 892 2458 950 horresco
2484 889 2754 967 referens,
2773 910 2949 969 quam

535 970 907 1045 Alcorauum,
938 972 1135 1031 Titum
1164 971 1417 1047 Livium,
1448 972 1544 1030 vel
1572 972 1764 1048 AEsop
1767 972 1788 1028 i
1814 970 2079 1047 fabulas,
2123 990 2270 1047 quas
2309 969 2698 1047 blasphemias
2725 980 2946 1030 eructa-

532 1049 674 1109 bant
700 1051 801 1127 qui
828 1051 1109 1127 superiori
1134 1051 1329 1110 seculo
1368 1050 1648 1110 adversus
1677 1050 1922 1109 Nostros
1963 1049 2038 1109 de
2083 1050 2392 1127 Scriptura»,
2431 1049 2802 1109 Authoritate
2829 1050 2946 1109 dis-

532 1138 735 1206 putare
764 1139 1078 1207 coeperunt.
1162 1130 1291 1204 Quo
1316 1129 1606 1207 pertinent
1631 1130 1824 1207 impiae
1854 1149 2028 1188 voces
2071 1128 2244 1189 Hosii
2270 1128 2420 1190 libro
2447 1131 2503 1204 3,
2535 1136 2736 1187 contra
2763 1130 2945 1187 Bren-

532 1208 693 1283 tium,
725 1209 826 1285 qui
864 1208 1069 1267 asserit
1094 1207 1191 1285 pio
1232 1228 1407 1267 sensu
1432 1228 1603 1285 posse
1645 1209 1795 1285 dici3
1838 1209 2169 1285 Scripturas
2209 1216 2426 1267 tantum
2463 1210 2654 1266 valere
2679 1218 2950 1284 quantiam

530 1289 742 1362 AE’aopi
747 1290 1001 1363 fabulas,
1030 1288 1085 1346 si
1107 1288 1481 1347 destituantur
1506 1290 1779 1347 Εεσῑεείω
1819 1290 2194 1347 authoritate.-
2275 1286 2450 1346 Eckii
2485 1287 2559 1347 de
2599 1288 2949 1347 authoritate

532 1366 1273 1444 Ecclesioe318cm'pturam
1324 1387 1438 1427 non
1490 1388 1606 1427 esse
1661 1369 2050 1442 authenticam,
2101 1368 2212 1427 nisi
2256 1366 2528 1425 Ecclesiae
2573 1366 2948 1429 authoritate.-

532 1444 723 1522 Bayli.
768 1454 994 1507 tractat.
1036 1447 1075 1507 i.
1119 1447 1336 1506 catech.
1378 1465 1438 1524 q.
1485 1450 1597 1523 12;
1640 1448 1776 1507 Sine
1823 1447 2093 1506 Ecclesioe
2131 1447 2472 1507 authoritate
2510 1466 2624 1505 non
2667 1447 2848 1523 maqis
2889 1466 2950 1507 se

530 1526 876 1585 crediturum
928 1527 990 1586 S.
1046 1528 1321 1585 Matthaeo
1366 1547 1537 1602 quam
1582 1494 1710 1585 'Tito
1757 1527 1920 1587 Livio
1963 1526 2320 1604 profitentis:
2404 1524 2691 1584 Andradii
2736 1526 2839 1585 lib.
2886 1528 2946 1585 3.

531 1603 751 1664 defens.
782 1607 957 1665 Cone.
986 1605 1145 1665 Trid.
1227 1606 1441 1664 Nihil
1416 1626 1589 1665 messe
1626 1607 1930 1667 divinitatis
1971 1607 2080 1665 ἱπ·
2057 1607 2124 1665 u’s
2151 1606 2307 1665 libris
2333 1606 2529 1682 quibus
2553 1624 2726 1663 sacra
2750 1614 2946 1681 myste-

530 1685 629 1742 ria
654 1686 972 1762 conscripta
996 1694 1139 1761 cunt,
1170 1706 1271 1743 nec
1296 1686 1538 1745 inveniri
1560 1687 1621 1745 in
1646 1687 1732 1763 iis,
1751 1689 1906 1763 quod
1927 1706 2028 1745 nos
2053 1686 2322 1761 reliyione
2349 1694 2516 1761 coqat
2535 1694 2588 1743 et
2605 1685 2952 1777 constr-inqut

530 1766 617 1822 ad
638 1767 979 1824 credendum
1004 1784 1129 1841 quoe
1154 1765 1215 1823 in
1240 1766 1351 1823 illis
1377 1766 1768 1825 continentur·
1744 1811 1763 1838 ,
1807 1768 1910 1825 sed
1931 1766 2200 1825 Ecclesioe
2227 1773 2443 1823 tantam
2469 1784 2582 1823 esse
2609 1765 2720 1822 vim
2747 1774 2802 1825 ct
2825 1785 2946 1823 am-

522 1844 875 1920 plitudinem,
904 1854 970 1903 ut
992 1865 1151 1903 nemo
1177 1845 1295 1903 sine
1320 1846 1575 1904 maxima
1602 1847 1899 1922 impietatis
1925 1855 2060 1905 nota
2085 1864 2408 1921 repuqnare
2435 1844 2522 1903 illi
2533 1845 2731 1920 possit.
2813 1844 2946 1903 Sta-

528 1923 749 1999 pletoni
776 1923 1057 1983 adversus
1084 1924 1373 1983 Whittak.
1402 1925 1504 1984 lib.
1532 1925 1572 1985 i.
1603 1945 1653 1984 c.
1686 1930 1741 1985 7.
1825 1925 1922 1985 Sic
1947 1925 2208 1984 attestari
2221 1924 2552 1997 Ecclesiam,
2577 1932 2639 1981 ut
2657 1944 2768 1982 non
2793 1943 2949 1981 secus

530 2002 799 2061 Ecclesiae
826 2004 1130 2063 testimonio
1157 2007 1388 2063 credere
1414 2006 1724 2080 debeamus,
1753 2024 1826 2063 ac
1855 2004 2068 2064 Christi
2085 2004 2390 2063 testimonio
2407 2003 2768 2063 crediderunt
2791 2004 2946 2079 Apo-

528 2082 671 2158 stoli,
702 2092 758 2141 et
780 2103 893 2141 non
921 2084 1081 2141 credi
1119 2086 1305 2142 Deum
1332 2104 1447 2143 esse
1486 2084 1597 2142 nisi
1622 2092 1869 2160 propter
1907 2084 2241 2143 Ecclesiam.
2325 2082 2475 2157 Quia
2514 2102 2654 2141 vero
2681 2082 2792 2141 hoc
2821 2092 2946 2141 tau-

526 2180 702 2238 quam
730 2162 969 2255 impium
996 2171 1056 2223 et
1081 2162 1483 2241 blasphemum
1508 2184 1545 2222 a
1572 2164 1802 2223 Nostris
1829 2163 2116 2241 exagitari
2141 2182 2248 2222 nec
2277 2162 2401 2221 sine
2427 2161 2650 2220 ratione
2676 2162 2950 2221 viderunt

526 2240 642 2315 alii,
675 2242 898 2301 cautius
936 2242 1161 2318 loquuti
1204 2251 1357 2319 sunt,
1388 2242 1473 2301 ita
1496 2250 1748 2303 mentem
1789 2262 1954 2303 suam
1995 2250 2368 2334 exponentes,
2411 2249 2478 2301 ut
2503 2241 2791 2299 fateantur
2822 2242 2949 2318 qui-

527 2318 660 2377 dem
692 2320 1044 2398 Scripturam
1066 2322 1328 2381 absolute
1346 2332 1405 2382 et
1424 2322 1485 2380 ιιι
1502 2342 1564 2381 se
1586 2323 1976 2382 authenticam
1997 2341 2124 2381 esse
2145 2330 2205 2381 et
2227 2320 2520 2395 Divinam,
2542 2328 2744 2397 utpote
2763 2341 2800 2377 a
2821 2320 2949 2379 Deo

528 2399 716 2457 omnis
743 2400 1007 2460 veritatis
1034 2401 1191 2461 sonte
1219 2402 1550 2494 profectam,
1583 2401 1690 2461 sed
1714 2402 1900 2461 velint
1925 2410 2120 2461 tamen
2145 2404 2326 2461 relate
2351 2408 2410 2459 et
2435 2402 2630 2476 quoad
2651 2420 2752 2458 nos
2778 2400 2948 2458 istam

528 2478 937 2538 authoritatem
963 2499 1081 2538 non
1108 2481 1368 2539 obtinere
1395 2480 1511 2539 nisi
1548 2490 1783 2558 propter
1825 2481 2102 2541 Ecclesiae
2142 2479 2550 2555 testimonium,
2582 2480 2749 2556 cujus
2775 2479 2948 2539 bene-

529 2557 663 2616 ficio
690 2558 858 2618 nobis
884 2558 1224 2635 innotescat,
1255 2568 1314 2619 et
1340 2580 1377 2620 a
1402 2560 1572 2620 nobis
1599 2569 1666 2620 ut
1696 2560 1913 2620 Divina
1945 2560 2271 2640 recipiatur.
2357 2558 2530 2620 Unde
2557 2568 2684 2619 orta
2711 2557 2946 2619 distinc-

529 2637 613 2696 tio
644 2637 1034 2698 Authoritatis
1074 2643 1267 2716 quoad
1288 2660 1347 2699 se
1386 2648 1447 2699 et
1486 2643 1682 2716 quoad
1713 2661 1830 2716 nos,
1861 2660 2036 2718 quam
2076 2643 2298 2700 Bellar.
2326 2639 2428 2698 lib.
2459 2644 2514 2714 2,
2546 2639 2618 2698 de
2648 2637 2866 2699 Concil.
2895 2659 2947 2698 c.

533 2719 645 2855 ἰΙῙΞ,1
658 2718 896 2855 Βὸιιᾶρῑει.
926 2718 1129 2778 doctri.
1158 2719 1399 2797 princip.
1428 2738 1479 2779 c.
1512 2723 1564 2795 1,
1594 2727 1656 2780 et
1682 2720 1755 2780 de
1781 2721 1940 2780 auth.
1965 2721 2191 2780 Eccles.
2213 2720 2276 2780 li.
2301 2723 2358 2796 2,
2387 2739 2438 2779 c.
2473 2722 2564 2794 11,
2597 2729 2656 2780 et
2681 2719 2782 2778 alii
2811 2718 2946 2778 sub-

636 2817 669 2856 e
775 2807 962 2858 erunt.

615 2876 737 2936 III.
784 2877 903 2936 Sed
928 2896 1273 2954 quocunque
1300 2879 1473 2939 modo
1500 2887 1752 2939 mentem
1779 2898 1944 2939 suam
1971 2879 2280 2973 explicent,
2311 2878 2362 2937 si
2381 2877 2490 2936 rite
2518 2896 2638 2938 rem
2659 2885 2946 2954 putamus,

530 2955 754 3032 patebit
780 2956 857 3016 ad
882 2957 1079 3016 fucum
1119 2956 1461 3035 faciendum,
1492 2969 1551 3018 et
1577 2959 1856 3018 invidiam
1883 2968 2002 3019 tam
2044 2959 2205 3036 impii
2247 2957 2536 3034 dogmatis
2567 2957 2950 3016 amoliendam

532 3035 743 3127 poti-us,
774 3056 949 3113 quam
976 3036 1052 3095 ad
1080 3037 1481 3115 explicandam
1507 3040 1592 3097 rei
1630 3041 1936 3099 veritatem
1977 3037 2405 3098 distinctionem
2437 3037 2608 3096 istam
2639 3036 2820 3096 fuisse
2845 3057 2948 3096 ex·

533 3114 883 3192 cogitatam:
966 3115 1116 3191 Quia
1142 3137 1273 3178 cum
1302 3118 1619 3178 authoritas
1646 3119 1724 3178 sit
1749 3137 1827 3178 ex
1853 3137 2064 3196 genere
2091 3118 2418 3191 relatorum,
2449 3125 2510 3176 et
2535 3117 2586 3175 ιιι
2613 3119 2706 3175 τῶν
2731 3121 2852 3198 πςδς
2878 3121 2946 3184 τὶ,

534 3212 651 3252 ιιοιι
681 3193 853 3255 debet
879 3195 1141 3255 absolute
1179 3197 1445 3290 spectari,
1490 3197 1593 3257 sed
1620 3199 1836 3273 relate3
1877 3199 2074 3276 itaque
2115 3217 2233 3256 ιιοιι
2259 3205 2452 3274 potest
2487 3195 2784 3273 Scriptura
2823 3217 2950 3256 esse

536 3275 912 3334 authentica'
896 3295 957 3333 ιιι
986 3295 1066 3350 se,
1097 3276 1237 3354 quin
1266 3277 1343 3335 sit
1368 3277 1543 3336 etiam
1569 3277 1766 3355 quoad
1789 3244 1936 3337 iios:
1962 3297 2098 3336 nam
2119 3296 2249 3354 quae
2270 3285 2609 3353 argumenta
2635 3275 2720 3334 illi
2747 3275 2948 3336 autho-

536 3353 765 3413 ritatem
786 3354 981 3432 quoad
1007 3374 1069 3414 se
1098 3355 1423 3431 conciliant,
1456 3355 1658 3416 eadem
1679 3356 1891 3418 debent
1917 3376 2024 3414 nos
2041 3356 2117 3415 ad
2137 3355 2567 3416 assentiendum
2593 3373 2946 3432 permovere,

536 3439 603 3491 ut
642 3433 837 3511 quoad
882 3454 991 3494 nos
1032 3435 1110 3495 sit
1154 3401 1518 3496 authentica·
1502 3481 1517 3512 ,
1578 3437 1671 3496 sin
1714 3455 1854 3496 vero
1895 3434 2213 3495 authoritas
2259 3435 2569 3512 Scripturas
2609 3433 2802 3509 quoad
2844 3454 2952 3494 nos

534 3513 2950 3689 3333nssssnlamoeffioffinfflfflgeggtugggpgssffiffipgelfflff

536 3673 694 3749 quod
719 3675 907 3752 magis
948 3675 1193 3735 rotunde
1220 3675 1320 3734 alii
1335 3675 1680 3736 fatebantur.
1765 3676 1888 3737 Nec
1916 3675 2088 3735 aliam
2115 3693 2244 3734 esse
2281 3674 2536 3752 ipsorum
2575 3681 2827 3732 mentem
2867 3637 2950 3731 fa,

536 3751 648 3810 cile
676 3755 971 3831 colligitur
998 3775 1075 3814 cx
1102 3755 1232 3814 aliis
1272 3773 1417 3832 quas
1456 3755 1553 3815 hic
1590 3764 1832 3816 movent
1871 3754 2318 3814 controversiis:
2360 3772 2494 3810 nam
2521 3752 2812 3829 quomodo
2851 3753 2952 3811 vel

536 3830 946 3908 perfectionem
998 3835 1143 3911 ejus,
1200 3835 1298 3893 vel
1344 3836 1829 3913 perspicuitatem,
1880 3835 1978 3894 vel
2019 3833 2328 3932 puritatem
2367 3839 2662 3910 negarent,
2711 3832 2762 3891 si
2812 3851 2950 3892 vere

537 3910 972 3970 authenticam
954 3932 1015 3970 ιιι
1038 3933 1099 3972 se
1128 3912 1427 3973 crederent
1440 3917 1471 3972 P

1142 3991 1253 4050 IV.
1298 3991 1383 4052 Ut
1414 3992 1613 4052 Status
1641 3985 1990 4068 Quaestionis
2016 4001 2227 4071 pateat,
2269 3995 2320 4052 l.
2352 3992 2485 4052 Non
2513 3990 2822 4069 quaeritur3
2853 3989 2952 4048 An

1062 4070 1357 4148 Scriptura
1388 4070 1447 4130 S.
1480 4072 1557 4130 sit
1582 4073 1915 4132 authentica
1955 4081 2014 4132 et
2056 4073 2291 4148 Divina,
2323 4072 2433 4132 hoc
2461 4071 2614 4132 enim
2655 4090 2774 4130 non
2807 4069 2951 4129 diffi-

1057 4158 1253 4209 tentur
1278 4149 1637 4227 Adversarii,
1668 4152 1766 4212 vel
1791 4152 1980 4211 videri
2006 4153 2212 4211 volunt
2253 4151 2458 4212 saltem
2499 4150 2747 4211 credere.
2835 4148 2953 4208 Sed

534 4228 689 4288 unde
715 4235 783 4287 ut
808 4229 943 4288 talis
970 4228 1139 4289 nobis
1164 4230 1503 4305 innotescat,
1534 4250 1637 4290 seu
1655 4251 1770 4308 quo
1792 4240 2132 4309 argumento
2157 4231 2327 4292 nobis
2345 4240 2607 4292 constare
2627 4229 2811 4308 possit
2829 4230 2955 4288 haec

533 4308 829 4368 divinitas.
914 4308 1204 4370 Pontificii
1242 4309 1395 4369 enim
1436 4311 1844 4370 authoritatem
1883 4311 2054 4371 istam
2097 4312 2456 4390 suspendunt
2504 4331 2539 4369 a
2598 4309 2953 4370 Testimonio

534 4388 830 4465 Ecclesiae,
874 4397 934 4448 et
974 4389 1179 4450 volunt
1225 4388 1577 4468 praecipuum
1622 4391 1923 4468 motivum,
1982 4411 2098 4470 quo
2143 4409 2444 4451 movemur
2486 4390 2561 4449 ad
2605 4389 2956 4450 credendum

536 4469 847 4549 Scripturae
887 4470 1131 4529 azanim
1174 4489 1303 4530 esse
1352 4471 1629 4530 Ecclesiae
1680 4491 1899 4531 vocem.
1985 4471 2108 4530 Nos
2153 4491 2290 4530 vero
2335 4471 2472 4530 licet
2513 4489 2633 4528 non
2675 4488 2955 4546 negemus

534 4549 813 4610 Ecclesiae
840 4551 1233 4612 testimonium
1262 4570 1429 4611 suum
1456 4551 1668 4611 habere
1695 4551 1940 4629 pondus,
1965 4559 2030 4614 ut
2056 4559 2260 4628 postea
2275 4549 2602 4626 videbitur3
2649 4549 2956 4609 statuimus

612 4051 781 4099 Status
804 4055 963 4105 Quas-

686 4112 728 4156 ti
712 4112 833 4158 lions
