3300 5225
306 268 531 321 etmsr.
560 248 679 330 rv.]
1310 266 1389 308 nn
1416 267 1824 311 Pnovam'IA
1851 268 1973 311 nsx.
2603 256 2721 313 449

309 408 673 469 ordinatione
700 406 917 470 divina.
1001 407 1117 470 Illa
1160 427 1279 468 non
1323 417 1571 489 possunt
1616 409 1932 471 consistere
1973 424 2106 471 cum
2129 408 2561 491 contingentia:
2606 414 2728 475 Sed

308 490 456 550 nihil
483 491 677 550 obstat
718 488 1026 567 quominus
1068 509 1153 566 ea,
1200 510 1331 568 ques
1373 490 1567 567 quoad
1608 490 1846 549 modum
1888 490 2283 569 productionis
2323 492 2726 570 contingenter

309 570 458 630 fiunt
484 578 749 649 respectu
776 589 1077 629 causarum
1123 569 1521 647 secundarum,
1572 571 1976 631 necessitatem
2005 580 2200 631 tamen
2240 572 2493 632 habeant
2522 593 2719 633 conse-

310 650 581 728 quentiae,
632 670 735 710 seu
788 649 1217 711 infallibilitatis
1270 649 1623 710 futuritionis
1664 660 1910 711 eventus
1949 672 2026 711 ex
2067 651 2267 711 ordine
2312 652 2720 716 Providentiae.

316 728 473 791 Vide
500 750 677 810 supra
702 730 771 790 L.
804 730 915 789 IV.
940 729 1009 804 Q.
1039 733 1096 789 4.
1142 732 1179 763 ‘⁴
1198 729 1299 788 An
1327 730 1621 790 decretum
1648 730 2052 791 afferat-rebus
2077 731 2541 792 necessitatem.'’

898 810 1019 869 XI.
1036 809 1251 886 Tertio,
1267 810 1477 869 Libera
1496 818 1555 869 et
1577 812 1928 887 Voluntaria,
1949 832 2079 891 quae
2101 820 2237 871 sunt
2257 812 2331 885 ἔφ’
2349 814 2476 890 ipsiu,
2497 820 2557 873 et
2575 812 2725 875 fiunt

352 875 399 923 ³·
428 875 721 983 uffa&
737 878 791 925 θ*
830 889 881 949 ἃ
928 890 1257 972 remeia-eus,
1302 909 1339 949 a
1380 889 1757 950 Providentia
1807 892 1936 969 regi
1989 899 2220 952 constat
2271 912 2347 952 ex
2404 894 2719 971 Scriptura.

837 972 876 1004 ‘⁴
896 970 1179 1030 Hominis
1208 978 1345 1030 sunt
1371 969 1781 1048 dispositiones
1823 970 2030 1046 cordis,
2069 969 2176 1031 sed
2215 992 2253 1031 a
2293 972 2547 1032 Domino
2585 994 2718 1051 pro-

309 1046 605 1107 nunciatio
630 1047 907 1127 linguas,’'
960 1050 1134 1111 Prov.
1163 1050 1285 1109 xvi.
1320 1052 1351 1107 1
1377 1072 1394 1125 3
1424 1058 1483 1110 et
1510 1051 1568 1109 9.
1614 1053 1652 1085 “
1681 1051 1796 1110 Cor
1825 1050 2076 1111 hominis
2104 1051 2324 1129 cogitat
2349 1053 2506 1112 viam
2533 1072 2716 1131 suam,

308 1134 373 1186 et
401 1128 687 1188 Dominus
714 1128 915 1208 dirigit
941 1150 1176 1209 gressus
1202 1130 1329 1207 ejus
1346 1131 1405 1207 ;’'
1452 1137 1510 1190 et
1538 1150 1664 1208 cap.
1691 1151 1796 1189 xx.
1825 1135 1924 1191 24.
1969 1133 2006 1165 “
2027 1129 2087 1190 A
2111 1131 2364 1191 Domino
2391 1131 2722 1210 diriguntur

308 1225 545 1284 gressus
571 1208 759 1285 viri;”
802 1219 862 1270 et
888 1230 939 1271 c.
968 1210 1094 1269 xxi.
1127 1214 1180 1269 1.
1226 1212 1263 1245 ‘⁴
1292 1210 1407 1269 Cor
1434 1210 1617 1287 Regis
1664 1210 1728 1269 in
1771 1230 1948 1271 manu
1976 1210 2230 1288 Domini,
2261 1219 2327 1270 ut
2353 1212 2516 1271 rivus
2541 1232 2718 1289 aqua·-

307 1306 453 1362 rum‚
485 1307 829 1367 quocunque
873 1288 1125 1350 voluerit
1160 1289 1402 1349 inclinat
1442 1288 1591 1349 illud
1608 1291 1666 1367 ;”
1712 1289 1931 1351 Jerem.
1970 1311 2030 1351 x.
2075 1294 2174 1351 23.
2221 1293 2259 1325 “
2290 1292 2423 1351 Scio
2469 1292 2719 1352 Domine

304 1365 465 1445 quod
491 1387 607 1425 non
636 1366 733 1428 est
750 1369 1001 1429 hominis
1028 1370 1127 1429 via
1152 1369 1297 1446 ejus,
1326 1388 1435 1429 nec
1462 1370 1575 1428 viri
1613 1378 1682 1429 ut
1707 1369 1922 1448 dirigat
1948 1390 2182 1449 gressus
2211 1372 2405 1431 suos.''
2493 1372 2590 1431 Sic
2619 1371 2717 1433 Ps.

302 1446 516 1506 xxxiii.
550 1450 641 1524 14,
678 1450 770 1509 15.
833 1450 871 1483 ‘⁴
899 1450 951 1508 Ε
996 1450 1125 1509 loco
1152 1450 1527 1509 habitationis
1572 1470 1692 1510 suae
1733 1450 2012 1529 prospicit
2047 1451 2109 1509 in
2153 1450 2505 1512 habitatores
2531 1460 2715 1529 terres,

306 1524 583 1586 formator
623 1529 839 1605 pariter
880 1529 1072 1589 cordis
1119 1530 1377 1607 ipsorum
1424 1529 1836 1590 animadvertit
1880 1530 1956 1589 ad
2003 1531 2198 1589 omnia
2242 1550 2416 1609 opera
2457 1532 2716 1591 eorum.”

304 1604 476 1680 Quod
502 1608 825 1668 luculenter
859 1609 1229 1669 confirmatur
1254 1610 1539 1688 exemplis
1580 1611 1848 1686 Labam'e,
1897 1610 2111 1671 Genes.
2141 1610 2308 1670 xxxi.
2339 1613 2436 1669 29.
2519 1611 2716 1687 Εεαυί,

309 1686 460 1746 Gen.
490 1688 699 1747 xxxiii.
742 1692 799 1747 4.
842 1690 1262 1767 Aigyptiorum,
1295 1689 1486 1750 Exod.
1532 1690 1635 1749 xii.
1666 1693 1762 1749 36.
1822 1691 2085 1767 Bileami,
2117 1691 2291 1750 Num.
2336 1688 2503 1768 xxii,
2549 1691 2718 1749 xxiii.

303 1767 514 1840 Saule,
549 1769 579 1824 1
616 1768 770 1827 Sam.
800 1768 965 1827 xxiv.
1000 1772 1091 1845 15,
1127 1772 1219 1844 18,
1250 1777 1309 1828 et
1334 1770 1500 1829 xxvi.
1535 1772 1627 1847 17,
1659 1778 1719 1829 et
1745 1770 2008 1833 aliorum.
2089 1770 2266 1829 Ratio
2307 1771 2483 1830 etiam
2521 1771 2720 1830 multi·

301 1846 443 1940 plex
469 1846 581 1905 hoc
608 1847 829 1907 suadet.
915 1848 1065 1923 Quia
1090 1857 1156 1909 ut
1180 1850 1355 1908 homo
1381 1848 1596 1927 pendet
1622 1869 1658 1908 a
1687 1850 1814 1909 Deo
1842 1848 2036 1927 quoad
2061 1850 2389 1926 essentiam,
2420 1858 2482 1911 et
2504 1849 2718 1929 vitam3

304 1934 389 1986 lta
432 1924 607 1985 debet
653 1928 728 1986 ab
768 1946 839 1987 eo
884 1927 1135 2005 pendere
1180 1928 1373 2006 quoad
1399 1928 1674 2005 actiones,
1705 1936 1764 1988 et
1789 1938 1982 1989 motus
2008 1930 2232 2006 animae,
2263 1949 2394 2007 quse
2419 1930 2723 2007 potissima

304 2014 397 2066 est
437 2025 572 2083 pars
617 2006 901 2067 hominis:
954 2007 1105 2067 Nam
1146 2007 1367 2085 fingere
1408 2008 1703 2068 hominem
1744 2007 2227 2087 independentem
2273 2010 2336 2067 in
2382 2008 2634 2069 volendo
2661 2018 2722 2069 et

306 2086 555 2163 agendo,
606 2096 696 2147 est
733 2087 920 2147 facere
963 2087 1445 2167 independentem
1485 2088 1550 2145 in
1591 2088 1856 2163 essendo,
1908 2088 2045 2164 quia
2085 2088 2502 2165 qualiscunque
2529 2097 2621 2147 est
2659 2088 2722 2147 in

308 2165 554 2243 agend0‚
573 2166 709 2225 talis
730 2175 819 2226 est
838 2167 901 2225 in
921 2168 1184 2227 essendo·
1236 2166 1465 2227 Deinde
1492 2168 1543 2227 si
1564 2167 1820 2227 actiones
1839 2166 2038 2226 liberae
2059 2187 2095 2225 a
2117 2168 2244 2227 Deo
2265 2187 2382 2227 non
2402 2166 2721 2245 penderent

309 2254 371 2305 et
414 2254 769 2323 regerentur,
812 2246 1018 2306 fierent
1064 2247 1210 2323 Deo,
1241 2247 1338 2306 vel
1382 2247 1703 2327 ignorante,
1743 2254 1804 2306 et
1845 2246 2046 2322 inscio,
2075 2247 2173 2306 vel
2219 2246 2572 2324 negligente,
2619 2256 2720 2309 aut

307 2324 533 2401 invit03
594 2326 750 2403 quod
795 2326 919 2386 sine
964 2326 1260 2405 impietate
1309 2326 1425 2385 dici
1468 2336 1532 2387 et
1574 2326 1820 2404 cogitari
1871 2326 2090 2405 nequit.
2175 2326 2478 2402 Quomodo
2524 2335 2720 2389 autem

306 2404 420 2464 Dei
465 2405 841 2466 Providentia
858 2414 1165 2467 concurrat
1190 2426 1322 2467 cum
1348 2407 1647 2468 voluntate
1675 2405 1944 2485 hominiS,
1986 2424 2096 2468 nec
2122 2413 2348 2468 evertat
2369 2414 2566 2467 tamen
2593 2408 2720 2485 ejus

300 2485 645 2565 libertatem,
675 2486 737 2545 in
764 2486 1139 2567 sequentibus
1164 2486 1476 2549 videbitur.

1234 2727 1435 2807 QUAE
1444 2729 1627 2792 STIO
1670 2729 1782 2790 IV.

1090 2905 1172 2949 DE
1198 2907 1623 2950 Pnovmnnrnss
1653 2905 1920 2950 sensus,

303 3045 401 3106 An
442 3046 810 3107 Reddentz‘a
849 3047 960 3106 sita
1004 3047 1079 3107 sit
1123 3056 1339 3108 tantum
1384 3049 1445 3109 in
1488 3048 1903 3109 conservatione
1949 3054 2006 3107 et
2043 3046 2436 3109 sustentatione
2502 3065 2713 3126 rerum,

384 3126 479 3185 An
503 3147 638 3187 vero
664 3128 832 3186 etiam
870 3127 931 3184 in
951 3129 1353 3203 gubernatione
1378 3147 1592 3204 earum,
1613 3149 1729 3205 per
1755 3147 1926 3205 quam
1951 3129 2112 3186 Deus
2139 3127 2256 3204 ipse
2275 3136 2429 3206 aqut,
2449 3137 2508 3186 et
2531 3130 2714 3202 effica-

382 3206 522 3266 citer
537 3215 841 3266 concurrat
857 3226 982 3264 cum
1008 3207 1159 3283 ipsis,
1210 3227 1483 3266 concursu
1528 3229 1641 3266 non
1683 3207 1945 3283 generali
1967 3215 2018 3265 et
2043 3207 2408 3284 indifferente,
2451 3211 2555 3267 sed
2565 3229 2714 3285 par-

382 3287 623 3364 ticulari,
653 3285 920 3365 specifico,
951 3294 1006 3344 et
1022 3287 1342 3345 immediato
1360 3288 1389 3346 ‚²
1431 3287 1581 3364 Neg.
1612 3286 1751 3364 Pri.,
1781 3285 1903 3346 Aff.
1934 3286 2176 3364 Foster„
2208 3295 2409 3348 contra
2433 3286 2479 3348 J
2479 3287 2713 3365 emitas,

388 3365 745 3442 Socinianos',
776 3372 835 3426 et
862 3365 1357 3427 Remonstrantes.

386 3523 437 3584 1.
482 3524 631 3584 Duae
675 3532 813 3585 sunt
857 3522 1205 3600 Quaestionis
1230 3531 1443 3603 partes.
1526 3522 1724 3584 Prima
1749 3520 1823 3582 de
1853 3521 2287 3584 commotione
2312 3540 2522 3582 rerum.
2609 3523 2711 3586 Se·

302 3603 497 3664 cunda
538 3606 611 3665 de
639 3624 835 3664 earum
868 3605 1284 3666 Gubemafione
1302 3629 1329 3679 ,·
1368 3601 1581 3681 quibus
1624 3603 1852 3663 duobus
1880 3601 2105 3662 actibus
2133 3602 2282 3662 solet
2309 3601 2558 3662 describi
2601 3604 2715 3666 Dei

302 3683 695 3746 Providentia.
754 3685 1117 3745 Gon-servatio
1156 3692 1263 3761 est,
1294 3703 1409 3761 qua
1438 3684 1600 3743 Deus
1626 3690 1919 3742 creaturas
1946 3701 2146 3741 omnes
2173 3681 2234 3739 in
2261 3689 2418 3741 statu
2443 3702 2548 3742 suo
2577 3703 2711 3742 con-

298 3771 511 3840 servat,
542 3763 700 3843 quod
726 3764 794 3825 fit
814 3762 1249 3824 conservatione
1278 3763 1523 3823 essentioe
1538 3764 1599 3822 in
1616 3761 1935 3842 speciebus,
1967 3760 2271 3820 existentia
2293 3761 2358 3819 in
2377 3761 2712 3841 individuis,

301 3851 363 3902 et
385 3845 605 3904 virescitis
644 3844 721 3903 ad
760 3843 1140 3923 operationes.
1229 3842 1575 3905 Gubernatt‘o
1616 3851 1720 3918 est,
1765 3862 1882 3920 qua
1910 3842 2074 3900 Deus
2097 3839 2371 3902 universa
2397 3849 2458 3904 et
2483 3840 2716 3922 singula

300 3922 605 4002 gubernat,
636 3931 696 3983 et
723 3924 800 3985 ad
824 3924 971 3983 fines
998 3945 1033 3983 a
1060 3943 1123 3983 se
1148 3924 1503 4002 praestitutos
1530 3922 1731 4000 dirigit
1755 3930 1818 3982 et
1843 3920 2096 3980 deducit.

904 4003 991 4064 II.
1036 4002 1241 4078 Quoad
1266 4002 1549 4081 primam3
1594 4003 1728 4061 Non
1754 4000 2049 4080 quaeritur,
2071 3999 2174 4060 An
2195 3998 2573 4061 Providentia
2599 4002 2716 4064 Dei

358 4067 725 4174 sussnffinoes-
822 4091 1135 4161 occupetur
1154 4083 1307 4142 circa
1327 4082 1838 4142 conservationem
1857 4101 2049 4141 rerum
2071 4103 2087 4156 ;
2119 4079 2253 4140 Hoc
2269 4081 2424 4140 enim
2443 4081 2714 4160 utrinque

609 4158 623 4172 ⁶
822 4171 915 4224 est
954 4164 1017 4222 in
1061 4163 1341 4238 confesso,
1392 4161 1635 4222 docente
1689 4161 2000 4239 Scriptura,
2047 4159 2288 4220 Nehem.
2317 4160 2400 4220 ix.
2431 4164 2467 4222 6
2491 4183 2507 4237 3
2553 4163 2710 4223 Psal.

300 4240 511 4303 xxxvi.
544 4244 599 4318 6,
651 4249 712 4302 et
739 4241 851 4302 civ.
878 4246 977 4319 27,
1008 4244 1085 4302 29
1111 4265 1126 4320 ;
1172 4242 1328 4302 Heb.
1357 4242 1395 4302 i.
1428 4245 1504 4318 35
1550 4240 1688 4302 Act.
1717 4241 1861 4300 xvii.
1891 4243 1988 4317 28,
2029 4246 2089 4299 et
2131 4240 2352 4300 ratione
2393 4240 2711 4318 probante:

300 4321 451 4398 Quia
468 4330 535 4382 ut
560 4341 655 4382 res
680 4341 797 4382 non
823 4331 1137 4417 potuerunt
1176 4321 1305 4382 fieri
1331 4322 1455 4382 sine
1487 4323 1647 4400 Deo;
1693 4321 1789 4380 Ita
1825 4340 1935 4380 nec
1981 4319 2106 4380 sine
2134 4339 2203 4379 eo
2227 4327 2474 4398 possunt
2498 4321 2597 4380 vel
2637 4319 2714 4380 ad

294 4410 653 4463 momentum
680 4402 994 4463 subsistere
1016 4424 1032 4480 ς
1062 4401 1207 4462 alias
1223 4401 1679 4482 independentes
1703 4401 1910 4476 forent,
1939 4399 2098 4479 quod
2125 4399 2234 4459 soli
2263 4400 2392 4460 Deo
2419 4399 2712 4478 competit.

301 4479 421 4542 Sed
445 4483 739 4561 quaeritur,
783 4481 886 4542 An
927 4490 1054 4544 tota
1094 4481 1242 4544 ratio
1288 4481 1678 4543 Providentiae
1720 4479 2000 4542 consistat
2023 4480 2088 4540 in
2111 4479 2215 4540 illa
2241 4479 2714 4556 Conservatione,

292 4568 357 4623 et
381 4561 443 4622 in
468 4582 541 4624 eo
566 4562 724 4644 quod
752 4563 915 4626 Deus
940 4563 1062 4626 vim
1104 4562 1319 4642 agendi
1357 4561 1547 4625 causis
1573 4560 1844 4624 secundis
1870 4559 2075 4623 tribuit
2113 4566 2174 4621 et
2197 4565 2524 4700 {oili-servat,
2551 4557 2708 4620 illas-
