3300 5225
523 366 637 421 124
1474 380 1659 424 Locos
1689 380 2010 423 sse-uxum.
2520 359 2768 441 [eumer.
2801 379 2928 421 xvr.

520 522 875 599 Scripturam
906 512 1105 581 utilem
1134 521 1251 581 dici
1292 526 1473 601 patet.
1562 522 1847 599 Secundo,
1891 522 1989 599 agi
2033 528 2258 579 tantum
2305 520 2378 579 de
2427 520 2726 597 Scriptura
2751 521 2828 580 V.
2859 521 2928 580 T.

520 600 587 661 Si
614 621 755 678 ergo
784 602 909 660 sola
937 602 1224 661 sufficiens
1250 603 1462 662 dicitur
1489 602 1567 661 ad
1586 603 1795 678 omnia,
1824 600 2234 679 superfluitatis
2261 600 2521 658 damnari
2553 600 2624 660 N.
2655 600 2724 659 Τ.
2755 601 2851 659 vel
2879 601 2930 659 si

514 682 707 758 potuit
732 681 870 739 addi
901 682 1036 741 vet.
1067 683 1225 741 Test.
1270 683 1520 758 Novum,
1567 683 1715 740 nihil
1759 682 1987 741 obstare
2031 681 2340 758 quominus
2382 680 2552 739 Novo
2601 680 2774 739 etiam
2823 680 2927 738 ali-

516 760 661 837 quid
688 759 861 820 hodie
889 760 1027 820 addi
1051 763 1254 839 possit.
1338 763 1392 821 N
1394 782 1487 819 am
1507 762 1728 821 Paulus
1754 761 2011 837 loquitur
2037 760 2110 817 de
2138 768 2262 819 tota
2294 759 2592 837 Scriptura
2617 768 2756 819 tunc
2783 767 2927 819 tem-

515 840 677 919 poris
705 848 975 917 extante;
1020 841 1063 900 J
1066 862 1159 899 am
1187 862 1345 917 vero,
1376 861 1492 900 non
1520 842 1597 900 V.
1627 842 1698 899 Τ.
1727 849 1968 916 tantum,
2015 839 2118 898 sed
2158 839 2336 897 varias
2375 848 2570 917 partes
2612 839 2767 897 Novi
2802 840 2928 916 jam

514 920 858 1059 Ψῖξῖἰῗέω
905 930 1093 1059 {mii
1109 921 1351 1060 v2'f123i
1388 917 2686 1076 iffiaiffnss‘guzufliffgffmf‘fit?3531,th
2697 920 2930 1057 Νἳὲἔζέῗ

514 1077 867 1157 superfluum
908 1079 1035 1155 fuit,
1084 1088 1150 1139 ut
1196 1078 1349 1139 enim
1390 1088 1531 1139 setas
1570 1078 1850 1139 Ecclesia».
1892 1078 2096 1153 variat,
2132 1043 2224 1137 'ita
2265 1079 2455 1137 variat
2507 1077 2724 1155 gradus
2765 1098 2928 1138 reve-

514 1159 764 1233 lationis,
815 1178 931 1217 non
978 1167 1046 1218 ut
1090 1160 1395 1235 perfectior
1436 1158 1713 1218 reddatur
1757 1158 1951 1236 quoad
1999 1156 2380 1216 substantiam
2423 1157 2778 1235 dogmatum,
2826 1158 2930 1216 sed

514 1246 739 1297 tantum
784 1238 975 1314 quoad
1020 1238 1488 1319 circumstantias·
1520 1247 1580 1300 et
1622 1238 1924 1297 clariorem
1969 1257 2166 1296 eorum
2210 1238 2676 1315 propositionem.
2761 1239 2818 1296 4.
2865 1238 2932 1296 Si

514 1318 591 1377 V.
623 1317 691 1376 T.
723 1318 957 1376 Novum
988 1326 1079 1377 est
1118 1318 1397 1393 additum,
1445 1338 1560 1377 non
1609 1318 1870 1395 sequitur
1913 1317 2134 1394 aliquid
2175 1337 2346 1394 posse
2387 1317 2511 1395 jam
2556 1316 2692 1375 addi
2738 1317 2926 1393 Novo,

515 1396 1173 1536 &alzmssissffimssriff
1190 1396 2931 1554 cssiessffffiffliei“Zissssssmqffissinznffissmmssssbgssffiffl

514 1556 886 1615 revelationis
913 1557 1015 1636 qui
1041 1565 1233 1634 potest
1258 1557 1459 1617 haberi
1492 1557 1553 1615 in
1579 1524 1690 1616 h'ac
1717 1558 1856 1650 vita:
1940 1557 2155 1633 Tertio,
2185 1575 2302 1615 non
2330 1555 2445 1615 dici
2473 1558 2584 1619 ἕλην
2612 1566 2800 1631 totam,
2827 1556 2930 1615 sed

516 1648 941 1775 3222'53333.
974 1638 1397 1775 ἵΐέἕξὲἑῖἔ
1400 1646 1589 1775 ’ξ’ἶέἴ
1591 1683 1652 1773 1²11
1672 1635 2702 1793 ffiffizessfggsssssstzffitffim’d
2711 1636 2926 1775 2233&

518 1795 676 1855 dum.
763 1796 912 1854 Nam
942 1816 1061 1853 vox
1088 1801 1237 1854 orio-a
1263 1797 1359 1855 hic
1385 1815 1502 1853 non
1529 1796 1872 1855 distributive
1897 1816 2002 1873 pro
2031 1795 2277 1872 singulis
2317 1796 2594 1873 partibus,
2625 1796 2721 1854 vel
2749 1796 2925 1854 versi-

518 1875 633 1934 bus
664 1875 974 1952 Scripturae
1003 1884 1093 1934 est
1134 1875 1529 1953 intelligenda,
1577 1876 1682 1935 sed
1709 1876 1982 1934 collective
2007 1895 2113 1953 pro
2157 1883 2280 1935 toto
2325 1876 2610 1952 integrali,
2641 1876 2929 1952 quomodo

520 1975 673 2034 saepe
720 1954 981 2031 sumitur,
1016 1954 1184 2015 Matt.
1216 1955 1275 2015 ii.
1306 1960 1362 2032 3,
1406 1964 1466 2015 et
1504 1956 1693 2014 xxvii.
1722 1957 1840 2031 453
1887 1955 2022 2014 Act.
2053 1956 2111 2015 ii.
2145 1958 2261 2031 363
2307 1955 2449 2015 Luc.
2479 1956 2602 2013 xxi.
2634 1958 2746 2030 323
2791 1955 2927 2014 Act.

517 2055 621 2094 xx.
652 2038 748 2110 24,
780 2044 839 2094 et
866 2035 949 2094 sic
976 2035 1310 2112 intelligunt
1340 2036 1632 2096 Cornelius
1653 2056 1694 2093 a
1719 2036 1960 2111 Lapide,
1993 2035 2201 2110 Estius,
2237 2035 2548 2096 Cateelaaetk
2579 2036 2926 2094 Tridentina.

603 2114 748 2174 XV.
800 2119 857 2173 2.
902 2114 1051 2189 Quia
1097 2115 1257 2173 Deus
1300 2134 1571 2193 expresse
1614 2124 1775 2175 vetat
1818 2115 2127 2193 quicquam
2168 2115 2366 2174 Verbo
2411 2135 2516 2175 suo
2560 2114 2790 2191 addere,
2834 2116 2932 2173 vel

518 2193 834 2270 detrahere,
870 2194 1041 2253 Deut.
1071 2194 1150 2253 iv.
1180 2198 1236 2270 2,
1264 2196 1360 2253 Ne
1384 2196 1577 2254 addite
1603 2198 1688 2253 ad
1722 2196 1958 2254 Verbum
1985 2196 2130 2254 illud
2155 2198 2310 2273 quod
2333 2215 2434 2272 eqo
2463 2196 2739 2271 praecipio
2763 2196 2928 2269 vobis,

516 2294 691 2350 neque
728 2275 1002 2333 detrahite
1029 2277 1099 2333 de
1125 2294 1206 2333 eo,
1279 2275 1410 2335 Gal.
1440 2275 1481 2333 i.
1510 2276 1566 2350 8,
1596 2276 1848 2334 Etiam-32⁰
1869 2294 1970 2333 nos
1996 2284 2099 2333 aut
2122 2278 2368 2352 Angelus
2395 2296 2425 2334 e
2444 2278 2578 2334 coelo
2605 2276 2936 2351 evangelizet

518 2355 665 2413 υόὂίε
693 2364 913 2430 proetcr
938 2355 1004 2413 id
1039 2358 1194 2431 quod
1230 2356 1662 2432 evanqelizamm
1699 2364 1793 2432 est,
1823 2357 2124 2415 anathema
2151 2365 2280 2415 esto.
2351 2355 2537 2433 Apoe.
2567 2355 2712 2413 xxii.
2746 2357 2837 2430 18,
2869 2356 2938 2413 Si

516 2435 641 2511 quis
666 2435 939 2510 acijecerit
962 2438 1047 2494 ad
1069 2436 1201 2509 Izaec,
1232 2436 1476 2512 imponet
1500 2436 1555 2495 ei
1578 2437 1737 2494 Deus
1753 2438 1966 2513 plaqas
1991 2436 2231 2511 scriptas
2257 2436 2316 2494 in
2343 2437 2482 2494 libro
2509 2436 2628 2511 isto,
2659 2444 2712 2494 et
2735 2436 2788 2493 si
2809 2435 2932 2511 quis

517 2516 807 2572 abstulerit
828 2514 1065 2591 aliquid,
1093 2517 1315 2589 auferet
1340 2518 1497 2573 Deus
1529 2525 1758 2591 partem
1795 2519 1910 2591 ejus
1951 2536 1980 2574 e
2021 2516 2161 2573 libro
2201 2516 2343 2575 vitoe.
2429 2514 2548 2575 Ubi
2587 2534 2704 2573 non
2739 2522 2932 2592 potest

518 2593 653 2668 dici,
684 2593 800 2652 Vel
832 2593 1080 2672 intelligi
1108 2603 1333 2655 tantum
1364 2595 1583 2674 Legem
1610 2616 1645 2654 a
1681 2595 1848 2654 Mose
1875 2594 2014 2654 viva
2041 2616 2184 2654 voce
2213 2595 2498 2673 traditam,
2528 2616 2660 2674 quae
2687 2594 2932 2672 amplior

520 2674 695 2733 fuerit
728 2674 975 2751 scriptat
1018 2675 1167 2749 Quia
1193 2676 1435 2734 verbum
1480 2675 1666 2734 Mosis
1691 2671 1925 2756 dycaeo-v
1951 2684 2010 2734 et
2044 2673 2314 2757 i'yygnoov,
2355 2697 2472 2735 non
2511 2696 2574 2734 re
2617 2674 2719 2734 sed
2757 2675 2932 2734 modo

520 2762 745 2813 tantum
786 2752 1075 2829 differunt,
1120 2773 1229 2813 nee
1268 2753 1429 2813 aliud
1455 2755 1595 2813 viva
1623 2775 1766 2815 voce
1796 2755 2008 2830 docuit,
2040 2777 2212 2833 quam
2250 2756 2408 2835 quod
2449 2755 2710 2833 scripsit3
2761 2755 2930 2816 Unde

524 2834 745 2911 Legem
766 2841 947 2893 totam
974 2852 1089 2892 non
1112 2834 1373 2893 mutilam
1401 2834 1463 2892 in
1489 2843 1832 2912 perpetuum
1862 2836 2140 2895 Ecclesiae
2161 2857 2330 2897 usum
2357 2837 2710 2914 perscribere
2731 2837 2931 2913 jussus

522 2922 629 2988 est,
661 2921 721 2973 et
746 2923 812 2973 ut
840 2931 1043 2973 servus
1070 2913 1259 2973 fidelis
1294 2915 1645 2991 perscripsit,
1680 2915 1872 2974 Exod.
1899 2916 2064 2975 xxiv.
2095 2921 2168 2993 43
2216 2918 2389 2976 Dent.
2419 2916 2584 2976 xxxi.
2616 2919 2671 2993 9,
2708 2918 2800 2988 11,
2836 2918 2926 2990 19,

524 2991 634 3052 ὅτε.
664 2994 747 3053 sic
775 2992 989 3070 passim
1018 3013 1123 3070 per
1148 2995 1358 3071 Leqem
1384 2993 1730 3072 intelligitur
1753 2995 1903 3054 liber
1931 2994 2125 3072 Legis,
2158 2997 2332 3056 Dent.
2361 2996 2569 3055 xxviii.
2601 2999 2713 3072 58;
2756 2995 2801 3055 J
2804 3015 2928 3054 osu.

522 3072 563 3132 i.
594 3076 627 3131 7
654 3093 669 3149 ;
713 3072 829 3131 Vel
863 3073 961 3148 agi
988 3072 1061 3132 de
1095 3073 1425 3151 integritate
1452 3082 1678 3133 tantum
1707 3074 2065 3151 obedientiae,
2097 3076 2234 3153 quia
2261 3077 2562 3153 integritas
2590 3070 2931 3135 obedientiae

524 3151 770 3212 refertur
796 3152 871 3211 ad
911 3152 1301 3229 integritatem
1332 3154 1525 3232 Legis,
1557 3175 1690 3232 quae
1717 3155 1850 3214 talis
1878 3165 1969 3214 est
2008 3165 2075 3214 ut
2113 3156 2276 3214 nefas
2305 3155 2381 3214 sit
2407 3156 2461 3214 ei
2494 3156 2800 3232 quicquam
2829 3154 2928 3212 ad-

523 3230 695 3307 dere;
732 3232 847 3291 Vel
868 3232 965 3310 agi
992 3232 1065 3292 de
1093 3233 1469 3293 additionibus
1494 3236 1988 3311 corrumpentibus,
2019 3257 2131 3294 non
2147 3235 2572 3315 perficientibus,
2599 3235 2748 3309 Quia
2775 3234 2934 3293 nulla

524 3309 699 3372 datur
739 3312 1001 3372 Traditio
1044 3312 1348 3390 perficiens
1392 3314 1539 3373 illud
1580 3315 1740 3392 quod
1775 3315 1901 3392 jam
1945 3316 2262 3393 perfectum
2307 3325 2429 3391 est3
2479 3335 2587 3374 nec
2629 3314 2934 3373 damnatur

524 3399 749 3451 tantum
778 3393 1085 3470 corrupti0,
1116 3393 1220 3452 sed
1262 3393 1509 3471 simplex
1550 3393 1786 3470 additio,
1831 3395 2134 3472 appositio,
2181 3415 2298 3454 non
2343 3404 2568 3454 tantum
2610 3394 2929 3472 oppositi03

532 3471 705 3532 Unde
734 3473 927 3532 Galat.
958 3473 996 3532 i.
1026 3474 1083 3550 8,
1126 3493 1243 3532 non
1282 3473 1424 3534 dicit
1464 3483 1688 3533 tantum
1718 3475 1935 3534 Paulus
1975 3484 2190 3550 contra,
2237 3475 2340 3534 sed
2379 3496 2558 3552 supra
2585 3475 2683 3534 vel
2713 3483 2934 3550 proeter

523 3551 647 3634 'rag’
672 3551 699 3610 δ’
724 3554 1159 3630 evangelizatum
1186 3562 1268 3613 est
1292 3565 1358 3614 ut
1378 3555 1455 3614 V.
1478 3554 1690 3613 Versio
1717 3555 1923 3631 reddit,
1954 3556 2056 3615 ubi
2083 3564 2237 3615 recte
2264 3556 2565 3633 Theophy.
2594 3557 2681 3614 οὐκ
2709 3552 2832 3612 usam
2859 3554 2931 3612 ὅτι

523 3633 602 3692 ἰὼ
630 3634 817 3692 indum
844 3634 1280 3708 Μιγγὶλλουπ,
1310 3637 1459 3694 ἀλλὰ
1486 3631 1582 3694 κᾶν
1599 3634 1772 3716 μυιςῦυ
1793 3661 1843 3695 τι
1860 3635 2270 3712 εὐαγγελίζονται
2296 3661 2342 3694 π·
2403 3635 2418 3655 ’
2439 3635 2932 3710 ὃίὖιγγιλισιίμιθα.

528 3715 731 3774 Omnis
758 3715 978 3775 additio
1020 3717 1083 3774 in
1122 3716 1363 3774 materia
1402 3716 1539 3775 fidei
1580 3725 1670 3775 est
1697 3737 2084 3794 corrumpens,
2116 3718 2255 3793 quia
2281 3717 2357 3774 ad
2401 3718 2514 3775 'tur
2540 3716 2930 3790 fundamento,

525 3793 683 3869 quod
708 3794 942 3854 unicum
970 3815 1098 3854 esse
1126 3794 1315 3870 debet,
1347 3803 1407 3855 et
1437 3795 1532 3854 cui
1574 3795 1625 3854 si
1666 3796 1809 3873 quid
1848 3796 2096 3872 additur,
2141 3815 2210 3855 eo
2252 3796 2380 3873 ipso
2407 3795 2700 3872 evertitur,
2731 3803 2798 3854 ut
2825 3795 2932 3853 cir-

525 3872 691 3931 culus
719 3873 1033 3934 destruitur
1060 3874 1111 3933 si
1136 3875 1235 3934 vel
1274 3875 1565 3935 tantillum
1592 3875 1792 3952 addas,
1823 3896 1932 3934 nec
1958 3875 2185 3952 pondus
2219 3875 2444 3952 justum
2473 3875 2720 3953 amplius
2747 3875 2857 3934 erit
2885 3875 2935 3933 si

526 3951 680 4010 ultra
704 3952 863 4027 quod
888 3952 1199 4030 requiritur
1233 3953 1453 4032 aliquid
1486 3975 1760 4033 apponas.
1845 3956 1900 4014 N
1901 3975 1968 4014 ec
2007 3955 2140 4014 ideo
2177 3975 2446 4033 peccasse
2485 3956 2760 4015 censendi
2801 3962 2937 4014 sunt

530 4030 835 4107 Prophetae
878 4040 938 4092 et
965 4031 1237 4110 Apostoli
1277 4034 1378 4109 qui
1421 4042 1537 4092 tam
1580 4035 1766 4093 multa
1807 4035 2028 4094 Canoni
2073 4035 2338 4095 Mosai'co
2378 4036 2757 4110 addiderunt3
2800 4034 2938 4112 quia

526 4109 921 4170 discernendae
964 4119 1102 4170 sunt
1136 4119 1336 4183 aetates
1364 4112 1661 4189 Ecclesiae,
1701 4115 1876 4191 juxta
1915 4134 2060 4192 quas
2101 4134 2355 4176 crescere
2397 4116 2598 4176 debuit
2637 4115 2932 4191 revelatio,

528 4209 647 4248 non
674 4191 866 4267 quoad
906 4191 1287 4250 substantiam
1314 4191 1669 4270 dogmatimi,
1715 4192 1819 4252 sed
1859 4195 2050 4272 quoad
2090 4195 2325 4255 modum
2352 4204 2412 4255 et
2439 4196 2933 4270 circumstantias3

527 4289 663 4328 nam
712 4270 857 4330 alias
902 4270 1137 4346 Paulus,
1188 4271 1290 4348 qui
1344 4271 1643 4350 profitetur
1699 4291 1760 4332 se
1809 4281 1994 4333 totum
2045 4275 2156 4334 Dei
2204 4275 2507 4335 consilium
2555 4275 2935 4335 annunciasse

527 4349 815 4427 fidelibus,
846 4350 983 4411 Act.
1012 4371 1116 4410 xx.
1147 4354 1242 4426 20,
1274 4355 1370 4429 27,
1400 4359 1752 4430 protestatur
1776 4361 1971 4413 tamen
1999 4375 2060 4415 se
2087 4355 2233 4414 nihil
2270 4355 2489 4414 dixisse
2517 4363 2684 4414 extra
2709 4373 2780 4413 ea
2805 4372 2936 4430 quae

532 4431 731 4492 Moses
774 4440 834 4491 et
879 4431 1183 4509 Prophetas
1227 4431 1511 4508 dixerant,
1544 4433 1746 4492 Actor.
1788 4435 1955 4494 xxvi.
1998 4438 2095 4494 22.
2180 4436 2446 4512 Denique
2489 4435 2762 4512 pleraque
2805 4452 2937 4509 quae

532 4511 821 4572 Pontificii
849 4511 1086 4587 addunt,
1118 4531 1233 4570 non
1260 4521 1483 4572 tantum
1514 4522 1649 4573 sunt
1667 4524 1885 4590 proeter
1906 4515 2183 4591 Verbum,
2215 4514 2318 4574 sed
2346 4515 2518 4574 etiam
2545 4523 2744 4573 contra
2771 4511 2936 4571 illud.

530 4592 631 4651 Ad
657 4593 702 4653 J
706 4593 989 4652 ohannem
1018 4612 1157 4651 vero
1184 4593 1341 4670 quod
1383 4594 1603 4670 attinet,
1648 4614 1765 4652 non
1794 4596 2078 4672 spectavit
2103 4604 2328 4655 tantum
2359 4595 2726 4673 Prophetiam
2756 4613 2936 4668 suam,

529 4682 595 4733 ut
618 4681 839 4733 vetaret
864 4693 990 4733 eam
1019 4672 1384 4751 interpolari;
1431 4673 1533 4734 sed
1560 4683 1624 4734 ut
1654 4674 1760 4734 suit
1794 4675 2148 4754 Scriptorum
2178 4695 2468 4736 sacrorum
2495 4675 2749 4754 ultimus,
2777 4674 2937 4752 Apo-
