3300 5225
522 351 641 410 302
1478 371 1661 412 Locus
1691 371 1978 421 omarus.
2521 351 2771 435 [qums-r.
2803 373 2932 414 vm.

519 509 849 569 collocetur.
934 509 1068 570 Non
1096 531 1235 588 ergo
1262 513 1594 589 reprobavit
1636 521 1696 571 et
1737 533 1924 592 poenae
1965 520 2193 570 aeternae
2231 510 2488 587 devovit,
2531 533 2679 590 quos
2723 513 2936 575 sineret

516 590 652 665 labi,
686 590 789 649 sed
816 610 915 648 eos
943 611 1090 668 quos
1118 592 1333 652 siverat
1367 593 1487 651 labi
1524 611 1629 652 sua
1671 593 1926 670 ipsorum
1955 593 2141 667 culpa,
2173 592 2520 670 reprobavit,
2551 601 2610 651 et
2637 593 2931 653 abdicavit

515 669 578 726 in
606 678 899 729 aeternum.

596 751 673 808 V.
719 751 884 809 Licet
903 771 1043 810 vero
1070 752 1371 828 permissio
1399 752 1597 830 lapsus
1625 752 1992 828 Angelorum
2021 759 2378 829 supponatur
2402 771 2602 811 eorum
2633 753 2926 832 Reproba-

514 830 675 904 tioni,
720 851 837 888 non
877 840 1179 908 propterea
1220 832 1345 890 sine
1385 831 1499 890 fine
1528 853 1563 890 a
1593 833 1722 890 Deo
1751 831 1983 891 decreta
2010 831 2370 907 censebitur;
2414 831 2547 890 finis
2575 833 2730 890 enim
2769 833 2928 892 illius

514 909 731 969 decreti
774 912 963 987 potuit
1006 930 1133 970 esse
1180 911 1567 972 manifestatio
1612 912 1814 989 gloriae
1866 911 1978 970 Dei
2021 911 2082 968 in
2125 911 2456 970 infirmitate
2504 911 2812 988 Creaturae,
2859 921 2925 974 ut

512 989 821 1048 discrimen
850 1000 1125 1050 creaturae
1165 991 1460 1051 mutabilis
1496 1001 1557 1050 et
1598 992 1808 1066 labilis,
1855 1011 1894 1050 a
1935 991 2206 1050 creatore
2249 991 2596 1050 immutabili
2625 1002 2683 1051 et
2711 1001 2923 1052 aeterno

511 1070 723 1129 clarius
766 1080 1020 1148 pateret;
1082 1072 1255 1130 Unde
1302 1071 1499 1148 lapsus
1546 1072 1607 1129 in
1650 1080 1908 1148 tempore
1955 1089 2072 1128 non
2121 1070 2230 1130 fuit
2269 1071 2524 1130 medium
2567 1073 2922 1150 exequendis

510 1151 943 1226 reprobationis,
978 1151 1080 1209 sed
1120 1151 1231 1210 fuit
1266 1152 1521 1210 conditio
1562 1152 1623 1209 in
1663 1151 1892 1228 objecto
1919 1151 2212 1227 requisita,
2243 1151 2320 1208 ad
2360 1171 2534 1228 quam
2575 1154 2924 1229 sequebatur

510 1230 851 1307 reprobatiO,
884 1239 1007 1290 tum
1036 1231 1229 1308 quoad
1256 1230 1642 1291 desertionem
1670 1231 1732 1289 in
1759 1232 1941 1310 lapsu,
1973 1239 2098 1290 tum
2127 1231 2320 1306 quoad
2347 1230 2794 1292 damnationem.

590 1309 700 1368 VI.
746 1309 945 1388 Atque
973 1311 1108 1370 hinc
1136 1311 1431 1388 colligitur
1468 1312 1718 1389 primum
1757 1311 2066 1368 discrimen
2096 1311 2628 1372 Praedestinationis
2656 1312 2916 1390 Angelo-

504 1409 633 1447 rum
662 1399 721 1448 et
748 1391 1044 1450 hominum
1070 1413 1083 1450 ε
1129 1391 1297 1466 Quod
1326 1392 1385 1449 in
1415 1392 1525 1450 ista
1554 1392 1937 1450 obversentur
1965 1391 2094 1449 Deo
2121 1391 2384 1450 homines
2411 1411 2595 1470 pares,
2625 1393 2688 1450 in
2715 1394 2916 1452 eadem

506 1471 890 1547 corruptionis
918 1491 1125 1546 massa,
1159 1481 1217 1530 et
1242 1480 1309 1531 ut
1335 1479 1668 1549 peccatores
1694 1479 1753 1530 et
1789 1469 1970 1548 lapsi3
2019 1471 2138 1529 Sed
2179 1472 2238 1528 in
2279 1472 2383 1530 illa
2411 1472 2628 1549 Angeli
2655 1473 2914 1550 dispares

506 1548 633 1609 Deo
662 1550 879 1628 objecti
918 1551 1051 1609 sint.
1136 1552 1285 1608 Nam
1314 1552 1415 1628 qui
1456 1551 1627 1610 electi
1669 1559 1804 1610 sunt
1841 1569 1917 1609 ex
1957 1549 2117 1627 ipsis,
2161 1551 2404 1627 spectati
2441 1561 2574 1610 sunt
2601 1561 2666 1610 ut
2695 1561 2914 1610 stantes

508 1629 618 1687 Dei
662 1630 865 1706 gratia,
909 1631 1011 1706 qui
1039 1651 1178 1690 vero
1206 1631 1511 1708 reprobati,
1543 1640 1610 1690 ut
1647 1630 1798 1708 lapsi
1838 1631 2070 1708 propria
2095 1631 2282 1707 eulpa.
2367 1631 2647 1690 Labilitas
2675 1632 2910 1709 quidem

502 1707 613 1767 fuit
654 1709 974 1768 communis
1002 1711 1273 1784 omnium,
1320 1711 1424 1770 sed
1464 1730 1579 1769 non
1618 1719 1856 1790 propter
1895 1730 2022 1770 eam
2063 1710 2358 1788 reprobari
2397 1709 2734 1788 debuerunt,
2765 1712 2911 1772 alias

498 1807 699 1846 omnes
719 1789 1062 1866 reprobandi
1090 1789 1349 1864 fuissent,
1375 1792 1511 1868 quia
1537 1791 1645 1849 fuit
1673 1792 1769 1849 hic
1791 1799 1976 1850 status
1995 1800 2215 1850 naturai
2235 1791 2510 1867 integr-1133
2547 1791 2650 1849 sed
2677 1801 2910 1870 propter

496 1869 742 1945 lapsum,
773 1869 873 1946 qui
901 1869 1011 1929 fuit
1037 1879 1223 1930 status
1250 1881 1470 1929 naturae
1498 1879 1798 1948 corruptae,
1829 1879 2002 1948 atque
2029 1871 2176 1930 adeo
2197 1873 2358 1948 juste
2384 1871 2780 1948 reprobabilis.

700 2014 712 2027 .
1097 1951 1244 2008 VII.
1292 1951 1374 2010 Ut
1401 1970 1541 2009 vero
1570 1951 1641 2009 de
1685 1959 1929 2032 utraque
1970 1951 2502 2011 Praedestinationis
2543 1951 2906 2029 Angelorum

552 2013 927 2118 ElofggmAnge-
1015 2039 1178 2107 parte
1206 2031 1428 2107 aliquid
1466 2030 1766 2091 dicamusz
1813 2029 2008 2090 Prima
2051 2031 2300 2090 occurrit
2343 2031 2562 2090 Electio
2605 2032 2904 2107 bonorum,

804 2106 816 2120 ’
1014 2130 1145 2188 quae
1173 2110 1399 2170 duobus
1427 2112 1653 2170 actibus
1681 2112 2017 2186 absolvitur,
2049 2113 2496 2172 Proeservatione
2523 2131 2564 2170 a
2591 2115 2774 2188 lapsu,
2805 2133 2906 2172 seu

490 2193 907 2272 confirmatione
928 2192 986 2250 in
1006 2193 1163 2266 bom,
1188 2199 1247 2250 et
1272 2193 1638 2251 destinatione
1663 2195 1748 2250 ad
1775 2194 1948 2251 vitam
1973 2201 2030 2250 et
2039 2193 2372 2270 felicitatem
2397 2197 2902 2270 πιρανιατυναῖσιπ,

487 2291 733 2348 quorum
760 2281 1066 2350 utrumque
1094 2291 1169 2330 ex
1196 2281 1411 2331 eventu
1440 2279 1615 2350 patet.
1701 2273 1846 2331 Cum
1875 2271 2026 2330 enim
2057 2271 2292 2349 quidam
2320 2292 2396 2331 ex
2437 2273 2580 2349 ipsis
2623 2274 2904 2350 originem

486 2372 649 2410 suam
680 2352 979 2429 servarint,
1012 2361 1071 2411 et
1098 2352 1157 2409 in
1184 2352 1340 2412 bono
1369 2353 1485 2411 sint
1533 2352 1870 2426 confirmati,
1899 2361 1967 2411 ut
2003 2351 2209 2410 faciem
2255 2353 2446 2412 Patris
2489 2352 2728 2411 videant
2769 2373 2902 2412 con·

484 2431 665 2507 tinuo‚
700 2433 912 2492 Matth.
942 2432 1107 2491 xviii.
1143 2435 1235 2506 10,
1282 2432 1535 2492 dubitari
1578 2432 1780 2509 nequit
1825 2432 1968 2508 quin
2011 2433 2121 2490 hoc
2165 2431 2240 2490 ab
2289 2432 2590 2491 Electione
2633 2433 2898 2510 pendeat,

484 2512 767 2589 siquidem
797 2531 914 2571 non
940 2513 1130 2590 potuit
1158 2513 1293 2570 oriri
1321 2533 1356 2570 a
1383 2521 1603 2586 natura,
1675 2533 1765 2569 uae
1808 2510 1918 2569 fuit
1961 2511 2218 2569 omnium
2261 2510 2582 2569 communis
2623 2529 2698 2567 ex
2729 2511 2898 2569 Crea-

482 2593 655 2669 tione,
688 2593 1014 2652 communia
1042 2600 1233 2653 autem
1261 2613 1378 2652 non
1406 2593 1623 2651 faciunt
1693 2591 1978 2651 iscrimen.
2064 2589 2302 2649 Interim
2352 2590 2556 2667 gratia,
2587 2588 2685 2647 vel
2711 2589 2899 2650 virtus

479 2690 599 2749 qua
624 2682 907 2732 steterunt
936 2673 1155 2750 Angeli
1195 2673 1333 2731 boni
1360 2692 1543 2751 usque
1571 2671 1646 2729 ad
1675 2672 2161 2731 confirmationem
2195 2688 2374 2743 suam,
2419 2679 2478 2727 et
2503 2668 2748 2726 aliorum
2773 2670 2896 2747 lap-

480 2770 628 2827 sum,
660 2753 1072 2832 distinguenda
1098 2760 1187 2812 est
1233 2772 1269 2810 a
1312 2754 1509 2831 qratia
1556 2753 1934 2829 confirmante,
1981 2768 2112 2831 quse
2155 2748 2264 2807 fuit
2289 2748 2536 2826 primum
2569 2748 2890 2810 Electionis

480 2832 860 2894 beneficium:
932 2835 1081 2891 Nam
1130 2832 1405 2910 quamdiu
1450 2839 1732 2891 steterunt
1776 2838 2084 2905 antequam
2127 2826 2616 2901 confirmarentur,
2665 2829 2896 2889 stabant

478 2930 583 2991 per
611 2934 710 2973 eas
736 2916 891 2973 vires
918 2932 1063 2990 quas
1104 2920 1442 2987 acceperant
1481 2912 1541 2968 in
1586 2910 1905 2983 creatione,
1937 2918 1996 2967 et
2043 2926 2174 2984 quae
2217 2907 2336 2965 illis
2363 2915 2680 2965 concreatae
2708 2918 2889 2984 erant,

476 3013 580 3071 per
606 3014 751 3071 quas
778 2994 951 3051 etiam
981 2990 1199 3066 Angeli
1226 2990 1365 3047 mali
1394 2996 1679 3050 steterunt
1723 3007 1908 3064 usque
1936 2987 2011 3045 ad
2054 2988 2280 3064 lapsum
2305 3009 2320 3063 3
2365 2986 2469 3045 sed
2493 2986 2726 3064 quando
2755 3008 2890 3046 con-

474 3072 687 3130 firmati
716 3078 865 3145 sunt,
898 3090 1013 3127 non
1041 3077 1265 3128 tantum
1294 3076 1359 3127 ut
1402 3088 1521 3127 non
1565 3069 1913 3143 laberentur,
1963 3067 2066 3125 sed
2093 3076 2159 3126 ut
2206 3086 2394 3142 neque
2423 3074 2617 3125 essent
2643 3068 2892 3144 amplius

472 3150 699 3225 labiles,
732 3150 841 3207 hoc
870 3150 942 3207 ab
973 3148 1271 3209 Electione
1300 3148 1487 3224 fluxit,
1529 3168 1660 3226 quae
1703 3148 1812 3205 hos
1839 3148 1914 3206 ab
1940 3147 2058 3205 illis
2105 3148 2368 3206 secrevit.
2451 3146 2648 3205 Antea
2675 3147 2890 3207 habue-

474 3236 605 3287 rant
631 3230 907 3286 auaeilium
933 3230 1051 3286 sine
1078 3240 1193 3304 quo·
1214 3248 1343 3302 non,
1374 3228 1532 3306 quod
1558 3228 1678 3287 illis
1707 3227 2026 3287 sufficiebat
2051 3228 2128 3287 ad
2157 3226 2424 3287 standum
2455 3227 2506 3284 si
2525 3227 2850 3286 voluissent
2871 3250 2886 3306 3

474 3308 577 3367 sed
604 3328 709 3384 per
737 3308 1093 3366 Electionem
1122 3308 1447 3369 habuerunt
1473 3309 1754 3367 auxilium
1781 3328 1890 3385 quo
1919 3318 2052 3367 actu
2093 3315 2152 3366 et
2189 3306 2624 3365 immutabiliter
2651 3316 2885 3383 starent,

472 3387 641 3464 cujus
668 3388 746 3462 vi,
778 3408 853 3445 ex
883 3396 1035 3447 statu
1062 3388 1363 3447 labilitatis
1390 3388 1641 3448 traducti
1671 3396 1806 3448 sunt
1823 3389 1900 3446 ad
1927 3397 2140 3447 statmn
2159 3387 2576 3446 immutabilem
2594 3386 2890 3447 felicitatis

472 3476 533 3526 et
560 3467 760 3545 gloriae
798 3468 1210 3527 inamissibilis.

554 3546 737 3607 VIII.
782 3548 1061 3623 Quamvis
1088 3568 1228 3607 vero
1255 3549 1369 3609 ista
1398 3548 1624 3608 Electio
1650 3568 1769 3607 non
1795 3548 1982 3625 possit
2008 3546 2125 3605 dici
2153 3546 2422 3623 gratuita,
2469 3564 2540 3603 eo
2567 3545 2742 3605 modo
2769 3566 2886 3624 quo

474 3628 699 3688 Electio
726 3629 1041 3705 hominum,
1072 3650 1203 3707 quae
1232 3630 1355 3688 sola
1404 3628 1517 3687 Dei
1562 3627 1990 3687 misecricordia
2029 3626 2250 3700 nititur,
2297 3645 2414 3683 non
2452 3624 2666 3684 desinit
2691 3634 2886 3686 tamen

471 3730 599 3769 esse
630 3710 897 3787 gratuita,
928 3711 1065 3787 quia
1094 3710 1255 3768 Deus
1282 3710 1358 3767 ad
1396 3728 1521 3767 eam
1542 3728 1661 3767 non
1709 3707 2028 3767 tenebatur.
2112 3707 2262 3764 Nam
2308 3705 2446 3765 licet
2465 3725 2540 3763 ex
2573 3706 2884 3783 hypothe-

473 3790 692 3848 decreti
734 3790 805 3848 de
836 3789 1098 3849 creandis
1127 3790 1391 3867 Angelis,
1436 3808 1536 3847 eos
1576 3789 1761 3847 bonos
1790 3795 1848 3845 et
1877 3795 2121 3861 sanctos,
2153 3806 2272 3843 non
2311 3793 2658 3862 peccatores,
2691 3806 2884 3847 creare

471 3868 769 3945 debuerit3
812 3888 927 3928 non
968 3870 1271 3929 tenebatur
1312 3869 1445 3928 illos
1480 3888 1674 3927 creare
1709 3868 1901 3944 justos
1929 3865 2378 3939 immutabiliter,
2409 3873 2468 3923 et
2495 3864 2715 3923 nullam
2744 3866 2882 3926 fecit

472 3948 739 4025 injuriam
768 3950 840 4007 iis
870 3970 1015 4027 quos
1054 3950 1175 4007 labi
1214 3950 1474 4026 permisit
1502 3968 1607 4006 sua
1649 3948 1902 4025 ipsorum
1932 3946 2116 4023 culpa,
2147 3954 2207 4004 et
2234 3945 2379 4003 citra
2403 3944 2580 4003 ullam
2609 3945 2882 4021 injuriam

469 4028 753 4106 potuisset
800 4029 943 4087 alios
988 4029 1049 4085 in
1095 4030 1209 4087 isto
1256 4028 1557 4087 labilitatis
1605 4035 1761 4085 statu
1809 4027 2151 4103 relinquere.
2237 4024 2406 4099 Quod
2449 4043 2590 4101 ergo
2635 4026 2879 4101 gratiam

468 4107 918 4167 confirmationis
946 4108 1062 4166 illis
1089 4108 1287 4184 largiri
1308 4107 1573 4181 voluerit,
1604 4108 1714 4166 fuit
1736 4128 1810 4165 ex
1837 4106 2198 4184 beneplacito
2227 4124 2349 4179 su0‚
2381 4124 2497 4163 non
2519 4124 2595 4163 ex
2621 4105 2878 4182 ipsorum

468 4188 692 4246 merito,

1073 4267 1192 4326 IX.
1238 4266 1539 4341 Quomodo
1566 4276 1761 4326 antem
1789 4264 2238 4326 confirmationis
2271 4264 2438 4323 istius
2467 4265 2712 4341 gratiam
2741 4284 2876 4324 con-

496 4334 581 4405 A?
602 4334 783 4405 APssffi
802 4334 949 4404 electi
990 4348 1171 4406 secuti
1202 4348 1332 4419 sint,
1366 4356 1423 4405 et
1452 4346 1551 4405 An
1580 4348 1639 4406 in
1665 4349 1890 4407 Chrn'sto
1915 4347 2062 4405 bene
2091 4346 2356 4404 dicantur
2383 4344 2569 4420 electi,
2600 4345 2878 4421 quaeritur

524 4396 627 4439 ωε
646 4408 697 4439 ¹¹³
720 4392 933 4439 christo.
988 4427 1139 4487 inter
1159 4428 1505 4505 Theologos,
1534 4448 1644 4487 nec
1673 4446 1872 4487 omnes
1899 4427 2052 4485 inter
2080 4446 2142 4484 se
2163 4425 2546 4484 consentiunt.
2617 4426 2874 4483 Consen-

462 4508 617 4569 tiunt
644 4508 875 4587 quidem
904 4527 1119 4583 omnes,
1150 4526 1267 4567 non
1294 4526 1463 4586 posse
1493 4508 1605 4567 dici
1636 4512 1832 4569 electos
1859 4508 1916 4565 in
1942 4508 2164 4567 Christo
2185 4507 2576 4580 Redemptor-e,
2607 4504 2746 4579 quia
2773 4502 2874 4561 ubi

462 4610 579 4647 non
609 4598 697 4649 est
722 4598 1038 4666 peccatum,
1067 4589 1151 4648 ibi
1184 4609 1302 4647 non
1340 4588 1509 4647 datur
1544 4587 1925 4665 redemptioni
1963 4586 2160 4645 loeus:
2207 4584 2326 4643 Sed
2369 4584 2428 4642 in
2455 4602 2526 4643 eo
2551 4582 2871 4658 dissident;

462 4670 563 4728 An
604 4670 800 4748 aliqua
840 4668 1045 4729 saltem
1084 4670 1305 4729 ratione
1333 4670 1625 4727 Mediator
1665 4669 1920 4745 ipsorum
1962 4666 2078 4725 dici
2117 4665 2318 4743 possit,
2349 4684 2466 4722 non
2491 4662 2726 4739 quidem
2753 4665 2868 4722 Re-
