3300 5225
539 304 660 363 434
1485 318 1669 361 mous
1696 317 1970 368 Qum-rus.
2532 302 2784 385 [quaer.
2814 326 2943 369 nv.

537 469 600 521 et
623 480 740 539 quo
765 458 956 536 magis
981 457 1322 538 deprimitur
1346 468 1408 519 et
1451 458 1777 521 infirmatur
1800 478 2027 538 corpus,
2056 478 2127 519 eo
2152 460 2328 523 altius
2354 480 2519 525 mens
2544 474 2831 545 assurget,
2860 487 2941 529 ex

541 540 796 619 corporis
823 540 1118 617 ergastulo
1144 539 1346 617 egredi
1370 539 1554 677 {eluti
1581 540 1857 634 gestiens.
1996 618 2158 679 ‘uado
2342 620 2357 634 ο
2449 621 2465 636 .
2750 625 2765 639 ·

540 678 587 726 ⁵·
616 679 916 796 Apffissssffl
943 691 1025 737 po-
1066 620 1295 779 1)οὲᾱὲ
1321 618 2220 794 ἓὰὼξοθωᾞᾙὶρζυηῗ
2236 628 2644 779 ἓαιιῐὶήῗιιιῗιιῖἓη
2652 644 2951 767 θᾜὲηοῖῗ

1068 781 1200 841 culo
1228 800 1334 840 suo
1362 779 1825 859 comprobarunt,
1854 788 1915 839 et
1939 799 2043 856 qm
2070 788 2222 839 mter
2247 801 2348 841 eos
2374 784 2784 861 sapientissimi
2810 796 2951 849 sunt

543 862 745 938 habiti,
772 861 978 940 paucis
1003 859 1237 921 demum
1263 860 1524 939 exceptis
1568 858 1888 937 Epicureis,
1918 860 1995 919 ad
2020 878 2169 937 quos
2208 863 2453 923 accessit
2495 863 2647 924 Plin.
2684 864 2813 944 (lib.
2840 868 2947 927 vii.

543 964 669 1021 cap.
701 940 825 1023 55‚)
855 942 956 1018 qui
973 941 1168 1019 potius
1193 961 1272 999 ex
1298 950 1456 1015 voto,
1486 958 1661 1017 quem
1680 960 1759 1000 ex
1784 938 1964 999 enimi
1990 941 2275 1002 sententia
2294 942 2475 1001 locuti
2489 943 2779 1005 videntur.
2806 946 2949 1007 Tes-

543 1023 784 1082 timonie
809 1024 924 1082 huc
951 1040 1262 1099 congerere
1286 1020 1435 1079 nihil
1461 1021 1703 1097 attinet3
1744 1028 1989 1096 possunt
2013 1019 2135 1097 legi
2160 1021 2315 1098 apud
2354 1023 2657 1083 Plesaaeum
2684 1024 2757 1084 de
2784 1025 2948 1085 Veri.

545 1102 740 1180 Relig.
770 1102 982 1161 Christ.
1011 1120 1138 1178 cap.
1167 1121 1288 1177 xv.,
1311 1101 1517 1177 Vivent,
1547 1099 1879 1177 Zanclaium,
1909 1108 1970 1160 et
1994 1099 2158 1177 alios,
2179 1101 2283 1179 qui
2309 1121 2385 1163 ex
2416 1102 2676 1181 professo
2702 1105 2814 1168 hoc
2855 1126 2949 1165 er·

545 1190 885 1260 gumentum
913 1189 1049 1241 sunt
1075 1180 1324 1241 executi.

1150 1260 1334 1320 XVI.
1375 1258 1563 1319 Aliud
1588 1266 1680 1319 est
1703 1258 1867 1336 loqui
1908 1279 1987 1319 ex
2021 1260 2112 1321 rei
2150 1262 2383 1323 ver-itate
2400 1285 2427 1335 ,⁰
2468 1261 2655 1323 Aliud
2696 1284 2775 1323 ex
2820 1266 2943 1342 opi-

624 1325 967 1431 Fzrggffilgolu-
1066 1341 1230 1401 aione
1249 1340 1484 1399 hominis
1504 1339 1773 1415 cae-nabis,
1802 1338 1905 1415 qui
1920 1339 2153 1417 judicat
2164 1361 2243 1401 ex
2262 1343 2627 1421 appetentiis,
2646 1351 2705 1403 et
2725 1345 2946 1405 eventi·

878 1416 892 1429 '
1066 1421 1180 1481 bus
1206 1416 1479 1495 externis,
1508 1419 1612 1497 qui
1638 1418 1855 1479 cedunt
1880 1419 1989 1479 sub
2017 1438 2240 1483 sensus.
2324 1422 2513 1497 Quum
2555 1423 2829 1483 Salomon
2863 1426 2948 1486 eit

546 1502 773 1564 Eccles.
801 1502 883 1563 iii.
917 1504 1012 1578 18,
1034 1503 1128 1575 19,
1158 1502 1254 1576 20,
1289 1502 1325 1535 “
1353 1500 1648 1559 Eventum
1674 1498 1925 1559 filiorum
1950 1500 2203 1562 hominis
2250 1520 2378 1561 esse
2420 1502 2668 1565 similem
2711 1506 2945 1565 eventui

543 1584 728 1662 ipsius
753 1582 974 1657 bestius,
1003 1589 1065 1641 ct
1089 1588 1362 1640 eventum
1388 1577 1637 1639 eundem
1663 1578 1781 1637 illis
1802 1598 1947 1656 esse,
1966 1588 2032 1639 ut
2048 1581 2289 1641 moritur
2307 1581 2449 1659 haec,
2478 1584 2562 1642 ita.
2586 1584 2734 1643 mori
2759 1584 2942 1661 illum,

545 1672 605 1723 et
633 1662 898 1741 spiritum
924 1659 1172 1721 eundem
1198 1658 1468 1718 omnibus
1493 1678 1638 1733 esse,
1686 1666 1747 1717 et
1790 1660 2185 1735 praestantiam
2209 1660 2460 1721 hominis
2488 1682 2661 1742 supra
2699 1664 2943 1725 bestiam

544 1742 764 1802 nullam
793 1760 920 1801 esse
938 1742 995 1818 ;''
1039 1758 1158 1798 non
1183 1738 1440 1815 loquitur
1465 1737 1653 1815 primo
1680 1757 1871 1813 sensu,
1902 1738 2007 1798 sed
2034 1740 2303 1817 secundo,
2334 1750 2401 1801 ut
2426 1742 2633 1803 doceat
2653 1763 2730 1803 ex
2771 1745 2945 1805 rebus

543 1822 800 1881 externis
824 1840 944 1880 non
969 1839 1140 1897 posse
1168 1818 1368 1896 colligi
1394 1817 1705 1877 discrimen
1732 1818 1882 1877 inter
1904 1818 2197 1879 hominem
2225 1828 2287 1881 et
2310 1822 2561 1900 brutum,
2584 1842 2718 1884 cum
2744 1824 2945 1884 eadem

542 1902 746 1961 mortis
772 1900 1087 1961 necessitas
1113 1898 1232 1957 illis
1259 1896 1590 1977 impendeat
1615 1916 1692 1957 ex
1726 1917 1926 1975 aequo;
1968 1907 2037 1958 ιιι
2074 1899 2159 1959 its,
2196 1901 2435 1961 humani
2474 1921 2679 1963 sensus
2719 1904 2943 1964 vanite-

543 1988 662 2041 tem
689 1980 1014 2058 redarguet,
1043 1979 1146 2055 qui
1171 1997 1292 2037 non
1318 1978 1492 2037 altius
1518 1996 1847 2055 assurgens,
1877 1997 2051 2055 quam
2079 1979 2155 2038 sd
2180 1980 2294 2040 ista
2318 1989 2577 2059 externe,
2614 1984 2802 2044 nescit
2826 1984 2944 2045 dis-

543 2080 777 2120 cernere
803 2060 956 2119 inter
979 2059 1155 2117 finem
1179 2058 1432 2118 hominis
1478 2064 1538 2117 et
1582 2057 1760 2117 bruti.
1842 2058 1993 2116 Nam
2036 2058 2181 2119 alies
2228 2061 2369 2138 ipse,
2416 2059 2556 2123 dum
2603 2082 2683 2123 ex
2726 2063 2943 2125 lumine

541 2140 680 2200 fidei
705 2140 980 2217 loquitur,
1009 2146 1070 2198 et
1089 2139 1266 2217 juxta
1290 2138 1376 2197 rei
1401 2137 1722 2212 veritatem,
1752 2137 1896 2199 satis
1922 2146 2169 2198 testetur
2194 2140 2257 2199 in
2283 2140 2399 2199 elie
2434 2160 2497 2201 sc
2540 2162 2668 2202 esse
2715 2153 2942 2203 senten-

541 2220 640 2297 tis,
673 2220 900 2281 Eccles.
927 2217 1030 2278 xii.
1061 2222 1118 2295 7,
1148 2237 1328 2296 quum
1353 2236 1558 2294 empus
1583 2218 1669 2277 ait
1692 2216 1886 2277 redire
1923 2216 1985 2277 in
2018 2222 2329 2296 ptdvercm,
2372 2224 2523 2282 unde
2556 2224 2797 2299 petitum
2844 2234 2941 2301 est,

541 2300 802 2377 spir-imm
820 2320 954 2359 vcro
979 2299 1171 2359 rodim
1189 2299 1475 2357 adDeum
1501 2297 1602 2373 qui
1624 2297 1779 2357 dedit
1802 2297 2001 2373 ῲειιηι,
2032 2299 2115 2358 Ει
2139 2319 2197 2359 v.
2232 2302 2324 2375 15,
2353 2300 2467 2361 hoc
2490 2322 2673 2363 unum
2691 2304 2943 2364 hominis

543 2388 732 2441 totum
759 2399 904 2455 esse,
935 2380 1127 2438 timere
1152 2380 1358 2453 Deum,
1389 2385 1444 2435 et
1465 2394 1698 2437 semare
1724 2378 1841 2452 qius
1866 2380 2159 2455 mandata,
2188 2380 2347 2457 quod
2373 2380 2584 2442 flustra
2628 2383 2819 2443 dicere
2892 2384 2945 2443 si

542 2460 796 2519 animem
823 2479 956 2518 cum
999 2476 1236 2536 corpore
1285 2456 1553 2533 extingui
1595 2455 1953 2517 credidisset.
2036 2458 2262 2518 Eodem
2305 2469 2527 2537 spectat
2574 2462 2733 2539 quod
2854 2462 2944 2524 dit

540 2539 684 2599 ibid.
714 2560 765 2598 c.
783 2538 866 2598 iii.
895 2557 955 2597 v.
983 2540 1082 2615 21,
1117 2538 1259 2605 Quis
1277 2536 1382 2597 scit
1403 2556 1484 2595 an
1509 2536 1731 2595 animm
1758 2536 1993 2595 hominis
2018 2542 2289 2599 ascendat
2310 2540 2371 2599 in
2394 2543 2589 2617 altum,
2624 2540 2705 2601 id..
2754 2543 2941 2621 potis-

538 2627 636 2680 tur
661 2619 786 2679 vita
811 2627 1052 2695 seterns3
1081 2637 1253 2678 nemo
1273 2617 1428 2677 enim
1452 2616 1800 2692 mortalium,
1824 2637 1901 2677 ex
1928 2625 2085 2678 stetu
2108 2629 2349 2680 externo
2376 2628 2437 2679 et
2460 2621 2701 2682 rationis
2723 2622 2947 2684 lumine

539 2699 667 2760 sine
693 2698 883 2778 gretia
911 2698 1162 2777 Spiritus
1193 2697 1392 2758 Sancti
1417 2704 1610 2775 potest
1633 2696 1781 2756 illud
1809 2704 1967 2756 certo
1994 2699 2243 2776 assequi.
2326 2700 2549 2760 Eodem
2576 2721 2753 2762 sensu
2780 2723 2831 2762 c.
2858 2703 2943 2764 ix.

544 2781 597 2856 1,
619 2784 674 2856 2,
697 2779 840 2839 dicit
863 2779 1138 2838 hominem
1168 2778 1379 2838 nescim
1399 2777 1590 2836 odium
1615 2784 1671 2836 et
1704 2797 1973 2852 amorem,
2003 2778 2065 2837 id
2090 2787 2197 2855 est,
2228 2799 2306 2838 ex
2330 2781 2637 2841 eventibus
2662 2783 2939 2858 externis,

537 2859 696 2938 quis,
724 2867 790 2919 ut
817 2859 1014 2919 stetim
1042 2857 1223 2932 addit,
1251 2857 1400 2916 idem
1419 2865 1642 2916 eventus
1662 2859 1915 2932 eetjusto
1942 2866 1995 2918 et
2020 2857 2293 2935 improbo,
2321 2863 2529 2920 mundo
2554 2870 2609 2919 et
2632 2861 2937 2939 framundo,

537 2947 658 2998 tam
680 2937 1039 3018 samficanti,
1069 2956 1242 3014 quam
1267 2935 1324 2995 ei
1344 2936 1446 3012 qui
1476 2957 1590 2996 non
1634 2937 1933 3016 sacnflcat,
1978 2935 2088 2998 &c.
2171 2939 2376 2998 Potest
2420 2941 2592 2999 etism
2626 2949 2785 3000 recte
2820 2941 2943 3002 dici

537 3017 954 3078 Ecclesiastem
979 3035 1310 3094 comparere
1335 3015 1432 3076 hic
1457 3014 1751 3076 hominem
1778 3037 1911 3076 eum
1936 3017 2127 3094 bruto,
2154 3018 2217 3078 in
2251 3019 2455 3080 mortis
2480 3019 2721 3096 veritate
2748 3029 2809 3080 et
2834 3041 2939 3082 ne·

536 3096 824 3173 cessitate,
853 3103 922 3156 ut
945 3094 1243 3174 particulae
1267 3095 1425 3171 sicut,
1453 3095 1553 3171 ita,
1580 3114 1701 3156 non
1746 3095 2092 3158 adumbrent
2136 3097 2389 3175 modum,
2434 3099 2541 3158 sed
2579 3107 2807 3161 tentum
2850 3102 2938 3162 rei

533 3175 718 3254 ipsius
744 3175 1149 3236 necessitatem
1175 3183 1235 3234 et
1259 3175 1582 3250 veritatem,
1611 3183 1679 3237 ut
1706 3195 1859 3255 saepe
1884 3176 2043 3236 alibi.
2126 3178 2207 3237 Et
2252 3198 2432 3256 quum
2472 3180 2705 3256 spiritus
2737 3181 2935 3242 bruto-

533 3275 665 3316 rum
719 3263 781 3316 et
831 3255 1130 3315 hominum
1177 3253 1333 3314 idem
1385 3273 1515 3316 esse
1561 3255 1791 3332 dicitur,
1830 3274 1949 3316 non
2000 3257 2347 3335 intelligitur
2392 3259 2522 3337 ipsa
2568 3260 2776 3337 enims,
2832 3260 2937 3321 sed.

529 3335 739 3478 galina
764 3342 1008 3411 tantum,
1036 3341 1104 3394 ut
1129 3335 1379 3396 occurrit
1403 3353 1523 3396 non
1554 3336 1737 3396 semel
1774 3355 1847 3396 eo
1890 3355 2065 3398 sensu
2106 3337 2173 3396 in
2202 3337 2514 3417 Scriptura,
2544 3339 2590 3400 J
2592 3339 2685 3400 ob.
2722 3340 2807 3400 ix.
2839 3343 2933 3418 18,

577 3435 664 3476 ec.
685 3414 748 3476 ii.
776 3417 876 3476 26.

612 3495 830 3556 XVIL
873 3493 1096 3556 Mortui
1132 3493 1404 3555 dicuntur
1441 3513 1560 3554 non
1598 3494 1839 3556 laudare
1881 3495 2091 3573 Deum,
2136 3495 2235 3556 Ps.
2278 3517 2427 3558 xxx.
2457 3499 2515 3574 9,
2556 3505 2619 3558 et
2654 3499 2931 3560 lxxxviii.

533 3577 628 3652 12,
658 3583 720 3636 et
772 3595 908 3636 cxv.
942 3577 1036 3651 17,
1067 3573 1184 3636 Iso..
1213 3573 1468 3634 xxxviii.
1499 3575 1592 3650 18,
1621 3593 1741 3634 non
1786 3574 2053 3636 absolute
2092 3583 2151 3636 et
2187 3575 2541 3655 simpliciter,
2568 3579 2737 3655 qussi
2776 3579 2931 3638 exis·

526 3662 650 3716 tere
677 3654 1025 3730 desinerent,
1053 3673 1190 3714 nam
1221 3653 1363 3714 alibi
1387 3653 1546 3716 beati
1566 3653 1839 3716 dicuntur
1863 3655 2077 3716 mortui
2102 3655 2165 3714 in
2194 3656 2465 3732 Domino,
2485 3657 2639 3737 Apo.
2658 3657 2801 3734 xiv„
2826 3659 2933 3718 sed

525 3734 845 3796 secundum
870 3733 1032 3812 quid,
1067 3733 1268 3794 habite
1305 3733 1529 3794 ratione
1567 3733 1777 3810 laudis,
1823 3754 1953 3811 quse
1992 3733 2083 3794 illi
2107 3734 2351 3798 debetur
2386 3737 2452 3796 in
2478 3737 2745 3798 Ecclesia
2778 3737 2933 3798 mili-

523 3821 685 3875 tante
712 3835 748 3874 s
773 3813 1044 3875 fidelibus
1069 3813 1130 3872 in
1159 3813 1560 3874 communione
1591 3814 1951 3891 Sanctorum,
1980 3833 2097 3892 qua
2133 3815 2235 3874 alii
2260 3816 2514 3876 viatores
2552 3817 2929 3895 aedificentur,

523 3900 585 3953 et
625 3893 702 3952 ad
739 3893 898 3954 idem
936 3892 1188 3954 officium
1227 3892 1574 3970 excitentur,
1615 3913 1748 3971 quse
1790 3913 1909 3954 non
1950 3901 2145 3972 potest
2176 3895 2369 3956 locum
2409 3896 2624 3956 habere
2663 3908 2929 3977 respectu

521 3981 898 4049 mortuorum,
927 3972 1030 4050 qui
1053 3972 1280 4034 nullum
1319 3991 1453 4032 cum
1477 3972 1815 4034 viventibus
1840 3973 2039 4034 colunt
2066 3975 2314 4053 amplius
2352 3977 2777 4037 commercium.
2864 3977 2929 4038 Si

521 4051 738 4112 mortui
764 4050 1036 4112 dicuntur
1062 4072 1174 4112 non
1199 4071 1330 4126 esee,
1359 4059 1427 4110 ut
1455 4050 1552 4110 Ps.
1581 4051 1793 4113 xxxix.
1827 4056 1921 4131 13,
1950 4055 2137 4114 desim
2162 4075 2205 4114 a
2242 4075 2347 4132 me,
2376 4065 2433 4116 et
2464 4057 2792 4134 roborabor,
2822 4079 2926 4118 an·

521 4137 748 4206 tequam
769 4133 999 4206 vadam,
1028 4139 1084 4189 et
1103 4151 1220 4190 non
1242 4130 1364 4206 eim,
1387 4129 1500 4190 hoc
1524 4148 1644 4190 non
1670 4140 1865 4209 potest
1888 4133 2171 4211 absolute,
2192 4135 2297 4195 sed
2324 4136 2641 4196 secundum
2668 4138 2813 4215 quid
2836 4138 2926 4196 in-

519 4207 726 4303 telligi,
755 4207 952 4287 quoad
977 4217 1164 4269 totum
1189 4207 1590 4303 compositum,
1619 4219 1680 4270 et
1705 4221 1991 4289 quatenus
2030 4233 2149 4275 non
2188 4223 2328 4276 sunt
2366 4216 2615 4296 emplius
2644 4217 2798 4278 inter
2822 4218 2924 4276 ho-

516 4303 860 4430 muliffiffic
887 4306 1086 4442 &ul-g?
1093 4307 1514 4445 ἕιῖῒὲἶῖΐέιῒ
1533 4288 1707 4432 {lug
1706 4301 1818 4432 Ἦ.
1827 4373 2004 4432 finem
2028 4373 2245 4435 habere
2270 4383 2480 4453 potest,
2510 4395 2580 4436 eo
2606 4375 2784 4436 modo
2808 4396 2925 4454 quo

517 4455 708 4510 ortum
755 4445 998 4524 habuit3
1061 4445 1234 4522 Quod
1271 4457 1581 4526 generatur
1619 4459 1815 4528 potest
1858 4453 2183 4532 corrumpi3
2249 4454 2369 4516 Sed
2392 4456 2555 4534 quod
2592 4464 2835 4532 creetur,
2874 4456 2927 4515 si

517 4528 596 4590 sit
621 4527 938 4608 spirituale,
965 4535 1159 4608 potest
1183 4536 1406 4592 tautum
1445 4531 1793 4594 annihilanz
1850 4533 1947 4594 Its
1972 4532 2131 4611 quod
2169 4541 2359 4594 ortum
2398 4535 2577 4598 hebet
2600 4535 2921 4597 naturalem
