3300 5225
1190 322 1452 372 ouum
1488 324 1860 373 FUNEBMS.
2582 305 2737 368 xxxi

285 480 560 547 relictis
577 484 859 547 omnibus
877 485 1096 564 patriae
1120 486 1488 549 dulcissimas
1511 484 1863 561 commodiS‚
1889 492 2105 551 sancto
2124 500 2333 551 veram
2352 484 2737 565 Religionem

287 582 662 660 profitendi
697 588 764 645 et
792 582 1198 661 optatissimae
1240 583 1396 647 lucis
1431 582 1819 665 Evangelicae
1849 604 2041 648 usura
2086 583 2395 665 gaudendi
2443 584 2575 645 zelo
2625 582 2737 644 im-

287 680 564 759 pulsus,
617 687 760 759 post
808 681 1012 743 varios
1065 700 1244 745 casus
1289 683 1412 745 huc
1463 682 1719 745 tandem
1774 682 2099 747 concessit.
2203 680 2573 761 Antuerpiae
2628 688 2742 760 'per

291 778 568 857 aliquot
629 778 876 841 vixerat
933 799 1146 860 annos,
1206 779 1314 841 ubi
1375 778 1440 841 N
1443 780 1766 843 obilissimi
1820 780 2121 843 Maruixii
2175 778 2739 859 Santaldegondani

291 874 752 939 familiaritate
797 876 1110 939 utebatur.
1213 876 1312 941 At
1359 896 1440 939 ex
1485 877 1596 939 illa
1635 880 1791 942 urbe
1834 900 1873 940 a
1915 878 2092 942 Duce
2130 876 2447 941 Parmensi
2492 877 2742 939 obsessa

297 973 502 1037 exire
527 980 800 1049 coactus,
827 994 950 1037 non
975 974 1110 1037 sine
1134 995 1358 1056 magno
1377 975 1522 1037 vitae
1547 975 1921 1049 discrimine,
1947 994 2085 1039 cum
2118 975 2383 1055 primum
2410 974 2737 1049 Genevam,

299 1071 478 1134 dein
525 1070 822 1151 Tigumm
874 1078 1168 1153 tanquam
1217 1073 1284 1134 in
1333 1072 1590 1153 asylum,
1638 1079 1707 1137 et
1758 1075 1929 1139 velut
1982 1074 2288 1153 quoddam
2336 1071 2740 1134 humanitatis

295 1169 612 1249 pluribus
643 1169 796 1232 locis
815 1170 1182 1250 proscriptae
1211 1170 1526 1252 lararium,
1559 1191 1626 1235 se
1656 1171 2018 1251 recepisset,
2057 1166 2265 1252 ibique
2296 1176 2499 1233 totum
2532 1177 2737 1232 trans-

299 1266 560 1347 egisset
593 1266 1096 1346 quinquennium,
1145 1288 1364 1331 rursus
1397 1266 1707 1331 Generum
1739 1276 2018 1331 nostram
2047 1268 2443 1332 exosculatus
2472 1274 2588 1341 est,
2625 1288 2739 1330 nec

301 1384 467 1428 eam
498 1364 752 1444 reliquit
781 1365 926 1427 dum
957 1366 1090 1428 vita
1139 1367 1368 1429 mansit
1418 1374 1749 1445 superstes.
1832 1366 1955 1429 Vir
1987 1372 2141 1442 erat,
2176 1366 2231 1429 si
2282 1360 2421 1444 'quis
2448 1383 2734 1443 unquam,

305 1462 574 1542 integer
597 1461 762 1537 vitae,
785 1463 1154 1543 scelerisque
1183 1484 1397 1544 purus,
1431 1464 1668 1527 fraudis
1692 1484 1933 1544 expers,
1958 1471 2150 1527 tenax
2182 1462 2491 1543 promissi,
2526 1462 2737 1525 fidem-

311 1580 452 1640 que
485 1558 766 1623 indocilis
789 1566 1091 1625 temerare
1113 1568 1398 1642 pactam3
1451 1562 1707 1625 sincerae
1742 1560 1999 1643 pietatis
2028 1581 2260 1635 amaus,
2295 1561 2399 1641 qui
2434 1580 2556 1623 non
2582 1557 2737 1622 divi-

309 1658 476 1732 tias,
509 1664 582 1719 ut
604 1659 808 1723 verbis
831 1658 1152 1721 Claudiani
1175 1665 1339 1735 utar,
1371 1659 1765 1740 nigrantibus
1788 1660 2058 1723 abdebat
2080 1660 2297 1734 antris,
2328 1679 2443 1722 nec
2464 1657 2737 1721 tenebris

316 1756 668 1819 damnabat
702 1776 868 1835 opes,
899 1757 1008 1819 sed
1057 1757 1256 1821 imbre
1289 1758 1518 1838 largior
1552 1777 1779 1838 egenos
1813 1759 2135 1821 sublevare
2164 1758 2515 1833 laetabatur,
2550 1763 2615 1818 et
2647 1756 2741 1817 ita

317 1853 452 1917 sibi
507 1852 765 1933 gloriam
816 1860 960 1933 post
1006 1856 1138 1917 fata
1186 1856 1582 1935 superstitem
1624 1855 1705 1917 ad
1750 1874 1895 1919 suos
1940 1862 2197 1936 nepotes
2252 1855 2537 1930 servavit,
2590 1855 2737 1916 orbe

319 1950 717 2025 vivaciorem,
782 1971 895 2015 nec
951 1960 1214 2016 senectae
1265 1952 1625 2034 aeruginosae
1681 1952 1969 2017 dentibus
2023 1952 2368 2017 obnoxiam.
2480 1951 2579 2014 De
2631 1950 2739 2013 illo

323 2048 540 2111 dicere
563 2068 676 2127 par
703 2054 800 2111 est
822 2050 988 2128 quod
1019 2070 1194 2114 sacer
1215 2050 1433 2123 Vates,
1457 2049 1620 2113 Psal.
1643 2051 1789 2113 cxii.
1822 2058 1858 2087 “
1883 2050 2219 2131 Dispersit,
2252 2049 2425 2113 dedit
2453 2048 2739 2129 pauperi-

325 2148 468 2221 bus,
493 2145 751 2225 justitia
779 2147 913 2226 ejus
945 2154 1157 2210 manet
1185 2148 1250 2209 in
1285 2145 1616 2211 seculum.”

432 2243 538 2306 Ex
559 2243 669 2307 illo
695 2251 879 2307 natus
901 2252 998 2308 est
1015 2246 1394 2308 Benedictus
1419 2244 1829 2309 Turrettinuc
1850 2244 2048 2308 nostri
2070 2251 2469 2327 οὐςανοπολίτου
2490 2262 2734 2322 parens,

331 2340 599 2405 Genevae
621 2342 928 2421 quondam
950 2363 1122 2405 amor
1146 2346 1222 2406 ac
1253 2344 1440 2405 decus
1468 2342 1723 2422 grande,
1752 2342 1941 2423 hujus
1968 2340 2267 2430 Ecclesiae
2288 2347 2355 2404 et
2379 2340 2739 2403 Academiae

329 2437 892 2519 splendidissimum
941 2441 1150 2520 jubar,
1203 2447 1434 2523 μεγάλη
1494 2443 1769 2523 σάλπιγξ,
1830 2448 1931 2502 κα.)
1987 2448 2013 2502 ὀ
2074 2443 2269 2523 θερμός
2318 2447 2415 2511 τῆς
2477 2446 2740 2509 ἀληθείας

331 2543 675 2621 agnen-dmm
727 2538 830 2601 cui
865 2539 1031 2602 haud
1063 2539 1247 2602 dubie
1285 2538 1570 2621 Gregorii
1620 2538 1686 2601 N
1690 2538 2005 2601 azianzeni
2039 2537 2454 2601 Athanasium
2486 2536 2739 2599 laudare

329 2635 750 2718 aggredientis
781 2637 986 2717 aptari
1011 2658 1132 2702 Vox
1162 2637 1272 2700 illa
1300 2637 1518 2717 possit,
1555 2642 1868 2700 Ἀθανάσιον
1899 2643 2117 2699 &aaran
2150 2643 2337 2720 ἀρετὴν
2359 2641 2737 2710 ἐπαινέσομαι;

857 2826 1032 2902 Cujus
1060 2825 1452 2886 &exhaustum
1463 2828 1728 2900 foecundi
1740 2826 1989 2902 pectoris
2013 2827 2166 2901 uber,

857 2907 1152 2964 Doctrinae
1171 2906 1432 2981 pollentis
1460 2927 1606 2982 opes,
1637 2907 2013 2982 mirandaque
2038 2906 2233 2965 mentis

856 2985 1104 3044 Lumina
1131 2989 1418 3044 doctorum
1445 2987 1659 3044 mirata
1686 2995 1767 3044 est
1792 2988 1956 3045 turba
1994 2987 2279 3061 Virorum,

854 3067 940 3123 Et
964 3083 1090 3142 quae
1105 3067 1394 3142 perpetuis
1421 3067 1671 3124 sacravit
1685 3067 1937 3143 piynora
1965 3067 2175 3126 chartis
2191 3092 2216 3139 ;
2250 3119 2255 3126 .

335 3245 652 3327 ImprImis
683 3247 1102 3312 doctissimum
1151 3248 1306 3312 illud
1353 3247 1525 3329 Opus
1575 3249 1867 3312 adversus
1900 3249 2175 3313 Petrum
2207 3247 2534 3325 Comitum,
2573 3254 2738 3314 vete-

333 3363 556 3406 ranum
604 3344 776 3408 illum
809 3344 854 3407 J
855 3350 1136 3424 esu‘itam,
1174 3345 1279 3427 qui
1323 3345 1667 3410 Bibliorum
1700 3353 2051 3410 nostrorum
2085 3345 2451 3411 Versionem
2486 3347 2739 3410 adortus

243 3505 248 3508 .
333 3443 561 3517 fixerat,
609 3463 682 3506 ac
731 3443 808 3507 de
851 3443 1112 3508 Geuevae
1156 3445 1619 3509 conservatione
1660 3465 1787 3508 non
1839 3443 2219 3508 Dodonaeam
2269 3464 2581 3524 quercum,
2630 3443 2739 3507 sed

337 3545 543 3602 atrum
577 3539 750 3606 Ditis
782 3542 1088 3622 tripodem
1122 3549 1498 3620 excusserat,
1535 3551 1600 3606 et
1626 3544 1706 3605 ab
1740 3541 2189 3622 Energumena‚
2216 3548 2289 3602 ut
2313 3543 2509 3603 refert
2534 3541 2739 3602 Thua-

336 3655 476 3713 nus,
507 3637 694 3719 digna
727 3639 1038 3720 Theologo
1071 3640 1432 3704 curiositate
1479 3641 1689 3701 fuerat
1737 3637 2106 3711 sciscitatus,
2142 3657 2261 3717 quo
2291 3644 2570 3715 tempore
2602 3634 2740 3696 Cal-

337 3734 468 3796 vini
517 3735 767 3800 haeresis
805 3737 1294 3816 extingueretur,
1334 3741 1520 3814 atque
1569 3733 1695 3794 alia
1740 3752 1894 3811 quae,
1930 3733 2297 3795 observante
2346 3731 2742 3798 celeberrimo

341 3830 683 3913 Historico,
719 3834 964 3896 aliunde
1000 3834 1212 3918 (quam
1243 3851 1282 3892 a
1328 3837 1510 3910 patre
1552 3829 1857 3892 mendacii
1906 3827 2169 3915 scilicet)
2202 3850 2566 3912 cognoscere
2600 3849 2742 3910 spes
2834 3835 2852 3852 ⁶

335 3949 463 3992 non
498 3935 652 3994 erat.
755 3929 854 3992 De
876 3928 989 3991 -illo
1031 3930 1212 3992 hoste
1252 3927 1442 3990 miros
1473 3928 1852 3992 Benedictus
1879 3933 2092 3993 noster
2124 3929 2253 4012 egit
2281 3930 2645 4012 triumphos,
2677 3935 2744 3992 et

337 4025 540 4107 spolia
569 4026 774 4106 ampla
800 4025 1038 4102 retulit,

1385 4219 1521 4278 Non
1547 4220 1936 4295 &offendenda
1968 4217 2209 4286 Quirino

903 4299 1082 4357 Dona
1109 4298 1295 4359 Patri.

347 4478 537 4542 Anno
569 4495 644 4543 M.
677 4497 784 4544 De.
820 4498 938 4548 xx.
978 4481 1296 4547 Alezianae
1346 4481 1596 4564 Synodo
1641 4481 2035 4565 interfuerat,
2092 4483 2189 4562 cuj
2196 4503 2267 4546 us
2316 4481 2553 4546 Praeses
2608 4489 2745 4545 erat

343 4573 576 4642 Petrus
605 4579 970 4658 Molinoeus,
1015 4582 1094 4644 de
1128 4601 1249 4662 quo
1299 4586 1562 4661 praestat
1593 4587 1821 4656 tacere,
1854 4599 2037 4660 quam
2068 4600 2267 4660 pauca
2296 4579 2520 4657 dicere,
2554 4579 2743 4662 siqui-
