3300 5225
514 329 637 388 264
1466 343 1654 388 meus
1679 345 1950 388 rna-rms.
2461 325 2714 408 [Qum.
2743 349 2914 390 κιαι.

508 495 577 546 ut
604 484 885 560 deliciae,’'
916 483 1044 560 ἔω,
1076 487 1173 562 24,
1204 485 1301 560 25,
1332 485 1429 560 26,
1460 489 1559 562 27,
1592 487 1688 546 30.
1775 482 1937 546 Nihil
1965 485 2082 546 dici
2107 485 2298 564 potuit
2325 487 2537 547 clarius
2565 487 2641 546 ad
2687 488 2916 566 Myste-

511 567 662 624 rium
690 564 763 624 de
790 584 907 641 quo
933 563 1161 642 agimus
1188 564 1660 625 confirmandum.
1749 565 2043 644 Sapientia
2070 575 2284 626 aeterna
2313 567 2503 626 Patris
2547 568 2690 626 dicit
2732 569 2774 628 J
2778 569 2915 628 eho·

510 663 646 703 vam
672 644 859 722 ipsam
884 644 1227 722 possedisse,
1258 664 1374 722 quo
1410 644 1583 703 modo
1603 648 1633 704 Ρ
1671 645 1904 704 nonnisi
1942 665 2046 723 per
2083 666 2282 704 veram
2323 647 2770 724 generationem,
2813 668 2918 726 per

510 743 686 802 quam
714 723 926 783 dicitur
952 723 1166 802 genita,
1196 732 1257 782 et
1284 723 1483 782 habita
1508 724 1692 784 instar
1715 723 1940 783 nutritii
1969 726 2290 784 charissimi
2318 747 2354 784 a
2371 726 2561 803 Patre,
2587 736 2646 786 et
2669 728 2782 786 hoc
2797 747 2916 786 non

508 804 573 862 in
598 812 871 881 tempore,
903 803 1008 861 sed
1035 803 1108 861 ab
1136 811 1368 880 aeterno,
1398 803 1557 862 initio
1592 805 1699 863 vioe
1722 823 1854 879 παπ,
1885 813 2016 864 ante
2043 825 2237 882 opera,
2267 814 2326 866 et
2351 825 2426 865 ne
2451 807 2608 866 ullus
2651 826 2912 884 superes-

510 893 601 944 set
628 884 946 961 serupulus,
978 882 1141 942 addit
1168 903 1318 942 vers.
1348 885 1444 957 24,
1476 885 1572 959 25,
1602 884 1715 942 hoc
1741 882 1920 942 fuisse
1947 893 2082 943 ante
2108 884 2452 962 principium
2497 895 2558 945 et
2602 887 2918 964 primordia

504 971 695 1038 terrae,
727 971 1036 1040 antequam
1064 970 1259 1021 essent
1284 961 1419 1020 ullae
1447 962 1645 1040 abyssi
1675 971 1734 1021 et
1758 971 2002 1037 montes,
2033 961 2163 1038 ἀι,
2193 963 2351 1042 quod
2377 965 2702 1024 absolutam
2749 975 2914 1025 aeter-

508 1043 751 1103 nitatem
776 1050 958 1102 notat.
1040 1042 1334 1118 Sapientia
1361 1051 1553 1100 autem
1582 1042 1695 1100 ista
1721 1061 1838 1098 non
1864 1050 2056 1119 potest
2083 1061 2209 1102 esse
2237 1051 2462 1102 tantum
2503 1045 2770 1122 qualitas,
2813 1053 2916 1104 aut

508 1121 697 1181 virtus
744 1122 955 1198 aliqua,
1002 1120 1106 1179 sed
1146 1121 1469 1180 necessario
1511 1120 1686 1180 debet
1725 1141 1852 1180 esse
1892 1123 2150 1180 Persona
2189 1122 2527 1200 subsistens,
2571 1125 2710 1202 quia
2755 1145 2912 1203 quse-

508 1221 737 1278 cunque
764 1201 851 1258 illi
878 1200 1209 1258 tribuuntur
1230 1201 1557 1278 personalia
1583 1211 1736 1276 sunt,
1767 1209 1832 1259 ut
1857 1201 2014 1279 quod
2041 1204 2254 1278 doceat,
2284 1206 2499 1278 clamet,
2543 1206 2726 1281 Reges
2763 1213 2920 1264 vocet

508 1289 569 1341 et
596 1281 925 1355 constituat,
956 1299 1007 1340 c.
1036 1279 1159 1338 viii.
1188 1280 1301 1338 aedi
1362 1289 1417 1339 et
1447 1283 1688 1356 domum,
1727 1290 1930 1340 mactet
1954 1281 2246 1358 animalia,
2277 1284 2584 1342 convivium
2616 1293 2805 1360 paret,
2856 1293 2916 1343 et

507 1361 693 1420 ntittat
716 1361 953 1418 ancillas
980 1357 1057 1418 ad
1082 1379 1270 1418 vocan
1311 1379 1377 1418 os
1400 1360 1684 1453 bomines,
1715 1369 1775 1418 et
1821 1360 1950 1418 sim.
1991 1380 2043 1419 c.
2085 1360 2167 1420 ix.
2211 1382 2342 1440 quae
2383 1363 2612 1422 nonnisi
2651 1383 2914 1440 personas

508 1439 1824 1611 {iffup‘iffqrsseffiffiffissiznfflnhgss312⁸&ss
1840 1443 2914 1597 {iz’sssssffiffi‘fflzfflffffi

508 1601 694 1678 possit
719 1598 1135 1692 prosopopoeiis
1178 1597 1240 1656 in
1280 1598 1822 1676 amplificationibus
1863 1608 1922 1660 et
1963 1600 2526 1677 exaggerationibus,
2569 1601 2820 1659 maxime
2849 1603 2912 1660 in

510 1679 791 1756 apologis,
821 1698 939 1736 non
966 1687 1160 1737 tamen
1185 1677 1287 1737 ubi
1314 1678 1507 1755 agitur
1533 1678 1607 1736 de
1632 1677 1910 1738 brevibus
1930 1688 1991 1739 et
2009 1679 2282 1740 confertis
2297 1680 2614 1758 praeceptis,
2635 1681 2737 1739 ubi
2757 1681 2912 1740 idem

508 1758 683 1819 toties
708 1757 1003 1835 repetitur,
1046 1777 1154 1815 nec
1193 1757 1315 1817 ulla
1354 1758 1491 1816 alibi
1532 1757 1768 1834 figurati
1809 1759 2090 1818 sermonis
2129 1761 2416 1837 expositio
2457 1759 2721 1837 additur;
2766 1761 2912 1820 alias

510 1837 655 1896 nihil
684 1837 827 1896 certi
852 1845 1005 1895 esset
1030 1835 1093 1894 in
1124 1835 1435 1914 Scriptura,
1468 1837 1517 1896 si
1544 1837 1746 1896 liceret
1770 1838 1848 1896 ad
1872 1839 2302 1916 prosopopoeias
2337 1841 2552 1918 ubique
2579 1859 2870 1899 recurrere
2893 1861 2910 1918 ς

512 1919 635 1977 Nec
662 1916 847 1976 ullum
876 1916 1061 1975 simile
1090 1917 1419 1994 exemplum
1446 1917 1616 1976 datur
1640 1939 1655 1976 :
1697 1937 1832 1974 nam
1859 1918 2016 1996 quod
2044 1917 2278 1978 affertur
2303 1939 2380 1978 ex
2407 1941 2458 1978 e.
2487 1919 2568 1979 ix.
2603 1923 2695 1994 13,
2727 1919 2798 1978 de
2825 1921 2910 1979 in·

506 1997 786 2075 sipientia,
817 2015 948 2073 quae
976 1995 1085 2054 sub
1113 1994 1365 2074 imagine
1394 1996 1660 2056 Mulieris
1687 1995 1861 2057 fatuae
1888 1997 2133 2074 loquens
2161 1997 2560 2074 introducitur,
2589 2000 2762 2076 longe
2793 1999 2910 2057 dis-

507 2098 613 2156 par
640 2083 729 2134 est
756 2095 791 2134 a
818 2085 1032 2150 nostro,
1060 2082 1129 2134 ut
1154 2075 1401 2136 intuenti
1420 2084 1597 2154 patet,
1618 2085 1678 2136 et
1695 2085 1888 2154 potest
1909 2078 2122 2155 optime
2139 2077 2215 2136 ad
2239 2079 2546 2138 Mulierem
2573 2079 2914 2155 adulteram,

509 2158 754 2236 ejusque
780 2155 1081 2214 illecebras
1108 2153 1343 2232 referri3
1388 2155 1559 2230 Quod
1584 2177 1727 2215 vero
1753 2157 1969 2234 petitur
2008 2177 2084 2216 ex
2117 2161 2147 2215 1
2181 2157 2311 2217 Cor.
2340 2159 2464 2216 xiii.
2505 2157 2579 2217 de
2620 2159 2912 2234 charitate,

508 2257 639 2316 quae
668 2235 861 2293 omnia
888 2235 1169 2293 sustinere
1196 2244 1257 2295 et
1284 2235 1515 2295 credere
1543 2236 1771 2313 dicitur,
1802 2257 1920 2295 non
1959 2237 2148 2314 magis
2187 2235 2328 2298 facit
2365 2257 2470 2315 pro
2519 2238 2910 2314 Adversariis,

506 2318 645 2396 quia
670 2315 1023 2374 abstractum
1047 2314 1283 2392 ponitur
1308 2335 1412 2394 pro
1440 2325 1725 2390 concret0,
1755 2317 2005 2376 charitas
2023 2347 2032 2356 ·
2039 2336 2145 2394 pro
2184 2317 2418 2376 homine
2451 2318 2728 2376 charitate
2767 2338 2913 2395 proe·

508 2397 647 2472 dito,
679 2395 772 2453 cui
815 2394 956 2454 talia
1002 2403 1352 2472 competunt.
1438 2395 1530 2454 Ita
1573 2397 1670 2454 hic
1717 2395 2012 2473 Sapientia
2054 2395 2114 2453 in
2159 2395 2447 2455 abstracto
2493 2397 2742 2473 ponitur,
2793 2416 2912 2452 non

507 2475 849 2555 qualitative,
880 2473 983 2532 sed
1000 2475 1397 2551 personaliter,
1427 2494 1533 2552 pro
1561 2494 1633 2533 eo
1675 2475 1778 2550 qui
1821 2475 2103 2554 sapientia
2149 2475 2426 2551 praeditus
2477 2483 2582 2549 est,
2629 2475 2730 2550 qui
2773 2474 2912 2549 quia

506 2553 923 2637 perfectissime
950 2573 1077 2613 eam
1105 2553 1378 2632 possidet,
1408 2573 1525 2613 non
1552 2554 1726 2613 modo
1759 2555 2054 2633 Sapientia
2093 2552 2305 2613 dicitur
2351 2553 2412 2610 in
2456 2552 2754 2631 singulari,
2803 2551 2910 2612 scd

511 2656 670 2696 mnan
697 2634 1016 2709 Sapientioe,
1046 2634 1107 2691 in
1134 2634 1345 2711 plurali
1372 2654 1447 2693 ex
1476 2634 1858 2693 Hebraeorum
1885 2634 2196 2692 idiotismo·

588 2713 709 2772 XI.
755 2714 931 2773 Hunc
958 2721 1150 2773 autem
1177 2732 1295 2771 non
1321 2713 1497 2771 alium
1526 2732 1654 2771 esse
1681 2732 1856 2790 quam
1885 2713 2101 2771 Filium
2131 2710 2242 2770 Dei
2271 2710 2564 2769 Christum
2593 2710 2908 2769 Dominum

506 2802 765 2852 nostrum
794 2793 1104 2871 colligitur,
1134 2812 1252 2851 non
1278 2792 1452 2851 modo
1478 2812 1556 2851 ex
1602 2792 1832 2850 nomine
1876 2793 2002 2869 ipso
2029 2791 2351 2867 Sapientia,
2399 2810 2516 2866 quo
2559 2809 2712 2868 saepe
2759 2791 2910 2849 solet

504 2873 773 2950 insigniri
798 2873 861 2932 in
889 2873 1061 2931 Novo
1088 2872 1474 2945 Testamento,
1508 2872 1650 2930 Luc.
1679 2871 1783 2929 vii.
1811 2874 1907 2946 35,
1957 2874 1987 2929 1
2021 2872 2151 2930 Cor.
2181 2870 2218 2929 i.
2248 2873 2344 2945 24,
2377 2869 2481 2928 sed
2527 2878 2587 2928 et
2625 2890 2703 2928 ex
2743 2870 2906 2930 attri-

506 2953 680 3029 butis,
712 2973 841 3029 quae
868 2952 966 3010 isti
998 2950 1306 3027 Sapientia
1332 2950 1681 3025 tribuuntur,
1711 2969 1841 3027 quoe
1869 2949 1930 3007 in
1955 2950 2146 3027 ipsum
2173 2949 2468 3027 aptissime
2496 2948 2798 3025 quadrant,
2849 2958 2910 3009 et

504 3033 722 3091 nemini
747 3032 848 3090 alii
875 3038 1196 3106 competere
1222 3036 1483 3105 possunt.
1567 3028 1711 3104 Quis
1737 3029 1892 3088 enim
1924 3030 2072 3088 alius
2104 3028 2412 3107 Sapientiae
2452 3048 2662 3087 nomen
2701 3027 2910 3087 mereri

504 3119 713 3189 potest,
744 3118 803 3169 et
830 3108 1062 3185 quidem
1096 3108 1519 3184 Sapientiamm
1534 3112 1565 3169 ἶ)
1606 3109 1750 3183 Quis
1777 3109 1925 3169 alius
1951 3107 2215 3167 homines
2255 3108 2331 3167 ad
2372 3128 2435 3167 se
2475 3118 2664 3183 vocat,
2707 3128 2908 3167 veram

507 3191 709 3249 salutis
736 3188 891 3245 viam
920 3186 1105 3264 docet,
1134 3187 1265 3247 vult
1294 3188 1511 3265 Legem
1538 3197 1596 3248 et
1620 3197 1910 3267 praccepta
1938 3208 2042 3247 sua
2070 3188 2132 3246 in
2173 3188 2438 3247 Ecclesia
2477 3188 2753 3263 obtinere,
2801 3188 2908 3246 ho-

504 3270 689 3328 mines
716 3274 1045 3344 peccatores
1072 3267 1333 3327 stultitias
1361 3269 1569 3345 arguit,
1600 3277 1661 3328 et
1699 3268 2158 3327 auscultantibus
2185 3269 2383 3344 vitam,
2427 3267 2739 3327 incredulis
2765 3286 2908 3326 vero

503 3348 771 3407 ultimum
799 3346 1041 3405 exitium
1069 3346 1379 3408 denunciat
1394 3351 1423 3408 ?
1464 3348 1607 3423 Quis
1633 3348 1782 3407 alius
1819 3356 1924 3423 est,
1954 3348 2056 3425 qui
2095 3356 2404 3425 antequam
2443 3346 2694 3406 mundus
2735 3355 2906 3423 esset,

504 3426 616 3486 fuit
641 3426 796 3503 apud
825 3427 1032 3501 Deum,
1064 3434 1124 3486 et
1148 3426 1260 3505 ipsi
1288 3427 1503 3486 mundo
1532 3428 1748 3486 creanti
1775 3436 2052 3505 perpetuo
2080 3427 2265 3487 admit
2283 3430 2313 3485 P
2357 3427 2423 3486 Si
2437 3427 2480 3485 J
2483 3426 2670 3485 ehova
2697 3424 2910 3484 di'citur

504 3504 829 3585 possedisse
862 3506 1213 3584 Sapientiam
1241 3506 1315 3567 ab
1342 3506 1543 3582 initi0;
1573 3507 1780 3566 Nonne
1801 3508 2000 3566 Sermo
2022 3506 2428 3581 diciturfiu'sse
2447 3506 2505 3564 in
2523 3505 2826 3582 principio,
2855 3513 2914 3563 et

498 3587 677 3663 fuisse
704 3589 865 3663 apud
886 3588 1074 3645 Deum
1096 3589 1124 3645 ‚²
1164 3587 1263 3645 J0.
1291 3587 1331 3645 i.
1372 3590 1425 3645 1.
1512 3586 1574 3645 Si
1616 3586 1828 3646 dicitur
1868 3586 2046 3645 fuisse
2091 3586 2250 3644 Patri
2289 3586 2352 3643 in
2393 3584 2654 3661 deliciis;
2700 3584 2908 3643 Nonne

507 3666 771 3726 Christus
799 3675 889 3726 est
914 3668 1012 3733 υἱός
1041 3670 1299 3736 ἀγαπητὴ
1316 3668 1345 3725 Ρ
1374 3666 1543 3725 Matt.
1571 3665 1654 3725 iii.
1690 3670 1785 3725 17.
1869 3666 1934 3725 Si
1962 3686 1998 3724 a
2019 3666 2190 3724 Patre
2219 3664 2482 3723 ordinata
2508 3673 2599 3723 est
2625 3671 2684 3723 et
2705 3662 2905 3723 inunc-

505 3754 601 3822 ta;
646 3746 909 3805 Christus
936 3766 1126 3804 nonne
1154 3745 1541 3822 praecognitus
1566 3754 1658 3804 est
1683 3754 1818 3804 ante
1831 3745 1992 3822 jacta
2019 3744 2217 3803 mundi
2246 3742 2635 3819 fundamenta,
2665 3752 2725 3802 et
2767 3762 2906 3801 unc-

506 3833 604 3884 tus
631 3824 707 3883 ad
734 3826 998 3885 Officium
1028 3824 1435 3883 Mediatorium
1456 3828 1485 3883 Ρ
1517 3828 1547 3882 1
1582 3824 1708 3883 Pet.
1737 3825 1776 3883 i.
1807 3827 1904 3883 20.
1991 3824 2054 3883 Si
2095 3832 2229 3882 ante
2257 3824 2436 3883 colles
2464 3822 2620 3882 edita
2661 3822 2902 3897 dicitur3

508 3904 713 3962 Nonne
743 3904 1007 3963 Christus
1033 3912 1123 3962 est
1150 3912 1282 3963 ante
1310 3904 1545 3962 omnia?
1573 3904 1794 3963 Coloss.
1821 3902 1862 3961 i.
1897 3907 1989 3961 17.
2037 3904 2100 3962 Si
2127 3923 2231 3981 per
2257 3923 2384 3962 eam
2415 3902 2608 3980 Reges
2635 3910 2908 3979 regnant3

508 3984 715 4041 Nonne
734 3980 998 4042 Christus
1026 3990 1117 4042 est
1138 3982 1269 4042 Rex
1288 3982 1517 4060 Regum
1544 3991 1605 4043 et
1627 3983 1912 4042 Dominus
1931 3982 2367 4042 Dominantium
2383 3986 2412 4042 Ρ
2453 3982 2641 4059 Apoc.
2665 3982 2788 4039 xix.
2813 3984 2906 4040 16.

511 4062 576 4121 Si
606 4062 901 4139 Sapientia
928 4061 1097 4121 docet
1123 4071 1182 4122 et
1208 4062 1436 4139 clamat,
1466 4063 1731 4121 homines
1757 4070 1932 4121 vocat
1957 4071 2016 4122 ct
2034 4063 2298 4122 hortatur
2338 4062 2412 4120 ad
2453 4060 2907 4139 resipiscentiam

505 4141 749 4282 3033?
738 4150 1151 4281 emam?
1153 4150 1502 4300 3331&ss
1526 4140 2908 4300 &333¹ssoeAEaffgsssstsseiffissgssusssszzz

506 4301 723 4379 gelium
782 4300 1119 4379 praedicans,
1169 4310 1293 4361 tum
1342 4301 1589 4360 mediate
1642 4321 1748 4378 per
1803 4320 2002 4361 servos
2049 4321 2185 4361 suos
2229 4300 2566 4381 Apostolos,
2617 4318 2764 4376 quos
2807 4318 2911 4375 per

504 4390 693 4442 totum
722 4380 918 4439 orbem
947 4380 1104 4444 misit
1131 4382 1208 4441 ad
1235 4380 1528 4439 vocandos
1554 4380 1818 4439 homines
1845 4380 1920 4439 ad
1947 4382 2408 4440 communionem
2436 4380 2638 4457 gratiae
2667 4399 2785 4437 suoe
2801 4380 2831 4435 1²

588 4460 745 4520 XII.
786 4460 1049 4520 Verbum
1074 4460 1248 4517 mab-n
1288 4480 1404 4519 non
1433 4459 1607 4519 debet
1632 4460 1784 4519 verti
1810 4463 2074 4535 formata
2115 4482 2254 4537 sum,
2284 4469 2352 4519 ut
2377 4459 2596 4518 vellent
2623 4456 2911 4515 Vatablus

502 4548 567 4600 et
596 4541 819 4619 Pagai„
864 4540 969 4599 sed
1010 4542 1201 4617 yenita
1226 4560 1367 4615 sum,
1408 4548 1477 4599 ut
1504 4540 1811 4599 Chaldaeus
1839 4548 1900 4600 et
1927 4540 2120 4599 Graeci
2165 4540 2432 4614 reddunt,
2463 4537 2600 4614 quia
2624 4536 2738 4592 ἕξις-ι
2778 4556 2909 4593 ver-

506 4622 645 4681 bum
677 4620 843 4681 Pihel
890 4642 927 4679 a
968 4619 1159 4681 radice
1185 4622 1273 4682 '’w-1
1298 4639 1417 4678 non
1464 4620 1639 4679 modo
1671 4621 1976 4697 parturire
2022 4628 2201 4693 notat,
2231 4638 2412 4697 quum
2455 4616 2528 4675 de
2573 4614 2911 4693 mulieribus
