3300 5225
529 352 605 409 ⁷4
1465 374 1646 415 Locus
1677 371 1994 415 sscuunus.
2589 349 2846 433 [QUAES'I'.
2877 372 2936 413 v.

428 556 435 565 .
528 509 785 569 emnium
814 516 1007 569 tamen
1036 530 1105 570 ea
1130 520 1221 571 cst
1248 512 1566 589 sententia3
1608 532 1719 571 nec
1745 512 1957 572 desunt
1983 510 2130 569 varii
2171 508 2590 569 conciliationis
2627 508 2804 585 modi,
2833 512 2935 589 qui

527 589 745 648 nodum
773 590 1071 655 commode
1099 591 1351 651 solvunt.
1434 592 1702 667 Quidam,
1721 600 1789 651 ut
1801 592 2011 651 Jum‘toe
2037 598 2096 649 et
2117 589 2443 649 stemcllias
2469 590 2654 649 secuti
2683 590 2756 649 R.
2787 591 2936 649 Levi

528 667 645 727 ben
672 669 917 745 Gerson,
938 671 1145 729 volunt
1168 671 1231 728 in
1256 670 1409 729 libro
1436 672 1667 748 Regum
1694 670 1946 730 enarrari
1966 690 2166 729 verum
2196 668 2384 727 aetatis
2404 668 2678 727 Achaziae
2699 688 2933 745 annum,

529 766 649 823 quo
674 748 851 825 coepit
876 768 1133 825 regnare,
1164 759 1224 809 et
1250 750 1611 810 durationem
1638 750 1821 828 ipsius
1847 749 2020 809 vitm:
2061 749 2122 806 in
2147 748 2208 807 li.
2233 748 2442 807 Chron.
2466 768 2606 807 vero
2624 768 2742 807 non
2763 748 2933 807 dura-

530 826 749 887 tionem
776 826 958 903 ipsius
978 828 1131 903 vitas,
1164 828 1269 889 sed
1294 838 1567 889 maternoe
1592 829 1826 889 familiae
1849 828 2026 903 Omri,
2057 846 2134 887 ex
2152 846 2268 904 quo
2297 846 2538 904 regnare
2555 828 2730 905 coepit
2749 848 2934 905 usque

532 904 609 963 ad
636 906 765 983 ejus
791 906 981 983 finem,
1013 908 1113 985 qui
1140 908 1251 967 hoc
1278 910 1405 986 ipso
1432 929 1583 967 anno
1610 908 1930 967 clarissimo
1959 906 2072 964 Dei
2092 906 2314 999 judicio
2341 906 2618 983 contigit;
2661 908 2738 965 ob
2766 908 2936 985 cujus

530 983 779 1061 insignis
808 985 1067 1045 miraculi
1106 988 1437 1045 memoriam
1466 988 1726 1047 calculus
1763 986 1860 1044 hic
1889 985 2162 1045 Achazue
2189 986 2441 1045 tributus
2467 995 2572 1061 est,
2603 986 2704 1062 qui
2731 986 2936 1049 eodem

532 1082 703 1138 anno,
734 1084 866 1124 cum
894 1074 1103 1125 caetera
1129 1066 1359 1125 Achabi
1386 1076 1446 1126 et
1472 1066 1633 1126 Omri
1661 1066 1878 1124 familia
1911 1064 2108 1142 gladio
2136 1065 2298 1125 Jehu
2323 1065 2590 1123 sublatus
2615 1075 2740 1124 est:
2785 1067 2934 1125 Nam

535 1141 697 1201 Omri
736 1145 1003 1221 regnavit
1044 1148 1080 1204 6
1123 1146 1289 1205 annis
1328 1147 1390 1203 in
1426 1146 1621 1221 Israel,
1659 1149 1686 1204 1
1722 1146 1870 1222 Reg.
1899 1144 2024 1203 xvi.
2053 1147 2150 1203 23.
2234 1143 2442 1202 Achab
2481 1143 2637 1203 filius
2665 1145 2796 1222 ejus
2835 1149 2931 1220 22,

532 1221 717 1296 annis,
753 1225 782 1280 1
817 1224 966 1300 Reg.
994 1224 1115 1283 xvi.
1151 1227 1244 1283 19.
1329 1224 1589 1283 Achazia
1617 1225 1848 1285 Achabi
1875 1224 2031 1283 filius
2059 1227 2096 1282 2
2125 1223 2308 1299 annis,
2340 1224 2546 1285 Joram
2580 1224 2754 1301 hujus
2781 1224 2935 1283 filius

537 1302 611 1357 12
658 1301 841 1377 annis,
886 1302 987 1379 qui
1036 1303 1207 1361 simul
1255 1304 1483 1363 collecti
1528 1304 1750 1364 faciunt
1789 1323 2092 1363 numerum
2133 1306 2231 1361 42.
2274 1303 2317 1364 J
2321 1302 2501 1361 orami
2547 1310 2740 1362 antem
2779 1304 2936 1379 regis

532 1378 713 1438 Isra'el
753 1400 904 1439 anno
938 1384 1029 1457 12,
1074 1402 1315 1459 regnare
1360 1384 1535 1460 coepit
1577 1384 1672 1441 hic
1715 1383 1976 1442 Achazia
2017 1382 2150 1441 Rex
2189 1382 2384 1457 Judae,
2429 1386 2465 1439 2
2498 1382 2644 1459 Reg.
2675 1382 2796 1441 viii.
2836 1386 2933 1441 25.

494 1466 497 1471 '
532 1457 645 1532 Qui
685 1458 747 1517 in
773 1480 843 1519 ea
870 1470 1007 1519 sunt
1034 1462 1318 1521 sententia
1344 1463 1552 1523 volunt
1576 1462 1974 1541 trajectionem
2002 1481 2129 1520 esse
2157 1462 2218 1521 in
2243 1461 2440 1521 verbis
2467 1481 2524 1519 v.
2559 1464 2610 1537 1,
2640 1469 2707 1520 ut
2735 1460 2818 1519 sic
2844 1462 2930 1519 in-

530 1546 847 1615 vertantur,
896 1540 1071 1616 Cujus
1110 1542 1287 1599 matri
1327 1562 1525 1600 nomen
1550 1542 1788 1600 Athalia
1829 1552 1971 1601 nata
2021 1542 2188 1602 omn·
2226 1540 2330 1611 (id.
2375 1540 2584 1618 neptis,
2630 1548 2772 1617 puta
2814 1540 2936 1599 filia

533 1614 765 1676 Achabi
800 1618 960 1678 omri
1000 1619 1132 1699 filii)
1160 1622 1375 1698 aqentis
1403 1622 1898 1699 quadraqesimum
1921 1623 2224 1679 secundum
2247 1639 2462 1679 annum
2487 1640 2658 1695 quum
2683 1620 2934 1679 Achavia

530 1704 813 1771 rayner-et.
898 1696 1047 1772 Quia
1085 1720 1227 1759 vero
1266 1701 1517 1759 coactior
1556 1708 1615 1759 et
1657 1700 1952 1759 obscurior
1991 1698 2223 1759 videtur
2261 1698 2542 1777 trajectio,
2585 1699 2768 1758 satius
2807 1718 2936 1759 esse

530 1783 739 1852 putant
776 1776 891 1851 alii,
926 1786 996 1837 ut
1026 1797 1118 1837 an.
1154 1782 1233 1837 42
1272 1780 1507 1856 notatio,
1550 1799 1670 1838 non
1703 1779 1780 1839 ad
1819 1778 1996 1853 Omri‚
2043 1778 2146 1837 sed
2185 1778 2262 1836 ad
2291 1779 2476 1855 ipsam
2506 1778 2804 1837 Athaliam
2845 1797 2932 1837 re-

532 1852 765 1930 feratur,
808 1864 869 1913 et
908 1856 992 1914 sic
1032 1857 1293 1934 legatur3
1340 1859 1515 1935 Cujus
1554 1860 1732 1918 matri
1765 1880 1966 1918 nomen
1996 1858 2232 1917 Amal&
2266 1868 2406 1917 nata
2453 1858 2618 1918 Omri
2651 1878 2828 1934 ayma
2856 1861 2934 1915 42

531 1953 745 1991 annum
754 1958 779 2007 ;
819 1935 957 2010 quia
974 1936 1121 1995 nihil
1142 1938 1251 1996 erit
1269 1938 1427 2013 quod
1446 1939 1543 1997 vel
1564 1938 1882 1997 Achaziam
1904 1938 2000 1996 vel
2021 1937 2188 2015 regni
2206 1937 2250 1997 J
2251 1936 2444 1995 uffici
2465 1945 2680 1997 statum
2699 1937 2936 2013 propius

531 2013 859 2089 attingeret,
897 2034 1069 2091 quam
1099 2024 1260 2075 ortus
1287 2018 1541 2076 Athaliae
1583 2017 1850 2093 foeminae,
1881 2037 1998 2075 non
2031 2017 2108 2074 ad
2147 2016 2339 2075 mariti
2367 2016 2552 2075 solum
2581 2026 2640 2075 et
2665 2016 2787 2092 filii,
2831 2016 2936 2075 sed

528 2091 705 2150 etiam
746 2093 823 2151 ad
865 2094 1043 2152 totius
1088 2095 1255 2174 Reip.
1300 2104 1361 2155 et
1402 2098 1549 2174 regii
1590 2097 1874 2174 imprimis
1917 2095 2169 2170 seminis,
2208 2094 2518 2171 perniciem
2557 2105 2727 2155 natae.
2811 2094 2936 2153 Alii

527 2171 743 2247 quibus
768 2172 964 2231 durior
990 2173 1165 2233 etiam
1192 2174 1423 2234 videtur
1448 2177 1573 2235 haec
1600 2175 1943 2252 conciliatio,
1983 2175 2162 2233 aliam
2195 2174 2433 2250 addunt,
2471 2174 2609 2233 nim.
2637 2183 2704 2233 nt
2729 2176 2773 2236 J
2775 2194 2934 2233 oram

527 2258 693 2327 pater
738 2250 1011 2311 Achaziae
1054 2262 1262 2331 preter
1304 2274 1489 2315 annos
1528 2257 1696 2332 regni
1735 2263 1796 2314 et
1821 2256 1960 2315 vitm
2001 2262 2474 2313 commemoratos
2513 2254 2574 2313 in
2621 2254 2934 2331 Scriptura,

527 2330 744 2389 vixerit
784 2332 973 2393 adhuc
1014 2342 1075 2392 et
1112 2334 1370 2411 regnarit
1395 2334 1606 2412 viginti
1648 2354 1848 2411 annos,
1892 2333 2118 2395 dicatur
2144 2353 2284 2393 vcro
2309 2348 2584 2409 regnasse
2623 2342 2847 2393 tantum
2875 2338 2932 2409 8,

528 2409 697 2469 annis
732 2428 911 2485 *tv-«yma
938 2412 997 2471 in
1017 2414 1359 2487 fortitudine
1392 2434 1517 2490 cua,
1563 2413 1643 2473 id.
1689 2413 1838 2473 bene
1881 2422 1942 2473 et
1967 2413 2244 2489 feliciter3
2289 2412 2394 2471 sed
2441 2414 2514 2471 ab
2561 2432 2630 2471 eo
2678 2422 2936 2489 tempore

527 2508 645 2565 quo
674 2488 877 2547 incidit
904 2491 966 2547 in
992 2510 1199 2551 manus
1221 2492 1501 2568 Arabum,
1532 2502 1593 2553 ct
1612 2494 1815 2551 morbo
1844 2493 2012 2570 gravi
2033 2500 2328 2569 correptus
2349 2491 2474 2567 fuit,
2506 2491 2580 2550 de
2606 2511 2722 2569 quo
2743 2492 2936 2569 agitur

529 2587 581 2626 c.
610 2567 734 2625 xxi.
770 2570 861 2644 16,
897 2572 989 2646 17,
1026 2573 1117 2645 19,
1148 2576 1185 2630 2
1218 2572 1469 2648 Chroni„
1506 2592 1609 2651 per
1648 2572 1846 2649 plures
1873 2592 2054 2632 annos
2083 2572 2270 2633 adhuc
2299 2572 2528 2648 vixerit,
2561 2570 2664 2631 sed
2691 2572 2792 2648 qui
2817 2592 2934 2631 non

528 2655 905 2706 accensentur
944 2649 1129 2725 ipsius
1156 2671 1351 2728 regno,
1386 2651 1489 2710 sed
1517 2652 1793 2711 Achaziae
1819 2652 1926 2712 filii
1966 2652 2027 2710 in
2066 2653 2167 2710 lib.
2200 2653 2445 2729 Regum,
2478 2651 2615 2728 quia
2653 2651 2935 2728 inglorius

528 2723 697 2801 vixit,
728 2726 883 2786 unde
910 2728 1135 2787 nullum
1156 2730 1247 2788 sui
1274 2730 1625 2790 desiderium
1644 2731 1946 2808 reliquisse
1975 2731 2202 2807 dicitur,
2233 2751 2342 2790 nec
2363 2731 2684 2808 sepulchris
2709 2731 2932 2808 Regum

527 2803 639 2864 fuit
678 2805 892 2883 illatus,
924 2810 961 2865 2
1006 2807 1193 2867 Paral.
1238 2810 1360 2868 xxi.
1389 2829 1447 2870 v.
1477 2811 1583 2870 ult.
1669 2809 1959 2869 Achazias
1986 2831 2126 2870 vero
2166 2811 2268 2888 qui
2307 2811 2482 2888 coepit
2521 2829 2764 2887 regnare
2805 2831 2934 2869 cum

530 2883 703 2944 Patre
731 2905 881 2944 anno
911 2890 1007 2961 22,
1048 2895 1183 2964 post
1221 2898 1465 2948 mortem
1505 2909 1660 2949 anno
1701 2893 1778 2948 42
1823 2890 1981 2948 solus
2023 2909 2266 2966 regnum
2307 2890 2466 2964 adiit,
2513 2899 2573 2949 et
2614 2909 2718 2966 per
2757 2909 2932 2948 unum

528 2983 745 3023 annum
770 2973 995 3024 tantum
1024 2968 1308 3044 regnavit,
1340 2969 1497 3044 qnod
1521 2977 1762 3028 notatur
1777 2970 1838 3027 in
1857 2969 1958 3028 lib.
1985 2969 2195 3026 Parali.
2219 2969 2362 3027 xxii.
2393 2973 2450 3028 2.
2512 2968 2610 3027 Sic
2629 2969 2936 3029 conciliant

529 3053 663 3122 post
702 3044 1038 3120 Kimhium,
1082 3047 1335 3124 Mau-tyr,
1388 3050 1672 3122 Vatablus,
1721 3051 2004 3124 Lyn-anus,
2056 3057 2116 3106 et
2157 3049 2274 3122 alii,
2321 3068 2452 3124 quae
2498 3046 2610 3106 fuit
2652 3049 2936 3107 sententia

531 3123 872 3199 Hieronymi
906 3124 967 3182 in
1009 3124 1112 3183 lib.
1144 3125 1392 3204 Paralip.
1477 3128 1599 3186 Alii
1642 3127 1895 3188 fatentur
1934 3127 2207 3186 mendum
2247 3147 2376 3186 esse
2417 3128 2477 3184 in
2516 3126 2619 3185 lib.
2651 3128 2933 3204 Paralipo.

531 3220 651 3260 non
690 3221 726 3261 a
768 3202 1158 3281 Scriptoribus
1198 3207 1376 3266 sacris
1418 3206 1755 3285 profectum,
1801 3207 1906 3266 sed
1948 3207 2022 3265 ab
2066 3206 2522 3283 Excriptoribus,
2569 3206 2727 3282 quod
2770 3207 2936 3264 facile

532 3280 781 3358 irrepere
800 3283 990 3358 potuit
1009 3303 1207 3342 eorum
1228 3285 1464 3362 incuria,
1490 3287 1551 3344 in
1569 3297 1966 3367 βςιχυγςαφίςι,
1987 3305 2117 3362 quae
2137 3285 2198 3342 in
2217 3285 2551 3344 recensione
2571 3305 2936 3344 numerorum

532 3378 686 3436 saepe
730 3360 1044 3438 obtinebat,
1074 3370 1142 3421 ut
1187 3385 1271 3438 an,
1302 3365 1461 3442 quod
1488 3369 1565 3424 42
1610 3376 1790 3441 notat,
1835 3367 2088 3443 positum
2132 3365 2209 3423 sit
2247 3385 2352 3441 pro
2401 3387 2477 3438 as,
2509 3364 2668 3440 quod
2709 3369 2784 3423 22
2835 3364 2934 3423 de·

534 3439 745 3514 signat.
832 3439 951 3500 Sed
990 3451 1209 3519 negant
1232 3443 1368 3502 inde
1398 3445 1563 3521 sequi
1587 3446 1780 3504 locum
1809 3465 1936 3504 esse
1963 3443 2166 3518 ἕλω-ον,
2197 3445 2336 3520 quia
2361 3443 2528 3502 facile
2555 3443 2706 3500 solvi
2747 3453 2940 3520 potest

532 3517 738 3594 nodus,
785 3527 847 3579 et
888 3521 1113 3582 restitui
1153 3541 1294 3582 vera
1332 3523 1505 3582 lectio
1546 3544 1622 3583 ex
1666 3523 1974 3583 collatione
2020 3524 2155 3582 libri
2200 3525 2446 3600 Regum,
2493 3521 2594 3598 qui
2637 3541 2938 3582 numerum

531 3599 765 3658 veritati
791 3599 1063 3677 historioe,
1094 3609 1154 3661 et
1181 3621 1461 3662 annorum
1481 3603 1524 3663 J
1528 3603 1710 3662 orami
1737 3611 1796 3663 et
1824 3603 2098 3662 Achaziae
2125 3601 2568 3680 respondentem
2595 3601 2788 3660 refert.
2859 3602 2941 3662 Et

532 3687 760 3739 constat
777 3679 971 3739 varias
986 3682 1282 3741 versiones
1308 3683 1371 3741 in
1397 3683 1499 3742 lib.
1524 3683 1811 3760 Paralipo.
1831 3701 2132 3742 numerum
2160 3685 2238 3740 22
2257 3681 2519 3757 retinere,
2537 3688 2606 3740 ut
2625 3680 2937 3757 Syriacam,

535 3755 865 3894 {mnliim’
896 3767 958 3818 et
976 3761 1168 3819 varios
1188 3761 1433 3822 Codices
1448 3781 1671 3839 graecos
1698 3781 1837 3822 mss.
1865 3769 1932 3822 ut
1953 3761 2360 3836 Oxoniensem,
2386 3759 2937 3837 Cantabrigiensem,

532 3854 567 3893 e
666 3869 668 3872 <
712 3855 965 3897 manum.

630 3913 881 3974 XXVI.
953 3917 1103 3975 Exo.
1158 3918 1261 3976 xii.
1316 3921 1413 3995 40,
1470 3920 1753 3979 habitatio
1811 3919 2064 3978 filiorum
2121 3918 2302 3976 Isi-aiil
2365 3917 2576 3976 dicitur
2630 3915 2822 3978 futura
2879 3917 2942 3975 in

536 3991 805 4067 AEgypto
832 3994 1381 4071 quadringentorum
1418 4007 1479 4056 et
1510 3999 1751 4074 triginta
1789 4018 2104 4074 annorum3
2149 3998 2231 4057 Et
2268 4006 2464 4056 tamen
2505 3997 2655 4056 Gen.
2698 4016 2800 4054 xv.
2847 3999 2939 4070 13,

536 4069 749 4128 dieitur
774 4089 971 4129 semen
1001 4070 1255 4132 Abrahae
1282 4076 1720 4152 quadringentis
1747 4077 1916 4137 annis
1935 4076 2268 4136 vexandum
2295 4077 2370 4135 ab
2397 4074 2756 4153 alienigenis,
2786 4075 2944 4153 quod

536 4147 921 4224 confirmatur,
955 4149 1091 4210 Act.
1114 4151 1215 4211 vii.
1246 4155 1301 4212 6.
1374 4154 1699 4231 Responsio
1726 4154 1912 4214 facilis
1939 4165 2062 4216 est:
2105 4156 2256 4216 Gen.
2287 4175 2387 4215 xv.
2416 4174 2720 4214 numerum
2745 4163 2941 4213 rotun·

536 4227 677 4286 dum
704 4246 809 4304 pro
836 4228 1071 4304 obliquo
1111 4231 1265 4307 poni,
1296 4240 1361 4292 ut
1389 4251 1541 4310 saepe
1568 4232 1696 4291 fieri
1723 4235 1870 4293 solet
1896 4243 2016 4292 tam
2043 4235 2198 4313 apud
2229 4235 2438 4294 Sacros
2466 4253 2640 4311 quam
2673 4233 2944 4310 profanos

541 4305 895 4382 Scriptores3
939 4308 1076 4368 licet
1102 4329 1243 4386 ergo
1270 4311 1343 4370 ab
1372 4331 1441 4370 eo
1474 4320 1748 4389 tempore,
1793 4332 1910 4390 quo
1951 4314 2246 4373 oraculum
2285 4313 2398 4372 hoc
2439 4313 2639 4373 datum
2668 4313 2940 4386 Abrahae,

535 4406 573 4444 a
612 4405 730 4463 quo
770 4385 1127 4447 inchoandus
1170 4397 1261 4448 est
1303 4390 1411 4450 iste
1451 4409 1742 4465 numerus,
1783 4411 1986 4452 revera
2023 4391 2253 4453 effluere
2293 4392 2599 4453 debuerint
2625 4395 2748 4451 430
2772 4393 2943 4467 anni;

534 4473 911 4524 numerantur
947 4472 1170 4526 tantum
1198 4471 1334 4545 400,
1372 4470 1447 4528 ad
1488 4469 1951 4530 rotundationem
1980 4472 2221 4546 numeri,
2261 4492 2370 4532 nec
2401 4472 2550 4532 ratio
2591 4471 2838 4530 habetur
2865 4473 2944 4529 30

534 4563 834 4604 annorum.
920 4545 1089 4620 Quod
1128 4547 1179 4607 si
1212 4548 1483 4610 dicuntur
1525 4549 1802 4610 Israelita
1841 4551 2160 4610 habitaturi
2197 4552 2258 4609 in
2295 4551 2565 4630 AEgypto
2586 4553 2745 4626 ³430,
2791 4551 2942 4608 Exo-

534 4623 639 4684 xii.
682 4643 799 4684 non
839 4623 971 4686 ideo
1011 4627 1093 4704 fit,
1124 4628 1280 4705 quod
1319 4649 1423 4708 per
1450 4639 1537 4691 tot
1564 4650 1746 4692 annos
1787 4648 2018 4692 manere
2058 4630 2363 4692 debuerint
2403 4633 2466 4690 in
2495 4627 2780 4708 AEgypto,
2812 4649 2942 4689 cum
