3300 5225
506 350 621 405 184
1460 361 1645 405 Locus
1672 362 1942 405 rannus.
2565 338 2824 423 [ouAEs‘r.
2853 362 2914 404 x.

1109 498 1259 583 VII.
1280 500 1448 564 'Tres
1486 504 1766 583 temporis
1806 501 2142 563 differentiae
2181 501 2516 561 tribuuntur
2548 500 2694 579 Deo,
2727 502 2914 581 Apoc.

1028 584 1069 646 i.
1099 588 1155 662 4,
1196 604 1375 664 quum
1400 584 1616 645 dicitur
1642 587 1666 643 ο·
1695 584 1774 653 ὅν,
1801 591 1892 643 καὶ
1921 587 1944 643 ὅ
1971 581 2039 658 ἦν,
2069 587 2160 642 αἱ
2187 586 2210 641 0‘
2253 582 2516 664 ἐρχόμενος,
2547 584 2649 660 qui
2683 592 2778 660 eat,
2821 584 2926 661 qui

1032 675 1174 741 erat,
1206 675 1261 724 et
1298 665 1398 743 qui
1431 674 1699 725 ventum
1725 674 1820 742 est,
1850 684 1970 723 non
1992 664 2339 740 formaliter,
2371 663 2476 722 sed
2511 664 2828 740 eminenter,
2859 672 2922 723 et

508 748 913 826 ἅνθςαππκοός,
941 753 1009 806 ιιι
1037 745 1396 805 describatur
1433 746 1547 805 hoc
1581 744 1756 804 modo
1781 755 2076 821 uteunque
2105 743 2218 802 Dei
2259 743 2564 819 aeternitas,
2604 764 2722 802 non
2748 744 2924 804 divthe

510 825 681 903 quasi
707 825 781 885 de
806 826 911 884 illo
940 826 1268 886 successive
1294 824 1696 902 praedicentur,
1727 824 1832 883 sed
1851 824 2082 883 indivise
2108 823 2246 900 quia
2267 822 2382 882 Dei
2407 824 2700 883 aeternitas
2727 824 2924 883 omnia

510 915 773 983 tempora
800 904 973 964 simul
1000 905 1432 983 complectitur3
1476 904 1565 964 sic
1588 904 1903 964 affirmatur
1927 902 2296 981 praeteritum,
2329 902 2434 962 sed
2461 902 2585 963 sine
2611 904 2922 981 negatione

510 982 815 1063 praesentis
840 992 901 1044 et
926 984 1121 1063 futuri,
1152 992 1213 1044 et
1247 984 1524 1044 asseritur
1562 1002 1835 1062 praesens,
1879 982 1985 1043 sed
2027 983 2152 1043 sine
2191 982 2502 1061 negatione
2544 983 2821 1061 praeteriti
2863 993 2925 1044 et

512 1065 708 1140 futur-1,
739 1065 898 1143 quod
915 1066 1151 1141 Anqust.
1174 1072 1323 1124 met
1349 1065 1446 1139 99,
1476 1062 1540 1121 in
1559 1064 1604 1123 J
1606 1064 1777 1123 ohan.
1805 1063 1954 1123 bene
1981 1062 2252 1141 explicat,
2287 1065 2324 1097 ‘⁴
2346 1062 2684 1138 Quamvis,’'
2713 1061 2918 1143 inquit,

456 1156 469 1169 ·
516 1149 554 1183 ‘⁴
574 1153 781 1204 natura
808 1144 910 1202 illa
936 1143 1315 1204 immutabilis
1333 1150 1395 1202 et
1415 1141 1743 1218 ineffabilis,
1773 1162 1890 1202 non
1910 1142 2153 1221 recipiat
2162 1143 2287 1219 fixit
2298 1144 2397 1202 vel
2417 1143 2540 1219 erit,
2566 1143 2670 1201 sed
2696 1151 2924 1203 tantum

514 1234 610 1301 eat,
658 1232 851 1284 tamen
897 1232 1134 1302 propter
1176 1222 1621 1283 mutabilitatem
1665 1231 2007 1300 temporum,
2054 1223 2117 1281 in
2159 1222 2372 1300 quibus
2413 1232 2678 1282 versatur
2723 1232 2923 1283 nostra

513 1304 835 1363 mortalitas
862 1312 921 1362 et
946 1303 1322 1379 mutabilitas,
1351 1322 1471 1362 non
1496 1302 1854 1363 mendaciter
1880 1302 2143 1379 dicimus,
2175 1311 2280 1379 est,
2311 1302 2436 1379 fuit,
2467 1310 2528 1361 et
2553 1303 2679 1378 erit,
2711 1302 2821 1362 fuit
2859 1302 2922 1362 in

512 1382 819 1464 praeteritis
847 1383 1075 1459 seculis,
1116 1390 1206 1443 est
1244 1383 1307 1441 in
1332 1382 1732 1462 praesentibus,
1775 1383 1888 1443 erit
1925 1382 1986 1441 in
2026 1382 2269 1460 futuris3
2313 1382 2423 1443 fuit
2449 1383 2587 1461 quia
2627 1402 2924 1461 nunquam

514 1463 715 1538 defuit,
746 1464 856 1522 erit
881 1463 1020 1540 quia
1045 1482 1341 1540 nunquam
1367 1461 1569 1540 deerit,
1601 1471 1692 1523 est
1717 1463 1855 1541 quia
1881 1482 2107 1541 semper
2133 1464 2281 1523 est.''

599 1543 783 1602 VIII.
827 1542 957 1602 Etsi
998 1544 1288 1602 aeternitas
1330 1542 1612 1602 coexistat
1647 1543 1916 1603 omnibus
1951 1550 2276 1621 temporum
2303 1540 2658 1619 differentiis,
2687 1562 2807 1601 non
2835 1560 2926 1603 se·

518 1625 715 1703 quitur
741 1622 973 1682 easdem
1002 1624 1151 1681 inter
1180 1641 1241 1681 se
1269 1622 1607 1698 coexistere,
1638 1623 1778 1700 quia
1801 1642 1920 1681 non
1947 1622 2218 1681 coexistit
2243 1622 2361 1681 illis
2389 1622 2562 1682 simul
2595 1623 2840 1700 sumptis
2867 1630 2928 1683 et

522 1703 695 1763 simul
721 1703 1124 1777 existentibus,
1162 1702 1266 1761 sed
1306 1702 1579 1762 coexistit
1616 1702 1737 1760 illis
1763 1702 1998 1761 divisim
2025 1703 2409 1763 existentibus
2437 1710 2496 1762 et
2523 1702 2635 1761 sibi
2675 1703 2926 1762 invicem

523 1782 999 1858 succedentibus3
1046 1782 1129 1841 sic
1156 1781 1511 1858 praeteritum
1537 1779 1678 1842 dum
1705 1781 1830 1858 fuit,
1863 1782 2128 1842 coextitit
2154 1781 2478 1860 aeternitati,
2508 1802 2764 1860 praesens
2799 1783 2926 1861 jam

520 1863 808 1939 coexistit,
841 1871 899 1922 et
924 1862 1179 1922 futurum
1208 1861 1507 1922 coexistet.
2385 1908 2390 1913 .

605 1942 726 2003 IX.
770 1944 913 2019 Quae
941 1941 1293 2001 conveniunt
1332 1941 1395 2000 in
1420 1961 1537 2002 uno
1564 1941 1753 2019 tertio,
1785 1962 1856 2001 ea
1882 1942 2234 2003 conveniunt
2272 1942 2424 2003 inter
2449 1962 2528 2019 se,
2561 1943 2664 2003 sed
2703 1950 2930 2003 tantum

521 2023 784 2101 ejusdem
825 2022 983 2082 tertii
1022 2030 1307 2100 respectu.
1392 2021 1487 2080 Ita
1524 2040 1726 2081 omnes
1765 2024 2040 2101 temporis
2079 2022 2417 2082 differentiae
2457 2024 2520 2081 in
2563 2042 2632 2082 eo
2675 2022 2828 2083 inter
2867 2043 2932 2083 se

522 2103 892 2178 conveniunt,
924 2101 1082 2179 quod
1106 2120 1467 2180 unaquaeque
1488 2121 1686 2161 earum
1708 2120 1887 2179 quum
1907 2102 2124 2178 existit,
2155 2102 2428 2162 coexistit
2453 2104 2561 2162 toti
2588 2104 2930 2182 aetemitati3

522 2183 629 2243 sed
670 2203 787 2241 non
829 2181 1045 2241 debent
1082 2180 1233 2241 inter
1276 2200 1339 2241 se
1378 2181 1511 2240 ideo
1553 2182 1880 2259 convenire,
1921 2191 1990 2244 ut
2031 2182 2206 2241 simul
2249 2181 2588 2259 coexistant,
2631 2184 2770 2260 quia
2807 2191 2934 2243 tota

525 2263 815 2324 aeternitas
856 2262 974 2320 illis
1014 2280 1132 2320 non
1160 2261 1427 2321 coexistit
1452 2262 1627 2321 simul
1667 2262 1930 2339 sumptis,
1961 2262 2066 2321 sed
2105 2262 2338 2321 divisim
2378 2271 2550 2340 prout
2589 2270 2790 2322 mutuo
2819 2264 2932 2322 sibi

523 2343 856 2418 succedunt,
900 2350 967 2400 ιιι
1011 2341 1112 2401 Sol
1154 2350 1213 2401 et
1251 2349 1443 2401 motus
1486 2342 1613 2420 ejus
1655 2341 1987 2401 coexistunt
2025 2341 2293 2401 omnibus
2333 2340 2542 2401 diebus
2583 2343 2780 2419 seculi,
2821 2362 2932 2403 nee

523 2434 718 2483 tamen
744 2422 881 2480 inde
910 2422 1169 2501 sequitur
1184 2441 1286 2481 eos
1306 2441 1507 2481 omnes
1532 2422 1686 2481 inter
1711 2441 1774 2481 se
1793 2422 2132 2499 coexistere,
2163 2422 2302 2500 quia
2319 2422 2566 2499 quisque
2585 2422 2710 2481 dies
2737 2423 2800 2481 in
2826 2443 2932 2483 suo

524 2503 723 2563 ordine
753 2500 1024 2561 coexistit
1052 2521 1182 2559 eum
1210 2501 1349 2576 sole,
1379 2501 1482 2578 qui
1509 2520 1735 2577 semper
1761 2511 1850 2561 est
1876 2501 2049 2560 idem.

608 2582 694 2642 X.
740 2582 905 2641 Licet
943 2588 1171 2658 tempus
1198 2580 1484 2640 coexistat
1517 2582 1627 2640 toti
1669 2582 1991 2658 aeternitati,
2035 2600 2154 2642 non
2193 2582 2454 2659 sequitur
2479 2588 2758 2642 aeternum
2785 2601 2930 2660 esse,

526 2664 666 2742 quia
706 2663 820 2721 ista
860 2661 1217 2720 coexistentia
1256 2679 1375 2718 non
1414 2668 1503 2720 est
1544 2663 1866 2738 adoequata,
1907 2663 2074 2738 quasi
2113 2673 2308 2722 essent
2339 2662 2600 2740 ejusdem
2627 2673 2848 2722 naturae
2875 2671 2935 2723 et

528 2742 866 2817 durationis,
912 2742 1014 2800 sed
1058 2739 1422 2817 inc‘tdaequata
1466 2740 1551 2799 rei
1595 2749 1655 2800 et
1693 2741 1888 2818 quoad
1929 2751 2196 2803 naturam
2238 2751 2298 2802 et
2339 2743 2532 2820 quoad
2573 2742 2935 2803 durationem

527 2824 698 2903 plane
726 2823 1145 2898 heterogeneae.

611 2902 733 2962 XI.
777 2901 1105 2960 AEternitas
1134 2899 1245 2960 Dei
1271 2898 1643 2960 indivisibilis
1672 2901 2074 2979 complectitur
2097 2902 2291 2962 omnia
2316 2910 2575 2980 tempora
2601 2901 2934 2979 divisibilia,

530 3001 649 3042 non
687 2981 1028 3041 coextemive
1067 2981 1165 3039 vel
1192 2981 1539 3057 formaliter,
1586 2980 1691 3040 sed
1735 2983 2035 3041 eminenter
2077 2991 2136 3043 et
2182 2983 2584 3042 indivisibiliter
2596 3007 2622 3056 ,·
2661 2991 2730 3040 ut
2773 2983 2936 3042 Deus

530 3064 847 3121 immensus
874 3058 1271 3138 complectitur
1310 3061 1696 3120 immensitate
1733 3081 1840 3120 sua
1879 3081 2078 3121 omnes
2119 3063 2320 3120 mundi
2361 3071 2554 3139 partes
2580 3070 2852 3123 extensas
2877 3071 2938 3122 et

531 3141 873 3214 divisibiles,
903 3137 1041 3198 licet
1067 3159 1173 3198 sua
1197 3149 1403 3199 natura
1430 3140 1507 3199 sit
1532 3140 1920 3217 indivisibilis,
1951 3142 2089 3218 quia
2115 3142 2441 3218 ubieunque
2469 3149 2574 3218 est,
2603 3151 2762 3201 totus
2789 3151 2896 3202 est.

614 3220 771 3280 XII.
812 3221 1092 3280 Punctum
1124 3219 1221 3280 vel
1262 3226 1352 3278 est
1390 3221 1866 3296 Mathematicum,
1911 3222 2069 3299 quod
2108 3230 2198 3280 est
2238 3222 2584 3300 principium
2627 3223 2794 3280 lineae
2839 3229 2940 3281 aut

532 3300 843 3380 temporis3
886 3299 984 3358 vel
1023 3299 1321 3376 Phyaicum
1356 3308 1416 3358 et
1450 3301 1764 3376 Polaticum,
1801 3301 2146 3360 brevissima
2187 3321 2266 3361 sc.
2309 3302 2588 3376 extensi0,
2631 3302 2729 3360 vel
2769 3303 2940 3362 molis

532 3380 631 3440 vel
671 3380 980 3458 temporis3
1023 3381 1121 3438 vel
1148 3380 1608 3456 Metaphyeicum,
1640 3378 1798 3460 quod
1837 3389 2001 3439 notat
2037 3381 2392 3441 extensionis
2425 3391 2486 3440 et
2523 3381 2942 3442 divisibilitatis

533 3461 935 3540 negationem3
978 3459 1089 3518 hoc
1130 3459 1299 3519 tertio
1342 3479 1515 3518 sensu
1554 3479 1674 3519 non
1713 3469 1804 3521 est
1843 3460 2157 3521 absurdum
2197 3461 2477 3522 mundum
2517 3470 2578 3520 et
2609 3469 2837 3538 tempus
2878 3461 2943 3521 in

534 3549 749 3620 puncto
777 3539 1113 3600 aetemitatis
1140 3539 1438 3599 contineri.

617 3621 809 3680 XIII.
854 3619 1045 3696 Quum
1084 3617 1243 3679 mille
1270 3620 1407 3678 anni
1447 3617 1720 3680 dicuntur
1759 3640 1886 3680 esse
1927 3640 2120 3682 coram
2149 3621 2400 3682 Domino
2441 3621 2592 3681 sicut
2617 3641 2767 3680 unus
2795 3619 2939 3697 dies,

537 3702 635 3761 Ps.
666 3723 767 3762 xc.
789 3705 846 3760 4.
876 3719 993 3758 non
1020 3708 1245 3759 tantum
1272 3700 1467 3778 agitur
1492 3699 1566 3760 de
1594 3701 1991 3778 aestimatione,
2023 3701 2180 3778 quod
2208 3702 2369 3762 Deus
2396 3721 2514 3761 non
2554 3701 2736 3779 pluris
2769 3701 2944 3760 faciat

535 3782 696 3840 mille
722 3800 904 3840 annos
933 3799 1106 3857 quam
1134 3779 1288 3838 diem
1324 3799 1522 3856 unum,
1560 3779 1665 3839 sed
1705 3781 1880 3840 etiam
1923 3781 1995 3841 de
2037 3782 2342 3841 collatione
2382 3790 2594 3841 nostrae
2622 3780 2944 3840 durationis

538 3881 669 3940 quae
699 3869 788 3918 est
814 3862 1056 3940 ὅφάμιςος,
1088 3879 1219 3918 eum
1247 3859 1447 3918 divina
1473 3879 1603 3936 quae
1624 3869 1716 3920 est
1736 3869 1976 3937 aeterna3
2004 3870 2072 3920 ut
2098 3861 2370 3921 innuatur
2391 3861 2581 3920 Deum
2607 3870 2806 3920 nostro
2827 3880 2945 3919 non

538 3959 666 3997 esse
708 3938 1061 3997 metiendum
1105 3939 1269 4016 pede,
1314 3940 1481 4014 quasi
1526 3940 1782 4000 tardaret
1822 3940 2125 4017 promissio
2169 3941 2311 4018 ejus,
2363 3941 2474 4000 etsi
2521 3940 2704 4000 serius
2749 3949 2946 4000 nostro

535 4017 757 4096 judicio
785 4016 1123 4094 impleatur3
1167 4018 1305 4096 quia
1334 4018 1495 4077 Deus
1522 4037 1639 4077 non
1668 4019 1964 4096 subjaceat
1991 4021 2126 4080 ullis
2153 4021 2428 4100 temporis
2455 4019 2811 4096 differentiis,
2843 4019 2948 4079 sed

539 4096 699 4155 mille
728 4097 863 4154 anni
891 4115 1083 4155 coram
1114 4096 1241 4155 Deo
1268 4096 1385 4156 sint
1410 4097 1592 4156 instar
1618 4098 1790 4158 unius
1817 4099 1950 4160 diei.

625 4175 806 4234 XIV.
852 4175 1013 4234 Deus
1054 4175 1266 4234 dicitur
1290 4176 1573 4252 Antiquae
1593 4178 1853 4254 Dierum,
1899 4198 2016 4238 non
2052 4180 2210 4257 quod
2252 4181 2412 4240 senio
2441 4180 2518 4240 sit
2545 4179 2856 4254 confectus,
2888 4185 2948 4239 et

543 4265 705 4317 satur
730 4255 914 4329 annis,
944 4262 1009 4314 ut
1042 4255 1323 4314 Saturnus
1352 4255 1749 4333 Ethnicorum,
1790 4258 1894 4317 sed
1933 4259 2092 4336 quod
2129 4261 2336 4320 diebus
2375 4260 2534 4338 ipsis,
2575 4269 2634 4318 et
2659 4258 2950 4319 natalibus

542 4336 818 4413 temporis
846 4335 923 4394 sit
950 4334 1105 4411 prior
1132 4342 1190 4393 et
1218 4335 1523 4414 antiquior.
1604 4337 1748 4396 Dies
1774 4357 1913 4415 ergo
1942 4349 2002 4398 et
2025 4341 2167 4399 anni
2202 4340 2288 4399 illi
2317 4361 2434 4399 non
2460 4341 2791 4399 tribuuntur
2817 4359 2947 4417 pro-

542 4416 683 4495 prie,
716 4415 819 4474 sed
847 4414 1371 4492 anthropopathice,
1404 4416 1539 4492 quia
1564 4437 1672 4476 nos
1699 4416 1800 4494 qui
1827 4419 1888 4476 in
1915 4427 2170 4497 tempore
2200 4439 2513 4496 versamur,
2557 4421 2706 4478 nihil
2745 4437 2948 4497 possu-

542 4515 673 4556 mus
702 4495 1003 4572 concipere
1030 4494 1144 4553 nisi
1170 4513 1273 4571 per
1300 4495 1467 4572 exio-n
1494 4495 1569 4554 ad
1595 4505 1839 4574 tempus,
1871 4498 1932 4556 in
1957 4519 2075 4576 quo
2104 4519 2320 4560 sumus.

626 4576 772 4635 XV.
818 4573 1063 4650 Quando
1089 4573 1345 4640 actiones
1374 4577 1487 4635 Dei
1513 4576 1978 4655 considerantur;
2021 4580 2120 4639 vel
2147 4589 2213 4640 ut
2237 4580 2558 4658 praeteritae,
2589 4581 2688 4639 vel
2713 4586 2780 4639 ιιι
2805 4599 2950 4657 prae-

546 4665 756 4733 sentes,
786 4655 884 4714 vel
910 4663 975 4714 ut
1002 4653 1242 4732 futuroe;
1284 4656 1396 4716 hoc
1423 4655 1633 4716 dicitur
1659 4676 1776 4716 non
1802 4658 2024 4720 ratione
2051 4658 2368 4737 efficientis,
2400 4661 2503 4719 sed
2531 4658 2864 4720 effectorum
2891 4667 2953 4718 et

585 572 767 621 Fontes
788 572 924 619 Solu-

653 632 866 677 tionum.
