3300 5225
286 395 541 450 Quffls‘r.
572 375 729 460 xm]
1338 397 1417 438 nr.
1444 397 1729 442 1000010.
2224 377 2238 384 ’
2600 381 2718 440 585

284 541 420 601 1100
473 540 746 619 profecta,
777 539 1087 619 conjuncta
1131 559 1263 600 cum
1318 549 1652 620 contemptu
1707 542 1964 602 omnium
2019 539 2339 602 mediorum
2395 540 2614 618 salutis,
2661 549 2722 600 et

287 622 475 681 finali
512 621 948 700 impoenitentia.

294 741 380 787 1·'
396 741 794 846 1910100
837 701 2278 844 Priliaeffi?{g'niffiittlffiassissiusshcss'aeiimm⁸
2265 703 2725 844 ³³33&ssssss

528 815 557 843 V

367 815 585 929 zita-iton?
630 857 795 914 Evan—
838 862 1075 940 Legalis
1117 871 1360 939 tantmn,
1408 863 1513 923 sed
1565 865 1854 942 praecipue
1899 805 2276 943 Evffmmqelicae,
2327 885 2444 924 non
2499 873 2726 924 tantum

368 918 597 978 ⁸⁰¹¹⁰²³¹⁶
844 944 1201 1002 theoreticam
1228 953 1288 1004 et
1325 943 1678 1020 historicam,
1709 964 1844 1002 nam
1887 947 2216 1023 quicunque
2243 954 2487 1024 peccant
2528 953 2730 1004 contra

308 1025 623 1084 scientiam
658 1031 965 1101 peccarent
990 1023 1053 1081 in
1084 1024 1361 1101 Spiritum
1394 1024 1689 1102 Sanctum,
1736 1025 1840 1084 sed
1869 1027 2208 1102 practicam,
2249 1035 2308 1085 et
2351 1025 2728 1098 convictivam,

306 1105 461 1166 licet
486 1125 604 1164 non
618 1104 1033 1182 persuast’vam.
1119 1105 1421 1164 Convictio
1450 1113 1540 1165 est
1565 1105 1799 1182 quando
1836 1105 1969 1182 quis
2008 1125 2127 1164 non
2165 1114 2392 1166 tantum
2433 1105 2735 1183 cognoscit

312 1186 629 1245 veritatem
658 1184 985 1263 Evangelii,
1018 1183 1121 1244 sed
1148 1192 1207 1243 et
1234 1185 1294 1243 in
1321 1195 1513 1245 mente
1556 1205 1662 1244 sua
1703 1185 2009 1245 convictus
2049 1194 2139 1245 est
2169 1186 2244 1244 de
2288 1187 2414 1265 ejus
2454 1186 2732 1260 bonitate,

317 1266 472 1325 adeo
499 1274 567 1326 ut
602 1285 677 1326 ne
719 1265 944 1325 hiscere
988 1265 1221 1342 quidem
1263 1267 1448 1342 possit
1489 1275 1706 1342 contra,
1747 1266 2013 1343 quamvis
2054 1267 2232 1344 velit3
2279 1267 2585 1326 Persuasio
2627 1275 2733 1340 est,

316 1367 503 1424 quum
534 1347 665 1425 quis
692 1347 774 1406 ita
798 1365 1109 1424 persuasus
1136 1354 1242 1422 est,
1274 1355 1339 1414 ut
1366 1366 1483 1405 non
1510 1345 1684 1405 modo
1725 1366 1842 1404 non
1881 1346 2068 1424 possit
2095 1346 2502 1420 contradicere,
2535 1347 2638 1404 sed
2665 1367 2740 1404 ne

318 1427 471 1487 velit
498 1425 751 1506 quidem.
836 1426 985 1486 Ideo
1012 1427 1113 1501 qui
1136 1434 1381 1503 peccant
1408 1447 1483 1485 ex
1511 1427 1855 1505 ignorantia,
1885 1436 1952 1486 ut
1982 1427 2216 1503 Paulus,
2248 1447 2426 1504 quum
2446 1426 2740 1486 Christum

320 1507 756 1585 blasphemavit
783 1514 842 1565 01
870 1504 1195 1566 Ecclesiam
1219 1515 1558 1585 persecutus
1600 1515 1706 1582 est,
1737 1515 1796 1565 et
1837 1507 2034 1566 Judaei
2075 1508 2179 1585 qui
2221 1508 2513 1566 Christum
2557 1507 2738 1565 011101-

324 1587 599 1663 fixerunt,
623 1606 741 1646 11011
760 1595 1073 1663 peccarunt
1098 1587 1161 1646 in
1187 1587 1464 1665 Spiritum
1490 1587 1568 1663 S.,
1584 1587 1722 1665 quia
1747 1584 1811 1645 δι’
1837 1586 2038 1659 ἄγνοιαν
2059 1587 2335 1664 fecerunt,
2367 1607 2443 1646 ex
2470 1589 2740 1664 ignoran-

325 1669 413 1727 tia
436 1676 499 1726 et
527 1668 650 1726 sine
678 1666 1059 1727 convictione.

417 1748 529 1809 VI.
576 1748 661 1807 Ut
688 1768 830 1807 vero
857 1747 1069 1807 clarius
1096 1755 1322 1807 constet
1350 1767 1615 1826 quaenam
1644 1747 1901 1826 cognitio
1929 1749 2026 1808 hic
2051 1747 2390 1827 requiratur,
2423 1755 2482 1808 01
2509 1766 2748 1825 quomo-

334 1827 412 1887 do
440 1827 669 1886 differat
696 1849 731 1885 a
759 1829 1091 1906 cognitione
1125 1830 1365 1888 salutari
1390 1828 1649 1887 fidelium
1674 1851 1689 1904 3
1737 1827 2211 1907 distinguendum
2241 1837 2330 1888 001
2355 1829 2432 1888 111
2471 1830 2571 1888 lex
2584 1829 2747 1905 judi-

335 1909 483 1967 cium
522 1907 852 1967 intellectus
890 1909 1166 1986 practici:
1211 1909 1471 1967 Primum
1498 1911 1810 1968 absolutum
1838 1917 1897 1968 et
1922 1911 2178 1987 simplex,
2229 1910 2418 1968 Secun
2461 1930 2560 1968 um
2601 1929 2748 1968 com·-

330 1997 613 2066 paratum
654 1989 926 2064 primum,
959 1989 1217 2048 Tertium
1267 1999 1659 2064 comparatum
1699 1990 1969 2066 ultimum,
2003 1987 2161 2066 quod
2207 1992 2402 2048 ultimo
2431 1991 2754 2066 practicam

338 2077 596 2127 vocatur.
656 2068 807 2127 Nam
834 2077 901 2128 ut
928 2069 1159 2147 objecta
1201 2068 1308 2127 sub
1336 2068 1513 2126 variis
1541 2068 1900 2146 respectibus
1925 2079 2410 2147 repraesentantur
2437 2069 2756 2128 intellectui

339 2157 401 2209 et
428 2168 560 2207 011111
579 2148 757 2206 variis
786 2149 1247 2224 circumstantiis,
1272 2169 1403 2226 quse
1430 2168 1551 2206 rem
1572 2148 1784 2208 mirum
1804 2150 1864 2207 in
1893 2149 2127 2208 modum
2155 2151 2380 2208 variare
2409 2150 2632 2209 solent:
2665 2150 2760 2207 Ita

342 2229 574 2288 diversa
585 2226 807 2307 judicia
823 2227 1068 2288 formare
1088 2229 1251 2305 solet,
1276 2229 1448 2288 modo
1470 2228 1818 2306 absolutum,
1841 2229 1891 2288 si
1907 2249 2000 2288 res
2021 2229 2359 2306 simpliciter
2379 2230 2518 2289 etin
2537 2249 2598 2288 00
2621 2248 2757 2288 0011-

344 2309 644 2384 sideretur,
677 2328 780 2367 seu
808 2309 869 2366 in
897 2311 1047 2385 thesi,
1078 2308 1251 2368 modo
1280 2317 1690 2387 comparatum,
1723 2309 1773 2368 si
1812 2309 2140 2368 conferatur
2165 2329 2298 2368 cum
2325 2309 2456 2369 aliis
2496 2310 2558 2368 in
2585 2311 2759 2386 hypo·

346 2391 486 2448 thesi
500 2413 525 2462 ,·
567 2389 705 2466 quia
729 2408 870 2448 vero
900 2389 1132 2448 collatio
1170 2398 1362 2468 potest
1402 2389 1776 2448 multifariam
1804 2389 1945 2465 fieri,
1977 2390 2114 2448 hinc
2148 2389 2434 2467 judicium
2464 2409 2758 2467 compara·

346 2479 470 2530 tum
499 2477 692 2547 potest
719 2489 845 2528 esse
874 2469 1199 2547 multiplex,
1230 2470 1391 2528 aliud
1418 2471 1594 2547 prius,
1627 2469 1789 2528 aliud
1815 2470 2120 2547 posterius.
2206 2470 2352 2528 Cum
2381 2489 2521 2548 ergo
2549 2471 2757 2528 volun—

348 2559 441 2609 tas
468 2549 545 2608 ad
572 2549 973 2609 executionem
1000 2550 1085 2608 rei
1114 2550 1277 2628 sequi
1307 2550 1489 2610 soleat
1509 2549 1796 2629 judicium
1825 2549 2031 2609 ultimo
2069 2551 2386 2628 practicum
2412 2551 2760 2627 intellectus,

353 2631 490 2690 inde
517 2631 601 2706 fit,
632 2639 699 2690 ut
726 2631 943 2690 veritas
985 2632 1220 2709 cognita
1247 2641 1307 2691 et
1340 2632 1700 2709 apprehensa
1726 2651 1843 2690 non
1871 2630 2046 2689 modo
2075 2652 2109 2689 a
2130 2630 2352 2709 judicio
2380 2632 2634 2709 practico
2663 2632 2762 2690 ab·

352 2712 559 2787 soluto,
583 2710 687 2770 sed
714 2712 887 2770 etiam
907 2720 1257 2789 comparate,
1288 2712 1453 2789 rejici
1478 2712 1679 2789 possit,
1703 2711 1877 2770 modo
1906 2730 2022 2769 non
2052 2712 2128 2769 sit
2152 2711 2439 2771 ultimum.
2485 2712 2598 2786 Qui
2625 2732 2766 2789 ergo

284 2856 288 2859 ,
352 2801 596 2869 peccant
624 2792 685 2849 in
717 2792 992 2869 Spiritum
1017 2793 1293 2852 Sanctum
1320 2792 1383 2850 in
1411 2812 1481 2850 00
1509 2791 1783 2851 differunt
1804 2811 1839 2849 0
1865 2790 2154 2866 fidelibus,
2175 2792 2334 2869 quod
2357 2792 2612 2852 habeant
2639 2793 2764 2869 qui·

354 2870 487 2931 dem
516 2871 905 2949 cognitionem
944 2873 1198 2950 aliquam
1239 2872 1551 2951 practicam
1579 2879 1986 2949 comparatam,
2031 2870 2136 2931 sed
2174 2891 2293 2930 non
2315 2872 2599 2948 ultimam,
2631 2893 2763 2949 quse

355 2954 715 3012 voluntatem
744 2953 1071 3012 necessario
1097 2962 1231 3032 post
1270 2974 1331 3012 se
1358 2952 1536 3012 trahit
1576 2952 1653 3011 ad
1681 2952 2210 3028 sanctificationem,
2241 2953 2431 3029 qualis
2473 2961 2562 3011 est
2589 2952 2650 3009 in
2677 2973 2766 3012 re-

358 3034 590 3109 genitis,
624 3053 769 3110 quos
797 3033 881 3091 ita
906 3034 1145 3093 irradiat
1177 3034 1427 3111 Spiritus
1458 3033 1723 3107 Sanctus,
1753 3042 1820 3092 ut
1847 3032 1986 3092 licet
2015 3033 2210 3110 gravis
2239 3052 2391 3111 saepe
2421 3032 2498 3091 sit
2520 3032 2682 3092 lucta
2707 3034 2770 3091 in

358 3113 676 3188 intellectu,
701 3122 897 3171 tamen
918 3114 1115 3173 vincat
1142 3115 1377 3173 tandem
1404 3114 1611 3173 ultimo
1639 3113 1896 3191 cognitio
1916 3113 2172 3192 practica
2199 3112 2482 3189 salutaris,
2507 3132 2610 3190 per
2638 3134 2769 3191 gra-

358 3192 499 3250 tiam
526 3192 739 3269 quippe
766 3192 1043 3251 invictam
1074 3203 1133 3253 et
1160 3194 1581 3253 irresistibilem
1609 3193 1909 3271 producta.

438 3272 587 3329 VII.
610 3272 851 3346 Rursus,
876 3272 1101 3332 Lumen
1124 3274 1376 3350 Spiritus
1392 3274 1451 3332 8.
1472 3274 1836 3350 quadruplex
1857 3280 2050 3351 potest
2071 3274 2314 3351 concipi.
2364 3276 2418 3332 1.
2433 3274 2595 3333 Mere
2619 3276 2767 3333 theo-

358 3352 591 3410 reticam
614 3358 672 3411 et
688 3352 981 3428 instruens,
996 3352 1155 3428 quod
1175 3353 1329 3411 sistit
1348 3353 1408 3409 in
1428 3352 1871 3413 illuminatione.
1916 3358 1971 3411 2.
1996 3355 2288 3413 coenem.
2333 3357 2388 3413 3.
2407 3354 2767 3414 Convincens.

362 3436 418 3490 4.
454 3432 791 3491 Convertens
818 3439 877 3489 et
904 3431 1288 3491 sanctificans.
1355 3431 1577 3489 Lumen
1607 3434 1962 3490 theoreticam
1989 3432 2228 3492 irradiat
2253 3441 2477 3491 mentes
2504 3435 2773 3511 hypocri-

360 3520 549 3571 tarum
574 3534 589 3589 3
625 3512 901 3571 coercens
928 3510 1104 3570 afficit
1132 3512 1385 3571 animum
1407 3512 1732 3592 semelem,
1757 3518 1822 3570 ut
1849 3530 1884 3569 a
1911 3511 2288 3569 crassioribus
2315 3513 2568 3587 peccatis
2596 3513 2773 3572 absti-

363 3600 553 3668 neant,
579 3600 638 3651 et
659 3591 910 3668 aliquam
928 3591 1291 3651 honestatem
1317 3592 1593 3650 moralem
1622 3592 1828 3649 saltem
1857 3598 2156 3650 externam
2177 3591 2489 3667 retineant3
2535 3592 2775 3651 Convin-

364 3693 489 3731 cens
517 3679 781 3750 penetrat
821 3672 997 3731 corda
1037 3672 1398 3749 peccantium
1440 3671 1501 3729 in
1535 3672 1813 3749 Spiritum
1847 3670 2138 3746 Sanctum,
2171 3678 2231 3729 et
2257 3690 2327 3729 ea
2367 3670 2662 3731 convincit
2703 3672 2776 3731 de

366 3753 613 3812 veritate
641 3760 701 3811 et
727 3751 987 3811 bonitate
1018 3752 1346 3830 Evangelii,
1378 3752 1535 3829 quod
1563 3751 1681 3810 illis
1707 3751 2062 3829 proponitur,
2095 3750 2309 3809 additis
2336 3750 2572 3809 motivis
2599 3752 2778 3811 variis

367 3833 579 3909 quibus
608 3832 827 3910 impelli
855 3832 1133 3892 deberent
1160 3832 1233 3890 ad
1258 3831 1409 3890 illud
1436 3829 1900 3909 amplectendum
1925 3852 1940 3907 ;
1989 3830 2107 3889 Sed
2133 3834 2317 3889 lumen
2332 3833 2690 3907 persuadens
2718 3840 2778 3891 et

369 3922 691 3972 convertens
720 3912 860 3971 solis
889 3912 1059 3972 datur
1084 3912 1371 3987 fidelibus,
1403 3920 1461 3971 et
1490 3932 1559 3971 eo
1586 3910 1882 3989 pertingit,
1911 3918 1979 3970 ut
2005 3930 2122 3969 non
2154 3910 2329 3969 modo
2356 3911 2647 3970 mentibus
2675 3912 2779 3970 ali-

367 4012 543 4070 quam
570 3994 835 4053 notitiam
856 3992 1229 4052 theoreticam
1256 3991 1539 4068 insundat‚
1565 4011 1682 4050 non
1698 3991 1871 4050 modo
1893 3998 2155 4051 00010001
2175 3988 2414 4050 affectus
2433 3992 2592 4051 intus
2609 4000 2780 4052 sestu-

370 4082 552 4149 antes,
584 4082 643 4132 et
670 4073 943 4150 reprimat
983 4074 1136 4132 intra
1176 4081 1364 4132 certos
1390 4072 1713 4132 honestatis
1741 4079 1994 4130 externae
2021 4070 2254 4146 limites,
2298 4092 2416 4130 non
2443 4072 2617 4130 modo
2647 4092 2781 4131 con-

370 4154 571 4212 vincat
598 4152 671 4212 de
700 4153 948 4212 veritate
992 4153 1106 4212 ista
1150 4153 1425 4230 salutari3
1485 4152 1590 4212 sed
1630 4160 1691 4212 et
1729 4152 2076 4230 persuadeat
2117 4151 2336 4228 intime,
2382 4160 2442 4211 et
2481 4152 2557 4211 ad
2585 4172 2783 4211 veram

372 4234 739 4293 sanctitatem
767 4232 1033 4292 ducendo
1062 4234 1249 4293 solida
1276 4231 1670 4292 consolatione
1697 4231 2022 4311 perfimdat.

454 4314 636 4373 VIII.
683 4314 747 4373 Si
773 4321 1065 4391 quaeratur
1088 4332 1261 4392 porro
1288 4313 1442 4371 unde
1471 4313 1690 4372 oriatur
1715 4312 2024 4371 diversitas
2051 4312 2220 4372 istius
2247 4312 2612 4390 cognitionis,
2655 4332 2785 4389 quse

373 4402 463 4453 001
491 4393 839 4469 convictiva,
863 4412 981 4452 non
1001 4393 1341 4471 persuasiva
1356 4396 1385 4451 P
1428 4392 1602 4451 Ratio
1619 4392 1739 4470 peti
1760 4402 1952 4470 potest
1969 4412 2045 4451 ex
2074 4393 2304 4451 diversa
2327 4392 2508 4469 σχίσει,
2540 4392 2648 4451 sub
2671 4412 2786 4469 qua

376 4474 769 4551 Evangelium
798 4474 1140 4532 obversatur
1164 4472 1464 4531 hominum
1490 4472 1801 4548 mentibus,
1834 4473 1942 4531 sub
1971 4472 2118 4547 idea,
2149 4473 2247 4531 vel
2273 4473 2404 4531 boni
2431 4472 2656 4546 honesti,
2687 4472 2786 4530 vel

374 4554 642 4630 utilis,vel
647 4556 906 4632 jucundi.
951 4554 1024 4611 In
1041 4553 1311 4612 fidelibus
1328 4552 1461 4617 idea
1486 4554 1617 4611 boni
1629 4553 1844 4611 honesti
1855 4553 2148 4630 praevalet,
2171 4570 2375 4611 sensus
2390 4560 2533 4630 puta
2547 4551 2788 4610 intimus

374 4634 785 4695 misericordias
815 4634 927 4693 Dei
966 4634 1027 4692 in
1056 4632 1393 4693 remissione
1432 4640 1819 4711 peccatorum,
1851 4641 1910 4692 et
1949 4632 2010 4691 in
2053 4630 2523 4691 sanctificationis
2564 4631 2786 4708 gratia3

381 4714 499 4775 Sed
515 4715 577 4775 in
604 4715 736 4777 aliis
754 4714 887 4777 idea
906 4716 1038 4777 bom*
1058 4714 1224 4792 utilis,
1256 4714 1352 4774 vel
1364 4714 1627 4791 jucundi,
1648 4712 1788 4773 dum
1818 4712 2039 4774 scilicet
2056 4710 2444 4789 Evangelium
2472 4712 2789 4791 apprehen-
