3300 5225
1119 324 1457 370 ErlsTOLA
1497 324 2000 373 DEDICATORIA.
2652 308 2761 371 xxi

313 482 448 562 jus
498 483 782 548 beneficii
831 484 1142 561 memoria,
1195 492 1270 547 ut
1327 486 1548 549 animis
1596 486 1827 549 nostris
1863 484 2058 547 infixa
2106 489 2403 547 aeternum
2446 485 2750 562 haerebit;

323 582 438 644 ita
501 582 794 663 postulat,
833 588 910 644 ut
963 582 1128 663 grati
1180 584 1367 646 animi
1401 584 1844 647 testificatione
1876 584 2043 664 apud
2093 602 2303 647 omnes
2334 583 2749 663 praedicetur:

329 680 576 761 quue
627 680 842 761 magis,
887 680 1052 762 quod
1101 680 1324 745 exinde
1363 681 1640 761 ejusdem
1694 682 1919 746 favoris
1952 701 2075 744 non
2122 682 2385 744 obscura
2435 681 2582 746 dare
2628 703 2752 745 non

323 778 633 841 desiistis
694 784 1081 860 argumenta,
1137 799 1284 859 erga
1337 800 1438 843 me
1493 778 1819 860 imprimiS,
1884 800 2063 860 quem
2128 798 2254 841 non
2316 799 2440 843 uno
2502 781 2750 845 honoris

327 896 583 957 genere
614 883 886 939 mactum
917 876 1322 951 reddidistis3
1373 898 1498 941 non
1531 877 1713 941 modo
1764 897 2026 957 sacrum,
2070 897 2190 957 quo
2238 883 2373 939 tum
2412 878 2477 939 in
2527 878 2751 943 Eccle-

325 974 466 1053 sia,
510 983 644 1037 tum
685 974 752 1037 in
786 974 1130 1039 Academia.
1159 976 1399 1055 fungor,
1435 994 1657 1038 munus
1700 986 1931 1054 praeter
1984 994 2163 1038 omne
2212 975 2498 1037 meritum
2545 996 2748 1039 meum

323 1072 506 1135 mihi
540 1072 998 1149 committendo,
1033 1072 1142 1137 sed
1174 1080 1239 1135 et
1289 1073 1552 1154 benigne
1607 1092 1849 1152 semper
1898 1092 1995 1134 me
2050 1072 2328 1149 fovendo,
2386 1079 2452 1135 et
2505 1072 2749 1152 quales-

327 1190 594 1250 cunque
627 1177 886 1234 conatus
937 1190 1104 1235 meos
1156 1177 1412 1234 eatenus
1456 1170 1793 1251 probamin,
1839 1176 1912 1232 ut
1962 1190 2084 1233 non
2130 1168 2316 1233 semel
2352 1170 2476 1233 alio
2517 1170 2749 1233 invita-

325 1274 506 1343 tum,
541 1268 689 1331 licet
742 1268 898 1331 nihil
955 1267 1157 1331 minus
1207 1289 1390 1349 quam
1436 1270 1514 1331 de
1564 1267 1876 1330 mutandis
1930 1268 2179 1330 sedibus
2230 1267 2625 1348 cogitantem,
2679 1274 2745 1331 et

325 1365 624 1429 maxime
679 1372 828 1429 ante
875 1366 1112 1446 aliquot
1163 1386 1356 1429 annos
1413 1388 1452 1429 a
1502 1364 1867 1429 celsissimis
1916 1370 1984 1427 et
2032 1364 2547 1446 Praepotentibus,
2608 1372 2743 1428 tum

329 1463 554 1544 Belgii
583 1463 920 1545 Foederati,
953 1471 1088 1525 tum
1123 1462 1469 1527 Hollandiae
1521 1464 1877 1540 Ordinibus,
1930 1464 2009 1525 ad
2059 1462 2504 1527 Professionem
2539 1461 2743 1527 Theo-

327 1560 608 1643 logicam
637 1562 702 1623 in
737 1561 1202 1625 Florentissimo
1239 1562 1549 1625 Athenaeo
1591 1561 2167 1641 Lugduno-Batavo
2197 1560 2529 1624 honorifice
2559 1580 2743 1625 voca-

329 1668 504 1734 tum,
535 1658 830 1723 benevolo
857 1659 924 1721 in
956 1679 1054 1722 me
1087 1660 1314 1723 affectu
1347 1661 1446 1723 hic
1478 1660 1748 1723 retinere
1776 1658 2090 1722 volueritis
2116 1681 2132 1720 z
2183 1657 2319 1734 Quo
2350 1660 2515 1723 facto
2542 1678 2741 1723 meam

333 1758 524 1821 vobis
563 1757 746 1820 fidem
790 1763 858 1821 et
909 1757 1269 1837 obsequium
1322 1759 1456 1837 jam
1491 1756 1824 1833 addictum,
1878 1757 2073 1838 magis
2121 1757 2437 1838 magisque
2483 1756 2575 1819 ita
2626 1758 2740 1820 ob-

331 1855 713 1937 strinxistiS,
749 1862 822 1917 ut
855 1855 1080 1918 malum
1115 1853 1358 1918 Nomen
1391 1856 1617 1919 merito
1652 1875 1950 1937 censeret,
1986 1856 2039 1918 si
2091 1875 2232 1918 cum
2280 1855 2557 1918 debitum
2610 1854 2741 1918 dis-

331 1972 620 2033 pungere
668 1972 793 2015 non
839 1952 1092 2034 possim,
1125 1953 1388 2034 ingenue
1417 1953 1635 2017 saltem
1686 1953 1837 2016 illud
1876 1974 1998 2015 non
2047 1954 2413 2033 profiterer,
2398 1975 2413 1989 ·
2466 1968 2578 2016 nec
2631 1972 2741 2015 cu-

336 2068 574 2132 rarem,
611 2057 684 2113 ut
717 2056 1006 2117 constans
1036 2049 1282 2129 aliquod
1317 2050 1772 2114 observantiae
1756 2071 1820 2113 ιη
1852 2049 1987 2113 Vos
2020 2070 2190 2126 meae,
2226 2058 2292 2114 et
2336 2051 2501 2132 grati
2550 2048 2737 2115 animi

337 2166 593 2228 semper
621 2154 867 2211 extaret
897 2148 1354 2211 monimentum.
1425 2148 1719 2227 Accipite
1752 2168 1897 2229 ergo
1926 2168 2143 2210 serena
2168 2150 2396 2229 fronte,
2425 2149 2739 2211 AMPLIS-

335 2260 498 2307 sIMI
530 2246 922 2327 raons-ans,
969 2246 1086 2310 hoc
1115 2245 1423 2326 exiguum,
1457 2264 1578 2308 non
1613 2245 1818 2325 exigui
1874 2245 1982 2308 sed
2038 2245 2411 2310 devotissimi
2460 2242 2736 2323 obsequii

335 2343 489 2423 mei,
543 2351 608 2407 et
655 2343 1119 2423 propensissimi
1169 2364 1320 2424 erga
1371 2344 1528 2405 hanc
1562 2350 1835 2406 vestram
1886 2342 2042 2406 lucis
2093 2342 2477 2424 Evangelicae
2530 2342 2737 2405 sedem

339 2440 541 2503 studii
567 2440 830 2523 pignus3
886 2441 976 2503 Et
1025 2443 1232 2505 favere
1263 2441 1503 2522 pergite
1531 2441 1640 2516 illi,
1674 2440 1777 2522 qui
1810 2449 1884 2503 ut
1912 2460 1980 2504 se
2008 2439 2214 2505 Vobis
2246 2440 2632 2521 plurimum
2603 2460 2737 2521 Jam

341 2538 578 2601 debere
615 2540 830 2602 lubens
885 2539 1209 2620 agnoscit:
1262 2540 1368 2602 Ita
1418 2545 1621 2602 totum
1670 2560 1736 2603 se
1793 2540 1963 2604 cultu
2020 2546 2085 2603 et
2138 2540 2433 2620 obsequio
2463 2546 2737 2603 vestrum

336 2643 647 2716 perpetuo
673 2639 951 2701 fut-urum
984 2637 1312 2718 profitetur
1346 2645 1410 2700 et
1440 2639 1722 2718 spondet.
1802 2637 1980 2714 Quod
2020 2647 2319 2720 superest,
2355 2638 2556 2702 Deum
2590 2639 2736 2718 Opt.

339 2733 544 2815 Max.,
576 2755 690 2816 per
727 2757 906 2816 quem
939 2736 1146 2815 Reges
1173 2741 1456 2817 regnant,
1489 2736 1752 2817 supplex
1778 2755 2055 2812 veneror,
2102 2743 2175 2799 ut
2227 2735 2409 2799 N.N.
2445 2744 2510 2799 et
2558 2736 2732 2799 A.A.

338 2830 431 2895 D.
465 2831 550 2897 D.
583 2831 668 2898 V.
706 2832 792 2898 V.
853 2833 1164 2914 propitius
1227 2853 1473 2914 semper
1535 2834 1743 2908 adsit3
1807 2833 2279 2914 Rempublicam
2336 2831 2552 2910 Vobis,
2601 2833 2734 2897 Vos

334 2927 656 3011 Reipnbl„
693 2950 874 3011 quam
909 2929 1254 2994 diutissime
1286 2938 1543 3012 praestet
1573 2932 1931 3014 incolumes,
1952 2938 2017 2994 et
2050 2931 2214 2994 omni
2242 2931 2737 2996 benedictionum

337 3046 568 3106 genere
629 3029 920 3109 cumulet,
984 3029 1224 3109 Spiritu
1285 3049 1396 3092 suo
1451 3050 1594 3092 vere
1658 3035 1955 3114 ἡγεμονικῳ
1992 3029 2310 3110 sapientiae
2365 3037 2430 3092 et
2483 3029 2737 3093 fortitu·
2774 3085 2783 3092 .

337 3123 527 3205 dinis,
561 3125 816 3205 pietatis
845 3133 910 3190 et
945 3126 1211 3205 justitiae
1241 3125 1332 3189 ita
1361 3125 1497 3190 Vos
1524 3147 1767 3207 semper
1797 3127 2087 3209 regendo,
2121 3133 2196 3189 ut
2220 3126 2489 3190 Consilia
2532 3127 2737 3191 omnia

336 3230 550 3284 vestra
573 3220 658 3286 vad
701 3223 1088 3288 Sanctissimi
1135 3224 1420 3287 Nominis
1450 3224 1545 3288 sui
1597 3225 1877 3306 gloriam,
1918 3224 2301 3306 Reipublicae
2332 3225 2734 3306 commodum,

338 3325 408 3380 et
439 3318 736 3384 Ecclesiae
772 3321 1132 3386 felicitatem
1167 3323 1408 3386 cedant.
1493 3323 1733 3385 ΑΜΕΝ.
1829 3323 2087 3387 Dabam
2122 3323 2407 3406 Gemma,
2444 3340 2542 3389 lv,
2574 3323 2737 3388 Idus

335 3413 704 3495 Februarii,
737 3420 937 3484 Anno
972 3427 1070 3492 τῆς
1109 3428 1427 3496 Οἷκονομίας
1461 3436 1900 3487 M.Dc.1.xxlx.
