3300 5225
403 325 626 376 enzer.
655 303 858 387 xxxx]
1273 324 1353 365 ns
1381 325 1502 366 nno
1529 325 1667 385 mm,
1698 323 1777 366 nr
1802 324 2001 368 rame.
2690 311 2809 370 275

493 466 720 528 XXII.
768 465 1020 544 Spiritus
1049 464 1114 528 S.
1139 465 1396 527 nondum
1425 475 1550 527 erat
1575 475 1711 527 ante
1740 467 1957 528 Christi
1996 465 2491 546 glorificationem,
2534 467 2579 529 J
2581 469 2675 528 oh.
2704 467 2808 528 vii.

403 550 501 654 {393
545 567 666 607 non
709 546 1046 640 simpliciter
1088 554 1167 641 et·
1187 547 1470 624 absolute,
1512 547 1683 642 quasi
1732 555 1873 608 tunc
1916 546 2151 664 demum
2192 548 2471 626 inceperit
2514 567 2641 608 esse
2685 549 2811 646 ,αρ’

401 634 1273 784 ffi‘sfzzbfflzffiffiffi
1295 626 1665 786 {mitt
1688 626 2093 790 ἓῖἓὲἰῗοῗὲἔ
2113 627 2809 787 2133301220323⁰4¹2ffi¹²

1260 943 1650 1020 QUAEs'rlo
1694 945 1955 1006 xxxl.

1163 1121 1245 1163 DE
1273 1121 1538 1164 sununs
1565 1122 1614 1164 8.
1645 1121 2058 1164 Pnocnsslonn.

745 1263 841 1323 An
866 1261 1114 1340 Spiritu
1139 1262 1384 1322 Sanetus
1409 1284 1450 1322 a
1476 1265 1657 1324 Patre
1684 1271 1741 1322 et
1762 1225 2260 1340 filio-procedat!
2302 1263 2469 1323 Affir.

489 1423 540 1483 Ι.
587 1421 672 1482 Ut
699 1421 851 1481 Filio
877 1420 1151 1482 tribuitur
1166 1423 1388 1498 qima-af,
1415 1423 1510 1482 Ita
1541 1421 1782 1500 Spiritui
1813 1421 2027 1482 Sancto
2056 1421 2347 1504 διιπῦςιυσις,
2378 1441 2482 1482 seu
2502 1423 2811 1502 Eece-seio,

407 1521 524 1562 non
551 1501 724 1561 modo
749 1503 868 1562 late
897 1509 1126 1579 sumpto
1153 1503 1458 1578 vocabule,
1500 1509 1674 1580 prout
1712 1509 1880 1562 notat
1918 1501 2201 1577 originem
2242 1503 2317 1564 ab
2344 1502 2539 1580 aliquo
2564 1500 2814 1582 habere;

407 1583 492 1642 sie
511 1581 666 1642 enim
691 1601 812 1642 non
847 1581 1038 1642 minus
1067 1580 1223 1641 Filio
1261 1591 1459 1660 posset
1499 1589 1843 1659 competere,
1883 1581 1979 1642 eui
2000 1579 2155 1654 'ie-³01
2182 1591 2241 1642 et
2268 1583 2497 1656 ὃξέλωστς
2523 1583 2815 1662 tribuitur,

408 1681 590 1739 quum
616 1661 828 1722 dicitur
854 1661 1110 1721 exivisse
1151 1682 1188 1721 a
1229 1663 1418 1738 Patre,
1453 1662 1500 1722 J
1501 1662 1595 1722 oh.
1631 1660 1756 1721 xvi.
1784 1663 1882 1738 28,
1912 1670 1975 1722 et
2010 1663 2225 1722 habere
2252 1681 2523 1740 egressus
2550 1671 2815 1742 aeternos,

411 1741 592 1801 Mich.
619 1761 680 1802 v.
709 1745 782 1818 23
831 1741 949 1801 Sed
989 1741 1194 1816 stricte,
1243 1750 1530 1819 quatenus
1573 1749 1741 1801 notat
1778 1741 2199 1802 emanationem
2242 1761 2279 1801 a
2323 1743 2495 1802 Patre
2535 1751 2607 1828 et·
2645 1743 2816 1820 Filio,

410 1821 740 1880 distinctam
769 1841 806 1880 a
834 1820 973 1879 Filii
998 1821 1390 1898 generatione.

1013 1899 1102 1958 II.
1145 1900 1280 1960 Non
1305 1900 1583 1978 quaritur
1621 1899 1697 1958 de
1725 1900 2087 1962 Rouession-s
2127 1902 2430 1978 temporali
2466 1911 2525 1961 et
2560 1910 2817 1979 autema,

473 1964 825 2070 Βωῡξξοξξξξε·
933 1998 1066 2056 qun
1091 1979 1434 2040 terminatur
1451 1979 1530 2039 ad
1550 1980 1875 2054 menum,
1890 2000 1996 2058 per
2014 1999 2189 2057 quam
2210 1980 2460 2059 Spiritus
2484 1981 2545 2040 s
2572 1979 2823 2041 mittitur

936 2058 1014 2118 ad
1055 2078 1164 2118 nos
1211 2059 1673 2132 sanctificandos,
1716 2066 1777 2118 et
1818 2059 1895 2118 ad
1939 2059 2351 2137 perficiendum
2393 2079 2539 2137 opus
2576 2061 2779 2120 salutis
2803 2083 2819 2137 ;

417 2139 536 2200 Sed
561 2137 636 2200 de
663 2138 1024 2199 stocessiom
1049 2147 1262 2198 oetema
1274 2147 1344 2230 ‘et
1359 2138 1600 2212 mter-na,
1619 2157 1753 2214 quas
1770 2139 2113 2198 terminatur
2130 2137 2207 2196 ad
2226 2139 2393 2215 intra,
2423 2147 2484 2232 et
2498 2139 2645 2198 nihil
2661 2139 2823 2200 aliud

413 2227 826 2439 118τὲωὲἒᾷ
807 2219 978 2358 {3¹30
1001 2237 1294 2358 ⁶3³1?AEss
1293 2225 1554 2358 ⁶4:2ss
1582 2217 2187 2361 Enss'ssffeffi
2194 2219 2825 2376 Ἶὲἕωέξᾜὲΐὶῗιὲἳ

617 2387 680 2439 et
821 2397 912 2438 us.

415 2491 667 2544 Quomodo
703 2492 897 2538 Proces—
1019 2455 1142 2516 111.
1174 2454 1610 2516 Processionem
1636 2454 1810 2516 istam
1836 2454 2066 2515 differre
2094 2474 2131 2515 a
2151 2455 2539 2518 Generatione
2557 2455 2695 2514 Filii
2722 2475 2825 2516 ue-

477 2553 548 2597 nio
575 2550 740 2596 differt
757 2563 789 2595 ι
805 2550 900 2600 Ge-
941 2536 1068 2615 gari
1092 2555 1212 2594 non
1237 2545 1446 2615 potest,
1467 2535 1608 2630 quia
1635 2554 1698 2595 se
1718 2535 1935 2596 habent
1954 2543 2021 2596 ut
2039 2534 2191 2596 alius
2216 2543 2277 2594 et
2300 2535 2467 2613 alius,
2492 2535 2594 2614 qui
2606 2535 2828 2596 habent

473 2609 744 2659 nandonis.
940 2616 1020 2675 ad
1056 2614 1309 2677 invicem
1351 2616 1691 2676 relationem
1730 2616 2007 2693 originis;
2071 2615 2189 2676 Sed
2228 2614 2521 2693 quodnam
2566 2616 2643 2675 sit
2666 2616 2827 2677 istud

417 2695 726 2757 discrimen
753 2694 1034 2773 explicari
1057 2715 1178 2755 non
1202 2704 1412 2774 potest,
1431 2704 1492 2755 et
1517 2696 1703 2757 tutius
1728 2696 2043 2772 ignoratur,
2063 2712 2239 2772 quam
2266 2696 2591 2772 inquiritur.
2651 2694 2825 2756 Unde

417 2778 760 2835 Damaso-en.
788 2775 890 2834 lib.
911 2774 990 2835 iv.
1019 2776 1176 2835 orth.
1195 2774 1296 2835 fid.
1327 2795 1377 2835 o.
1396 2796 1458 2835 x.
1536 2772 1655 2834 ὀτι
1679 2776 1768 2852 μὲν
1792 2776 1895 2835 ἔστι
1915 2773 2135 2857 'cumaeni
2151 2778 2367 2847 wia-m
2392 2780 2483 2835 ut
2510 2774 2827 2859 διποςςΰπος

417 2859 782 2933 mad-inape»,
811 2856 885 2921 τίς
917 2852 969 2915 δι
993 2856 1169 2937 τςὸπος
1186 2852 1431 2937 'amacii‘
1445 2850 1707 2932 μηδαμῶς.
1746 2858 1833 2914 Et
1844 2858 1993 2934 Auq.
2012 2856 2113 2914 lib.
2132 2855 2213 2915 iii.
2244 2866 2396 2917 cont.
2430 2855 2615 2915 Maxi.
2634 2876 2685 2915 ο.
2702 2857 2827 2917 xiv-

422 2939 461 2971 “
484 2938 595 2995 Est
621 2936 947 2995 differentia
973 2936 1122 2995 inter
1152 2937 1598 2996 Generationem
1625 2944 1687 2995 et
1715 2935 2168 3012 Proeessionem,
2200 2934 2305 2994 sed
2330 2954 2443 3013 ego
2470 2934 2829 3014 distinguere

418 3016 634 3092 nesci0,
664 3016 804 3094 quia
827 3022 1138 3092 utrumque
1177 3015 1616 3076 inenarrabile?
1704 3015 1837 3075 Scio
1877 3016 1975 3074 hic
2016 3014 2405 3076 Scholasticos
2444 3012 2829 3076 differentiam

421 3095 594 3154 istam
620 3095 776 3154 velle
799 3102 998 3172 petere
1024 3095 1100 3153 ab
1128 3095 1458 3171 operatione
1497 3094 1831 3159 intellectus
1857 3103 1919 3154 et
1943 3094 2278 3172 voluntatis,
2306 3102 2376 3155 ut
2402 3096 2699 3173 generatio
2728 3096 2829 3154 Fi·-

420 3174 490 3233 lii
513 3173 618 3233 fiat
642 3193 746 3250 per
783 3176 1012 3233 niodum
1037 3173 1352 3249 melleam,
1381 3174 1538 3234 unde
1577 3173 1805 3233 dieamr
1843 3173 1957 3232 Dei
1983 3174 2277 3251 Sapientia
2290 3196 2317 3248 ,·
2360 3175 2661 3235 Prooessio
2688 3194 2832 3236 vero

463 3273 525 3312 er
551 3255 778 3313 modum
801 3253 1117 3329 voluntatis,
1146 3252 1301 3312 unde
1345 3251 1572 3313 dicatur
1596 3256 1779 3312 Amor
1805 3260 1867 3312 et
1896 3253 2181 3313 C'Iwu‘tas.
2284 3254 2403 3317 Sed
2444 3264 2511 3315 ut
2552 3255 2665 3315 hoc
2705 3256 2833 3318 sine

421 3272 724 3410 §criptura
751 3332 978 3409 dicitur,
1008 3332 1092 3391 ita
1115 3352 1238 3391 rem
1265 3332 1522 3410 implicat
1560 3332 1755 3410 potius
1781 3350 1957 3410 quam
1990 3333 2260 3411 explieat.
2346 3334 2557 3393 Sanius
2582 3335 2829 3411 loquun-

423 3420 535 3487 tur,
566 3412 669 3489 qui
707 3412 770 3470 in
795 3430 858 3471 re
885 3420 1006 3471 tam
1032 3410 1213 3471 ardua
1251 3411 1659 3487 balbutientes,
1690 3410 1999 3470 discrimen
2025 3412 2184 3471 istud
2210 3412 2273 3470 in
2310 3412 2497 3472 tribus
2526 3413 2833 3488 collocant,

427 3494 482 3551 1.
513 3492 586 3549 In
601 3491 905 3568 principib,
935 3490 1073 3569 quia
1099 3490 1288 3550 Filius
1329 3498 1557 3549 emanat
1583 3508 1620 3548 a
1648 3490 1821 3549 Patre
1864 3490 2005 3566 solo,
2040 3490 2289 3567 Spiritus
2334 3491 2393 3549 S.
2422 3510 2563 3550 vero
2591 3511 2627 3549 a
2657 3492 2831 3551 Patre

423 3579 486 3630 et
513 3569 666 3629 Filio
694 3570 884 3630 simul.
948 3575 1004 3629 2.
1035 3570 1306 3644 Inmodo,
1331 3569 1468 3646 quia
1491 3569 1677 3629 Filius
1705 3577 1936 3627 emanat
1961 3588 2065 3646 per
2090 3568 2247 3627 viam
2274 3569 2679 3661 generationis,
2701 3589 2832 3647 quae

423 3650 766 3710 terminatur
791 3668 909 3707 non
933 3658 1160 3709 tantum
1187 3648 1264 3709 ad
1289 3648 1775 3727 personalitatem,
1808 3646 1913 3706 sed
1954 3648 2129 3707 etiam
2156 3648 2231 3707 ad
2259 3648 2712 3725 similitudinem,
2756 3649 2835 3709 ob

425 3748 600 3806 quam
630 3727 818 3788 Filius
842 3736 1087 3789 vocatur
1110 3730 1306 3807 imago
1337 3727 1544 3802 Patris,
1574 3734 1635 3786 et
1674 3725 1995 3786 secuudum
2020 3745 2196 3804 quam
2238 3726 2425 3786 Filius
2452 3727 2663 3805 accipit
2701 3748 2834 3805 pro-

425 3809 728 3887 prietatem
770 3808 1233 3868 communicandi
1259 3806 1424 3867 alteri
1456 3806 1727 3865 Personae
1766 3804 2007 3865 eandem
2048 3806 2391 3881 essentiam;
2440 3806 2557 3865 Sed
2586 3806 2837 3885 Spiritus

427 3907 533 3967 per
558 3888 714 3947 viam
758 3888 1105 3965 spirationis,
1149 3907 1280 3965 quae
1327 3885 1668 3947 terminatur
1707 3892 1933 3945 tantum
1976 3884 2053 3945 ad
2096 3885 2591 3962 Personalitatem,
2636 3896 2695 3946 et
2731 3907 2838 3966 per

428 3987 604 4045 quam
634 3968 890 4027 Persona
915 3987 1046 4045 quas
1073 3966 1334 4045 procedit
1359 3984 1477 4023 non
1493 3965 1705 4043 accipit
1720 3965 2129 4043 proprietatem
2151 3964 2612 4025 communicandi
2640 3986 2834 4026 essen-

427 4048 571 4107 tiam
597 4047 769 4106 istam
796 4046 965 4105 alteri
992 4046 1282 4105 Personae.
1365 4048 1424 4105 3.
1468 4044 1542 4104 In
1570 4045 1785 4119 ordine,
1815 4044 1953 4122 quia
1976 4052 2044 4103 ut
2073 4044 2260 4104 Filius
2297 4052 2387 4105 est
2416 4044 2668 4105 secunda
2698 4046 2834 4105 Per·

429 4146 588 4203 sona,
624 4125 873 4203 Spiritus
898 4126 957 4185 S.
979 4146 1120 4184 vero
1140 4125 1328 4201 tertia,
1352 4124 1649 4201 generatio
1670 4123 1843 4183 modo
1864 4130 2061 4183 nostro
2082 4123 2445 4203 concipiendi
2467 4125 2837 4203 spirationem

425 4204 718 4285 praeeedit,
748 4205 886 4265 licet
911 4204 1102 4283 reipsa
1128 4206 1244 4265 sint
1271 4212 1589 4264 coaeternas.

431 4323 506 4371 Do
587 4322 912 4369 Processionis
1034 4283 1146 4344 IV.
1190 4283 1395 4359 Quoad
1421 4281 1801 4343 Proca-*sionis
1827 4282 2178 4359 Rinctpt’um
2204 4281 2447 4341 celebris
2480 4291 2570 4343 est
2598 4283 2837 4343 Contro-

490 4382 658 4429 Princi
693 4380 739 4425 io
753 4382 911 4441 diapu-
952 4364 1146 4423 versia
1183 4364 1335 4423 inter
1357 4362 1602 4433 Graecos
1643 4368 1703 4419 et
1733 4361 1989 4437 Latinos,
2020 4362 2172 4421 inter
2197 4381 2345 4439 quos
2378 4368 2571 4421 tamen
2598 4361 2670 4421 de
2700 4363 2838 4421 Dei-

721 4439 807 4484 aeci
857 4443 910 4485 0¹²
951 4443 1088 4503 tatis
1113 4443 1333 4503 unitate
1361 4450 1422 4501 et
1442 4443 1827 4501 Personarum
1846 4440 2127 4499 Trinitate
2146 4450 2235 4501 est
2255 4460 2587 4500 consensus
2672 4441 2840 4513 Quae·

957 4524 1117 4598 ritur,
1150 4522 1250 4581 An
1277 4542 1314 4581 a
1341 4521 1514 4581 Patre
1544 4520 1669 4581 solo
1709 4519 1999 4597 procedat,
2031 4519 2131 4578 An
2157 4540 2297 4579 vero
2326 4540 2362 4577 a
2390 4519 2561 4577 Patre
2578 4526 2638 4577 et
2666 4520 2839 4579 Filio.

435 4602 628 4663 Graeci
653 4603 814 4681 prius
843 4610 1122 4678 statuunt,
1147 4602 1342 4662 Latini
1369 4601 1674 4679 posterius.
1736 4600 1835 4659 Illi
1864 4608 2137 4660 accusant
2158 4599 2317 4674 istos,
2338 4598 2494 4675 quod
2514 4596 2843 4659 addiderint

491 4444 604 4485 tant
694 4454 720 4484 r

490 4496 676 4543 Latini.
