3300 5225
303 390 536 439 (μω-ετ.
567 368 704 450 vn.]
1299 386 1377 425 nr.
1406 386 1761 430 cnsuions.
2594 377 2713 434 405

299 530 486 590 totius
513 528 761 603 alicujus
786 528 965 606 urbia
994 529 1264 607 regionis,
1297 539 1354 591 et
1389 530 1556 609 regni
1596 532 1733 609 fata,
1764 552 1894 609 quse
1922 552 1999 592 ex
2024 540 2112 593 tot
2138 552 2329 593 rerum
2357 541 2416 593 et
2443 533 2711 594 consilio·

297 630 432 669 rum
460 612 742 685 σνμπλακῆ·
764 609 1038 686 oriuntur,
1070 611 1358 687 quomodo
1386 631 1462 670 ex
1490 612 1777 672 sideribus
1805 613 2013 672 deduci
2038 623 2283 691 possunt
2302 616 2331 671 Ρ

388 681 508 749 ΙΧ.
554 693 610 749 6.
658 676 720 749 Si
763 690 1026 749 Eventus
1064 691 1356 749 naturales
1399 692 1634 768 plurimi
1691 693 1923 751 nonnisi
1975 694 2352 770 probabiliter
2390 714 2467 753 ex
2509 692 2708 753 Astris

303 770 542 847 praedici
581 778 841 847 possunt,
873 778 1087 847 quanto
1119 770 1310 829 minus
1339 772 1608 847 casualia,
1639 772 1891 848 fortuita,
1923 774 2250 832 vohmtaria
2278 782 2335 832 et
2360 773 2545 832 libera
2572 794 2707 851 cog·

305 849 470 908 nosci
513 858 572 908 et
614 850 996 927 praenunciari
1042 858 1312 926 poterunt
1327 853 1356 908 Ρ
1411 851 1543 909 Non
1589 852 1802 928 poterit
1843 852 2194 930 Astrologus
2240 853 2569 931 praedicere,
2613 853 2712 912 vel

305 938 527 1005 aestum,
558 930 657 988 vel
696 929 960 1003 imbrem,-
989 928 1090 987 An
1117 929 1382 1006 agricola·
1407 932 1789 1006 serenitatem,
1820 932 1918 991 vel
1957 940 2358 1010 tempestatem
2397 953 2551 992 nunc
2580 952 2709 1010 spe-

305 1029 432 1068 rare
462 1009 686 1085 debeat,
718 1018 777 1067 et
803 1008 1038 1085 timere;
1083 1009 1163 1067 Et
1203 1008 1414 1085 poterit
1445 1019 1821 1087 compertum
1840 1011 2069 1086 habere,
2100 1032 2271 1088 quem
2300 1014 2545 1090 quisque
2572 1014 2710 1071 vitae

305 1089 527 1147 exitum
567 1090 643 1147 sit
680 1088 999 1163 habiturus,
1031 1088 1139 1146 vel'
1169 1088 1309 1164 quid
1351 1090 1578 1147 consilii
1617 1090 1881 1149 homines
1921 1090 1982 1149 in
2020 1091 2133 1150 hoc
2159 1093 2256 1150 vel
2296 1092 2399 1151 ino
2426 1112 2565 1151 casu
2594 1093 2710 1151 sint

304 1168 543 1245 capturi,
583 1168 681 1227 vel
723 1188 838 1245 quo
879 1167 1080 1227 mortis
1125 1187 1334 1243 genere
1378 1168 1494 1226 sint
1536 1169 1751 1228 obituri
1766 1172 1795 1228 P
1841 1170 1937 1228 vel
1978 1170 2136 1247 quod
2180 1171 2355 1247 longe
2397 1170 2703 1246 difficilius,

300 1267 475 1324 quam
505 1250 749 1325 quisque
791 1248 1036 1325 gratiam
1065 1246 1140 1305 ad
1157 1254 1164 1263 ’
1181 1247 1270 1305 sui
1312 1248 1747 1307 conversionem
1788 1250 1961 1307 homo
1991 1250 2066 1308 sit
2092 1258 2520 1325 consecuturus,
2552 1251 2710 1328 quod

302 1346 380 1385 ex
408 1328 531 1385 sola
563 1328 811 1404 Spiritus
842 1327 901 1385 S.
933 1326 1135 1403 gratia,
1167 1334 1226 1384 et
1252 1326 1545 1385 liberrimo
1573 1348 1654 1385 ac
1671 1348 1879 1387 arcano
1900 1329 2012 1387 Dei
2041 1328 2270 1388 decreto
2298 1329 2548 1406 pendet?

383 1405 468 1464 X.
516 1407 798 1483 Denique,
813 1414 895 1465 nt
921 1406 1036 1463 alia
1060 1406 1244 1464 multa
1269 1425 1424 1465 nunc
1450 1406 1763 1483 mittamus,
1794 1408 2097 1466 temeraria
2134 1417 2193 1468 et
2231 1409 2410 1485 impia
2448 1429 2567 1467 non
2604 1428 2709 1487 po-

299 1492 416 1543 test
441 1505 558 1543 non
586 1504 714 1545 esse
743 1485 863 1543 Ars
901 1484 1013 1542 illa-
1034 1484 1480 1561 praestigiatrix,
1497 1506 1626 1562 quse
1639 1487 1717 1545 -in
1742 1507 1955 1546 arcana
1979 1487 2093 1546 Dei
2132 1488 2447 1564 irrumpere
2475 1490 2705 1567 satagit,

296 1572 357 1623 et
402 1564 650 1623 nefando
699 1584 845 1623 ausu
893 1562 1086 1623 futura
1133 1563 1244 1622 soli
1287 1565 1414 1623 Deo
1463 1573 1602 1624 nota
1656 1565 1895 1633 definire
1942 1568 2277 1644 praesumit3
2324 1567 2467 1642 Quae
2508 1568 2707 1627 Astris

299 1652 472 1721 atque
517 1645 662 1703 adeo
704 1644 819 1721 ipsi
847 1643 1156 1703 Astrorum
1199 1642 1456 1702 Creatori
1498 1653 1865 1721 peccatorum
1902 1654 1961 1705 et
1998 1646 2289 1705 scelerum·
2320 1666 2524 1706 causas
2552 1655 2707 1706 tran·

299 1724 517 1799 scribit,
547 1733 612 1783 ut
637 1724 900 1782 homines
929 1723 1196 1782 desinant
1223 1722 1444 1800 seipsos
1465 1731 1755 1801 excutere,
1785 1733 1845 1784 et
1866 1744 2100 1785 causam
2128 1727 2409 1785 malorum
2430 1728 2705 1803 omnium,

297 1823 428 1880 quae
469 1804 703 1878 faciunt,
735 1803 832 1861 vel
871 1803 1185 1880 patiuntur,
1215 1821 1333 1861 non
1362 1803 1491 1879 sibi,
1521 1812 1588 1863 ut
1613 1812 1900 1881 tenentur,
1932 1804 2037 1864 sed
2062 1804 2276 1881 Astris,
2307 1807 2405 1865 vel
2447 1806 2575 1865 Deo
2602 1807 2705 1865 ad-

297 1884 589 1959 scribant3
635 1882 776 1957 Quae
792 1912 799 1920 ·
817 1882 1108 1941 hominem
1148 1883 1336 1959 magis
1376 1882 1452 1941 ad
1492 1892 1777 1944 astrorum
1818 1885 2377 1963 contemplationem,
2408 1904 2581 1963 quam
2629 1886 2707 1945 ad

298 1962 586 2020 Creator-is
635 1970 918 2020 astrorum
957 1962 1387 2020 venerationem
1441 1970 1500 2021 et
1547 1964 1768 2023 cultum
1812 1966 2049 2042 alligat;
2104 1965 2245 2039 Quae
2292 1966 2391 2025 vel
2436 1966 2707 2025 inanibus

294 2042 469 2100 minis
494 2041 758 2099 homines
785 2044 1031 2118 torquet,
1060 2040 1159 2098 vel
1184 2060 1336 2098 vana
1364 2060 1466 2118 spe
1493 2042 1858 2101 credulorum
1884 2045 2109 2102 animos
2134 2044 2351 2122 implet,
2382 2052 2442 2103 et
2467 2032 2705 2105 fibulam

294 2120 458 2180 laxat
487 2120 796 2195 securitati,
828 2128 886 2178 et
925 2120 1195 2197 projectae
1237 2119 1314 2177 ad
1354 2139 1522 2178 omne
1567 2122 1757 2180 scelus
1800 2118 2077 2191 audaciae,
2098 2123 2255 2200 apud
2296 2124 2446 2198 flios,
2494 2126 2706 2201 quibus

293 2200 478 2259 vitam
519 2201 848 2277 longaevam
891 2198 1194 2276 pollicetur
1220 2197 1669 2276 Astrologorum
1712 2201 2042 2275 temeritas;
2088 2202 2231 2275 Ques
2270 2209 2331 2261 et
2376 2203 2703 2281 Scripturas,

295 2290 354 2339 et
380 2288 552 2339 rectae
580 2279 790 2338 rationi
817 2278 1171 2342 adversatur,
1201 2287 1261 2336 et
1287 2296 1440 2337 verse
1467 2279 1685 2356 pietati,
1718 2300 1787 2339 ac
1813 2280 2059 2357 publicae
2087 2282 2487 2360 tranquillitati
2528 2284 2705 2343 inter·

295 2358 466 2419 cedit.
551 2358 734 2419 Unde
765 2379 884 2416 non
925 2358 1103 2417 semel
1144 2358 1374 2435 legibus
1420 2360 1687 2417 humanis
1736 2360 2182 2438 Imperatorum-
2196 2362 2518 2439 proscripta
2560 2362 2705 2443 fuit3

296 2438 604 2516 Augustus
654 2438 1002 2515 Astrologos
1048 2438 1226 2512 Urbe,
1271 2437 1537 2497 Tiberius
1591 2446 1650 2497 et
1690 2439 1967 2500 Claudius
2009 2442 2214 2517 Italia,
2228 2441 2507 2511 Vitellius
2552 2442 2707 2503 Orbe

295 2526 356 2577 et
382 2518 522 2594 vita,
555 2518 742 2594 ejecit,
787 2525 1062 2594 tanquam
1103 2517 1401 2576 hominum
1445 2537 1630 2596 genus
1672 2520 2006 2597 potentibus
2050 2521 2308 2597 infidum,
2342 2523 2707 2605 sperantibus

296 2596 494 2658 fallax.
582 2599 696 2674 Sic,
728 2598 842 2657 Tit.
871 2598 1037 2656 xviii.
1077 2597 1118 2657 l.
1150 2599 1205 2674 9,
1239 2596 1484 2674 Codicis,
1525 2600 1625 2677 qui
1660 2600 1783 2677 agit
1811 2599 1883 2659 de
1912 2601 2148 2660 crimine
2175 2601 2459 2678 maleficii,
2479 2605 2703 2662 Mathe-

297 2680 490 2736 matici
513 2699 660 2737 cum·
685 2678 962 2737 maleficis
1002 2685 1061 2736 et
1103 2678 1299 2755 Magis
1341 2681 1787 2757 conjunguntur,
1832 2689 1891 2739 et
1935 2683 2321 2758 subjiciuntur
2359 2683 2537 2762 Legis
2566 2684 2705 2742 Cor-

297 2758 466 2816 neliae
506 2778 709 2835 poenae,
741 2766 800 2817 et
839 2756 978 2833 ibid,
1011 2777 1087 2817 ss.
1118 2761 1153 2815 2
1185 2767 1244 2817 et
1272 2761 1326 2828 5,
1368 2761 1496 2817 talis
1537 2780 1637 2818 ars
1679 2763 2024 2821 damnabili-1·
2054 2771 2109 2820 et
2146 2763 2442 2832 interdieta
2483 2766 2707 2823 omnino

297 2836 524 2897 dicitur.
630 2839 832 2896 Patres
885 2838 1099 2914 passim
1155 2838 1509 2898 invehuntur
1561 2839 1842 2898 adversus
1898 2841 2073 2915 illam,
2132 2849 2199 2900 et
2248 2843 2705 2914 planetariorum

292 2915 525 2976 fraudes
567 2925 626 2976 et
665 2917 1011 2996 imposturas
1039 2926 1414 2978 execrantur:
1461 2918 1634 2978 Unde
1675 2921 1743 2977 in·
1766 2919 2025 2979 Concilio
2055 2921 2476 2980 Bracarensi··1·.·
2505 2930 2564 2981 et
2590 2923 2703 2981 To-

295 2995 487 3055 letano
517 2997 586 3073 1.,
619 2997 1186 3057 Priscillianistarum
1228 3006 1540 3057 sectatores
1581 2997 1855 3075 damnati,
1888 3009 1947 3059 et
1974 3001 2091 3059 sub
2112 3001 2495 3061 anathematis
2533 3022 2707 3080 poena

294 3076 634 3154 proscripti3
677 3076 818 3137 vide·
842 3077 1002 3154 Aug.
1021 3078 1092 3136 li.
1121 3097 1180 3135 v.
1211 3077 1284 3135 de
1313 3079 1376 3136 C.
1409 3078 1484 3136 D.
1514 3098 1565 3137 c.
1600 3082 1652 3155 l,
1685 3083 1739 3155 2,
1772 3084 1827 3156 3,
1861 3078 1969 3140 &c.
2540 3081 2547 3086 ’

900 3156 1021 3216 XI.
1065 3155 1252 3215 Aliud
1292 3164 1396 3232 est,
1429 3177 1564 3217 esse
1584 3159 1767 3235 Siqua
1803 3162 2098 3220 naturalia
2128 3163 2553 3239 Tempe-statum,
2586 3165 2701 3224 die-

816 3256 963 3310 rum,
1001 3246 1056 3294 et
1077 3237 1374 3294 Annorum
1385 3261 1414 3308 .;
1455 3237 1613 3314 quod
1654 3237 1727 3296 de
1771 3240 2179 3300 Luminaribus
2222 3242 2449 3319 dicitur,
2481 3244 2631 3302 Gen.
2660 3245 2699 3303 i.

822 3317 915 3372 14.
1000 3314 1187 3372 Aliud
1225 3322 1315 3373 est
1347 3334 1475 3374 esse
1503 3318 1684 3392 Siqua
1716 3321 2085 3394 proquo-stica
2126 3330 2439 3381 eventuum
2482 3322 2701 3382 futuro-

294 3413 441 3468 rum,
470 3412 590 3451 non
614 3391 787 3451 modo
823 3394 1279 3452 necessariorum
1316 3402 1375 3452 et
1414 3395 1779 3471 naturalium,
1812 3398 1916 3456 sed
1956 3398 2131 3458 etiam
2159 3401 2616 3480 contingentium
2644 3412 2705 3463 et

294 3471 622 3548 liberorum,
654 3472 810 3549 quod
839 3473 911 3531 de
938 3473 1055 3532 illis
1082 3493 1200 3531 non
1227 3472 1520 3532 asseri-tur.

337 3586 346 3594 ·
376 3552 532 3610 XII.
578 3553 768 3627 Quum
796 3553 994 3611 Judic.
1023 3574 1082 3612 v.
1114 3555 1210 3628 20,
1251 3552 1434 3611 stellae
1472 3552 1744 3612 dicuntur
1776 3575 1805 3614 e
1844 3560 1978 3614 coelo
2021 3557 2081 3615 in
2108 3558 2364 3618 Siseram
2393 3579 2701 3635 paynel-sse,

293 3631 410 3691 Vel
435 3632 675 3691 innuere
702 3632 890 3691 voluit
935 3631 1182 3710 Spiritus
1227 3632 1476 3692 Sanctus
1503 3633 1855 3710 simpliciter,
1887 3635 2189 3694 victoriam
2218 3637 2383 3694 illam
2408 3639 2701 3698 coelestem

291 3711 488 3790 fuisse,
519 3732 641 3770 non·
667 3712 920 3770 humana
958 3711 1294 3771 fortitudine
1335 3720 1575 3789 partam,
1613 3712 1719 3770 sed
1746 3714 1926 3773 solius
1954 3715 2069 3773 Dei
2096 3716 2384 3793 auspiciis,
2416 3724 2481 3774 ut
2509 3724 2699 3776 osten-

292 3790 464 3851 datur
504 3792 698 3850 omnia
736 3791 960 3850 favisse
992 3791 1272 3851 Israelitis
1313 3791 1390 3850 ad
1416 3791 1736 3868 victoriam,
1784 3801 1843 3852 et
1883 3794 2011 3871 ipsa
2036 3795 2201 3854 velut
2240 3804 2395 3854 astra
2435 3815 2540 3874 pro
2584 3796 2702 3857 illis

287 3891 582 3948 pugnasse
630 3871 896 3930 dicantur
941 3871 1390 3949 exaggeratione
1436 3871 1700 3948 poetica3
1745 3873 1868 3932 Vs}
1916 3874 2186 3933 dicuntur
2237 3894 2530 3954 pugnasse
2583 3896 2702 3936 non

291 3951 508 4028 influxu
547 3952 818 4027 natta-ali,
863 3951 968 4010 sed
1007 3952 1306 4010 directione
1343 3953 1786 4028 supmamrale‘,
1833 3974 1951 4013 non
1995 3954 2219 4013 actione
2260 3955 2564 4032 ordinaria,
2597 3957 2703 4015 sed

292 4031 762 4106 extraordinaria,
795 4030 1058 4090 effective
1097 4031 1308 4108 potius,
1339 4050 1512 4108 quam
1548 4031 1882 4109 formaliter,
1912 4043 2197 4111 quatenus
2225 4035 2389 4094 Deus
2416 4035 2701 4096 sideribus

291 4118 458 4169 extra
486 4110 745 4170 ordinem
772 4111 860 4171 uti
897 4111 1088 4188 potuit
1120 4110 1198 4169 ad
1236 4118 1490 4170 meteora
1516 4112 1681 4172 varia
1720 4113 2107 4191 producenda,
2138 4115 2408 4191 tonitrua,
2438 4105 2698 4194 fulmi’na,

289 4190 647 4267 grandinem,
678 4210 715 4248 a
741 4190 953 4268 quibus
984 4190 1177 4250 Sisera
1203 4211 1334 4249 cum
1363 4210 1469 4250 suo
1496 4192 1756 4252 exercitu
1782 4194 2077 4271 ingentem
2105 4194 2327 4252 cladem
2354 4214 2561 4273 passus
2589 4197 2683 4256 sit.

371 4269 562 4328 XIII.
606 4271 784 4329 Stella
811 4290 940 4346 quae
970 4270 1164 4347 Magis
1199 4270 1564 4330 nativitatem
1594 4272 1809 4332 Christi
1835 4273 2131 4349 indicavit,
2164 4275 2374 4336 Matth.
2404 4275 2463 4334 ii.
2494 4279 2550 4352 2,
2578 4296 2701 4336 non

289 4357 482 4425 potest
520 4349 716 4408 favere
759 4350 1172 4409 Genethliacis.
1220 4352 1273 4408 1.
1318 4350 1468 4425 Quia
1495 4351 1828 4428 exemplum
1855 4361 1945 4412 est
1973 4353 2282 4431 singulare,
2313 4375 2387 4414 ex
2416 4374 2533 4432 quo
2569 4375 2697 4434 per-

287 4448 486 4505 peram
516 4429 808 4506 colligitur
835 4429 1038 4506 regula
1064 4429 1386 4507 generalis:
1429 4449 1564 4488 nam
1593 4430 1644 4489 si
1684 4432 1795 4490 hoc
1825 4432 2054 4492 Christo
2083 4435 2327 4511 contigit
2354 4434 2429 4494 ob
2466 4441 2482 4462 ⁸
2582 4440 2699 4512 οχὺν

289 4509 417 4586 ejus
460 4508 847 4586 singularem3
893 4510 1027 4568 Non
1056 4510 1315 4586 sequitur
1342 4516 1401 4569 et
1428 4510 1505 4567 ad
1545 4509 1691 4568 alios
1731 4530 1901 4589 posse
1942 4513 2156 4588 pariter
2196 4515 2365 4573 trahi.
2450 4519 2505 4574 2.
2642 4517 2701 4573 ia

288 4589 458 4647 stella
484 4589 586 4649 illa
611 4589 722 4649 fuit
748 4589 1220 4664 extraordinaria,
1253 4589 1420 4667 cujus
1449 4597 1611 4648 ortus
1637 4610 1756 4650 non
1782 4592 2079 4668 naturalis,
2111 4593 2215 4652 sed
2247 4593 2697 4671 supernaturalis

286 4666 414 4728 fuit.
459 4672 515 4728 3.
560 4669 708 4745 Quia
735 4670 920 4730 stellae
960 4669 1058 4730 isti
1099 4669 1298 4730 addita
1323 4669 1450 4746 fuit,
1481 4677 1606 4730 tum
1645 4669 1872 4731 interna
1897 4679 2022 4730 tum
2050 4682 2292 4732 externa
2316 4673 2594 4732 revelatio
2621 4673 2697 4732 ad

369 3219 550 3266 Fontes
571 3220 710 3266 Solu*

439 3278 646 3322 tionum.
660 3313 670 3320 .
