3300 5225
496 367 619 432 230
1460 391 1644 436 mous
1673 393 1942 436 marios,
2435 369 2692 454 [Quaesr.
2723 389 2901 433 xxiiii

498 530 862 608 nominatum
905 529 1027 593 &d
1052 532 1397 613 quandoque
1422 541 1618 595 tamen
1643 533 1930 595 abstracte
1957 531 2218 610 sumitur,
2245 530 2404 592 unde
2427 531 2498 591 fit
2534 539 2604 592 ut
2632 531 2902 594 Personas

489 610 735 670 Divinae
785 611 1049 672 bifariam
1102 613 1569 690 considerentur3
1628 613 1727 673 vel
1781 619 2062 688 concrete,
2111 620 2178 673 ut
2221 630 2402 689 quum
2457 611 2646 670 Filius
2693 612 2904 672 dicitur

502 690 745 772 ὗπέςκω
784 692 843 750 in
866 694 1069 767 forma
1095 693 1226 767 Dei,
1259 692 1411 753 Phil.
1438 693 1500 753 ii.
1530 695 1587 754 6.
1612 692 1716 752 vel
1755 692 2058 768 abstracte,
2102 710 2282 769 quum
2312 699 2558 750 vocatur
2587 691 2903 752 Char-aeter

494 771 769 830 Persona
792 771 1004 847 Patris,
1037 772 1191 832 Heb.
1221 772 1260 832 i.
1290 773 1357 849 33
1386 771 1692 850 posteriori
1717 791 1894 832 sensu
1920 769 2496 848 conti-adistinguitur
2521 772 2805 849 essentiis,
2831 779 2902 830 nt

492 848 706 910 modus
732 850 849 925 rei3
892 851 1069 928 priori
1104 850 1354 911 includit
1392 851 1703 911 essentiam
1739 871 1872 910 cum
1910 848 2103 909 modo.
2185 849 2344 910 Hinc
2383 849 2604 927 duplex
2643 859 2771 910 orta
2808 858 2900 910 est

496 930 765 990 Personoe
788 930 1016 989 Diam
1042 929 1317 1006 definitio,
1360 930 1476 988 alia
1512 929 1872 1005 abstractiva,
1955 947 2090 988 uam
2127 927 2408 988 Calvinus
2439 937 2638 988 noster
2675 930 2897 1008 recipit,

494 1007 598 1067 lib.
627 1009 666 1069 i.
692 1009 865 1070 Iusti.
892 1029 945 1069 c.
979 1010 1071 1085 13,
1103 1028 1149 1069 s.
1186 1011 1243 1068 6.
1284 1029 1463 1088 quum
1491 1008 1808 1069 Personam
1845 949 2064 1084 deguit,
2106 1007 2525 1068 Suo-sistentiam
2563 1009 2624 1068 in
2664 1010 2900 1068 mentia

494 1088 627 1164 Dei,
658 1107 775 1165 qua
800 1092 884 1148 ad
903 1089 1047 1148 alios
1072 1091 1276 1164 relata,
1295 1089 1652 1166 proprietate
1689 1087 2192 1148 memnmm’cabilt'
2214 1088 2588 1164 distinqui'tur,
2617 1087 2898 1164 sequutus

492 1166 605 1225 hac
630 1167 692 1225 in
718 1175 880 1245 parte
908 1168 953 1228 J
954 1167 1208 1228 ustinum
1248 1177 1309 1228 et
1336 1169 1778 1243 Damascenum,
1821 1166 1922 1244 qui
1963 1185 2090 1226 eam
2117 1166 2394 1226 dixerunt
2417 1165 2597 1248 τρέποι
2627 1169 2896 1248 brigita„

492 1249 722 1306 modum
742 1247 1073 1306 subsistendi
1086 1269 1106 1304 .·
1160 1246 1301 1306 Alia
1325 1267 1466 1308 vero
1490 1247 1821 1322 σοηωτείυα,
1861 1263 1992 1324 quae
2031 1254 2122 1306 est
2147 1247 2520 1306 Mehnctom's
2559 1255 2620 1307 et
2654 1248 2852 1306 Ursini
2867 1271 2896 1322 ,-

492 1325 705 1402 quibus
732 1328 989 1386 Persona
1014 1325 1241 1402 dicitur,
1269 1327 1629 1386 Individuum
1665 1327 1971 1401 subsistens,
2011 1326 2213 1401 vivens,
2242 1326 2562 1404 intelliyens,
2592 1327 2894 1386 incommu-

490 1405 741 1481 nicabile,
770 1426 884 1465 non
908 1413 1269 1466 sustentatum
1293 1407 1365 1466 ab
1392 1407 1523 1482 alio,
1554 1415 1609 1465 et
1630 1408 1788 1483 quod
1807 1425 1922 1464 non
1947 1415 2028 1463 est
2041 1424 2190 1482 pars
2217 1407 2467 1465 alterius.
2538 1405 2652 1464 1112
2676 1406 2894 1484 perfec·-

490 1485 708 1544 tionem
731 1484 1113 1544 Personarum
1136 1485 1479 1546 Divinarum
1504 1486 1733 1564 plenius
1753 1484 2058 1564 exprimit3
2102 1484 2228 1544 Ista
2246 1485 2550 1544 veritatem
2576 1485 2890 1545 subsisten-

491 1563 589 1623 tiae
616 1581 813 1624 earum
841 1563 1053 1624 clarius
1078 1563 1287 1625 innuit.

718 1700 731 1714 ,
1094 1643 1216 1703 IX.
1260 1645 1317 1704 6.
1362 1642 1635 1720 Sequitur
1659 1662 1782 1702 vox
1811 1642 2120 1718 ffinitatxk,
2148 1641 2381 1722 propria
2403 1641 2541 1702 huic
2574 1641 2889 1720 mysteri03

577 1698 625 1746 ⁶·
646 1699 881 1749 Trinitas.
1012 1739 1144 1800 quae
1182 1722 1321 1783 licet
1357 1722 1422 1781 in
1446 1723 1737 1782 abstracto
1777 1741 1896 1781 non
1919 1730 2083 1796 extet
2121 1722 2184 1780 iii
2225 1721 2536 1799 Scriptura,
2563 1722 2776 1799 legitur
2801 1729 2889 1781 ta·

491 1817 627 1858 men
650 1798 715 1857 in
739 1807 1025 1876 concreto,
1061 1803 1092 1860 l
1122 1801 1169 1862 J
1168 1820 1223 1861 o.
1250 1819 1309 1861 v.
1340 1805 1397 1878 7,
1426 1809 1492 1862 ιιι
1516 1819 1635 1860 non
1661 1819 1810 1895 opus
1843 1801 2017 1862 fuerit
2044 1801 2379 1860 Pontificios
2397 1799 2558 1860 illam
2585 1820 2661 1860 ex
2844 1801 2860 1816 ‘

490 1879 649 1938 tione
676 1897 965 1939 arcessere
991 1880 1071 1939 ad
1096 1899 1328 1941 eausam
1352 1880 1491 1940 fidei
1516 1880 1805 1942 haereticis
1829 1879 2202 1958 prodendam,
2222 1881 2495 1958 cumipse
2515 1882 2665 1940 Bell.
2691 1881 2796 1940 lib.
2824 1881 2887 1941 ii.

489 1957 564 2016 de
594 1957 727 2016 Chr.
766 1977 817 2016 c.
844 1979 904 2018 v.
946 1958 1194 2020 fateatur
1231 1960 1572 2023 Trinitatem
1622 1960 1902 2020 evidenter
1940 1959 2151 2020 deduci
2189 1979 2266 2020 ex
2311 1959 2641 2038 Scripturis.
2724 1959 2892 2020 Licet

486 2056 629 2096 vero
657 2039 813 2118 Τςιὸς
831 2038 1165 2100 Graecorum
1180 2039 1448 2100 videatur
1472 2045 1698 2100 tantum
1725 2059 1804 2098 ex
1821 2039 2008 2118 prima
2031 2038 2282 2099 nominis
2307 2038 2672 2118 impositione
2691 2058 2890 2118 quem·-

486 2117 633 2176 libet
672 2116 984 2176 ternarium
1024 2137 1214 2178 rerum
1239 2137 1542 2180 numerum
1566 2127 1769 2178 notare
1781 2140 1802 2195 ς
1858 2125 2052 2177 tamen
2092 2137 2213 2178 vox
2253 2118 2383 2196 ista,
2413 2127 2480 2178 ut
2503 2119 2702 2178 multae
2739 2119 2886 2194 alise,

486 2215 653 2256 sacra
676 2195 831 2256 facta
856 2204 946 2256 est
972 2196 1381 2259 Ecclesiastico.
1406 2197 1837 2274 consuetudins,
1867 2205 1928 2256 et
1968 2196 2078 2256 soli
2100 2196 2240 2258 huic
2278 2199 2556 2276 mysterio
2573 2198 2700 2258 κατ’
2725 2199 2892 2276 {gazin

486 2274 825 2354 applicatur.
910 2277 1160 2338 Trinitas
1199 2287 1393 2338 autem
1419 2276 1647 2352 dicitur,
1691 2296 1812 2336 non
1841 2277 2182 2353 ffllicitas,
2225 2296 2358 2355 quse
2385 2278 2670 2338 Essentiae
2696 2279 2890 2339 multi-

482 2354 855 2434 plicationem
881 2353 1132 2418 inferret.
1192 2357 1403 2417 'Pi-inus
1430 2376 1571 2434 ergo
1597 2355 1811 2417 dicitur
1837 2355 2018 2434 Deus,
2047 2375 2166 2416 non
2183 2357 2418 2436 triplex,
2446 2358 2584 2436 quia
2608 2367 2728 2418 tres
2755 2365 2891 2418 sunt

488 2435 776 2511 Personae,
807 2433 912 2494 sed
932 2436 1109 2497 unica
1132 2455 1373 2498 numero
1402 2435 1691 2496 Essentia.
1767 2495 1784 2514 ,

668 2573 681 2592 .
775 2572 790 2591 ,
1100 2515 1188 2575 X.
1217 2519 1275 2576 7.
1319 2515 1464 2575 Post
1478 2535 1684 2574 vocem
1709 2513 2032 2590 Trinitatis,
2055 2512 2500 2594 expendendum
2525 2522 2616 2575 est
2629 2519 2686 2574 τὶ
2710 2511 2885 2591 ὅμοι’»-

594 2573 639 2622 7·
660 2592 890 2635 opum-v.
1016 2620 1133 2661 nov,
1182 2593 1255 2655 de
1298 2614 1415 2674 quo
1462 2601 1550 2655 tot
1589 2593 1725 2655 lites
1767 2593 1830 2654 in
1877 2594 2154 2656 Ecclesia
2185 2595 2370 2655 veteri
2413 2593 2678 2654 excitatae
2731 2601 2886 2655 sunt.

486 2674 667 2752 Origo
688 2674 959 2735 vocabuli
972 2672 1222 2751 petenda
1246 2683 1337 2735 est
1362 2694 1439 2733 ex
1464 2674 1678 2733 haeresi
1705 2672 1928 2733 Ariana
1949 2697 1964 2751 ς
1994 2694 2125 2734 cuin
2153 2675 2307 2734 enim
2323 2673 2500 2733 variis
2518 2673 2706 2732 modis
2733 2673 2888 2732 elabi

485 2774 713 2832 semper
738 2762 1042 2815 conaretur
1068 2753 1265 2829 Arius,
1295 2753 1529 2813 fatendo
1558 2753 1852 2814 Christum
1891 2772 2019 2813 esse
2055 2754 2262 2831 Deum,
2301 2752 2406 2814 sed
2445 2760 2578 2811 ante
2607 2751 2884 2811 mnndum

485 2840 759 2910 creatum,
790 2834 907 2892 imo
935 2832 1213 2911 genitum,
1243 2833 1345 2910 qui
1383 2833 1623 2893 haberet
1650 2833 1980 2893 Essentiam
2008 2832 2300 2907 Divinam,
2345 2830 2450 2890 sed
2485 2831 2884 2909 participatam

486 2920 547 2973 et
572 2912 1027 2992 dependentem3
1068 2910 1304 2972 tandem
1328 2921 1398 2974 ut
1423 2912 1617 2973 omnia
1641 2912 1732 2972 illi
1759 2912 1974 3006 effugia
2038 2911 2416 2971 raecluderent
2441 2908 2782 2985 orthodoxi,
2819 2910 2884 2969 in

485 2992 745 3052 Concilio
770 2992 1013 3052 Nicaeno
1039 2990 1313 3053 dixemnt
1338 3010 1466 3052 esse
1491 2991 1737 3069 ὅμοοῦσιοι
1759 2993 1935 3067 Patri,
1965 2992 1986 3049 i
2031 3034 2046 3051 .
2074 2992 2318 3067 q’usdem
2341 2998 2564 3049 nawroe
2603 2996 2662 3048 et
2687 3006 2881 3048 essem
2975 3020 2981 3025 ·

482 3072 600 3131 tiss.
676 3072 922 3147 Quantae
946 3090 1090 3131 vero
1112 3070 1298 3130 turbae
1322 3080 1557 3150 propter
1582 3072 1694 3131 hoc
1719 3071 2070 3131 vocabulum
2097 3078 2248 3129 natas
2277 3069 2408 3145 sint,
2439 3086 2606 3127 nemo
2633 3067 2880 3145 ignorat,

482 3150 599 3209 nisi
638 3151 740 3228 qui
766 3150 829 3210 iii
854 3150 1099 3211 historia
1125 3150 1535 3212 Ecclesiastico.
1564 3152 1738 3230 plane
1765 3158 1855 3210 est
1888 3149 2119 3229 hospes.
2183 3146 2644 3207 criminabantur
2669 3148 2882 3225 quippe

482 3228 694 3289 Ariani
721 3229 1105 3306 Orthodoxos,
1134 3248 1337 3291 reeens
1378 3249 1506 3292 esse
1544 3232 1846 3291 inventum
1875 3230 2114 3288 Petrum
2153 3228 2538 3303 Nicaenorum,
2567 3226 2882 3286 Veteribus

430 3326 438 3335 ·
481 3308 654 3387 plane
690 3309 972 3387 ignotum,
1002 3328 1149 3388 quos
1174 3318 1478 3403 propterea
1502 3308 1916 3370 Honwioianos
1941 3307 2244 3381 vocabant,
2275 3306 2432 3383 quod
2457 3314 2651 3366 tamen
2670 3305 2881 3365 falsum

482 3407 609 3449 esse
632 3388 803 3449 docet
829 3389 1089 3450 Athana.
1116 3408 1193 3450 ex
1222 3390 1437 3469 Diony.
1468 3390 1637 3450 Rom.
1669 3388 1913 3464 Dionys.
1942 3385 2121 3446 Alex.
2161 3385 2265 3464 qui
2299 3393 2432 3445 ante
2459 3392 2720 3445 exortam
2748 3384 2882 3444 Arii

480 3468 749 3529 haeresim
776 3474 895 3529 noh
920 3469 1100 3529 semel
1118 3488 1322 3529 vocem
1347 3469 1499 3530 hanc
1524 3471 1890 3546 usurparunt.
1935 3465 2081 3525 Cum
2106 3482 2248 3525 vero
2276 3463 2482 3523 Ariani
2507 3464 2617 3523 hac
2643 3483 2788 3524 voce
2817 3484 2880 3523 se

482 3546 803 3627 constringi
828 3547 1110 3625 viderent,
1138 3548 1216 3607 ad
1253 3547 1514 3609 fraudem
1555 3544 1836 3619 conversi,
1865 3544 2058 3603 conati
2086 3551 2224 3603 sunt
2246 3544 2420 3604 unius
2445 3543 2690 3603 literulae
2715 3542 2879 3602 addi-

481 3628 656 3703 tione,
700 3646 929 3687 omnem
982 3628 1103 3687 vim
1156 3627 1325 3689 istius
1369 3627 1534 3687 vocis
1586 3626 1976 3699 intervertere,
2027 3630 2406 3700 agnoscentes
2455 3622 2670 3681 Filium
2719 3622 2882 3683 Patri

482 3706 760 3785 ὅμωώστσ,
791 3706 870 3767 id.
891 3708 1084 3767 similis
1110 3708 1370 3783 essentioe,
1390 3706 1495 3765 sed
1518 3723 1637 3763 non
1665 3700 1923 3780 ὅμωῦων,
1947 3710 2014 3761 ιιι
2029 3710 2194 3762 notat
2217 3704 2422 3761 Theod.
2445 3702 2547 3761 lib.
2576 3702 2637 3761 ii.
2657 3702 2794 3762 hist.
2825 3722 2879 3762 c.

488 3789 583 3861 18,
614 3787 741 3847 etl.
769 3806 829 3847 v.
858 3807 909 3847 c.
951 3790 1049 3847 21.
1134 3785 1292 3845 Hinc
1331 3784 1547 3845 factum
1584 3790 1654 3842 ut
1693 3783 1754 3839 in
1796 3780 2056 3841 Concilio
2097 3781 2346 3841 Arimin.
2388 3780 2763 3859 simpliciores
2804 3780 2880 3840 ab

480 3864 718 3925 Arianis
745 3865 971 3945 decepti
993 3871 1050 3926 τὶ
1072 3864 1331 3941 spanhem
1356 3864 1417 3923 in
1442 3863 1635 3923 locum
1659 3868 1750 3921 τοῦ
1775 3863 2030 3937 imolas
2054 3860 2445 3939 reponendum
2465 3860 2878 3935 consenserint,

480 3944 635 4004 unde
674 3946 885 4005 Ariani
928 3946 1257 4005 Catholicos
1288 3944 1351 4002 in
1392 3960 1529 4001 suas
1568 3948 1764 4033 partes
1805 3939 2102 4000 transiisse
2145 3940 2570 4018 gloriabantur3
2635 3938 2740 3999 sed
2779 3938 2882 3997 alii

479 4034 811 4085 constanter
834 4025 1183 4097 restiterunt,
1214 4030 1275 4081 et
1301 4020 1661 4080 Athanasius
1679 4020 1875 4080 fucum
1901 4018 2141 4097 detexit,
2170 4018 2310 4080 dum
2335 4038 2456 4079 non
2482 4018 2745 4095 similem,
2776 4017 2882 4079 sed

478 4103 721 4163 eandem
750 4104 813 4162 in
840 4104 1011 4161 Patre
1039 4110 1099 4161 et
1127 4100 1279 4159 Filio
1304 4099 1614 4160 essentiam
1640 4118 1769 4159 esse
1795 4098 2011 4159 docuit.

561 4182 682 4240 XI.
726 4182 1036 4259 Perperam
1062 4197 1202 4239 vero
1233 4178 1587 4255 Gurcellaeus,
1618 4178 1720 4257 qui
1745 4197 1958 4256 magno
1984 4176 2278 4239 molimine
2303 4183 2359 4238 τὶ
2389 4176 2634 4255 ὅμωῦστοι
2657 4194 2880 4255 oppug-

478 4269 595 4335 nat,
625 4260 917 4336 pertendit
942 4258 1055 4318 hoe
1080 4257 1155 4318 de
1182 4257 1393 4317 unitate
1416 4259 1674 4338 specifica
1695 4278 1813 4317 non
1838 4258 2128 4319 numer-ica
2153 4258 2439 4336 intelligi;
2483 4266 2550 4319 ut
2591 4276 2710 4318 una
2749 4256 2876 4335 qui-

477 4340 625 4398 dem·
641 4337 830 4415 specie
857 4335 1083 4396 dicatur
1109 4336 1359 4397 essentia
1384 4336 1447 4395 in
1476 4338 1648 4397 Patre
1676 4345 1736 4398 et
1763 4336 1934 4414 Filio,
1965 4337 2070 4397 sed
2095 4357 2214 4397 non
2259 4356 2378 4399 una
2420 4346 2480 4397 et
2523 4337 2726 4397 eadem
2771 4354 2878 4395 nn·

475 4436 653 4489 mero,
699 4415 987 4494 quomodo
1037 4416 1246 4476 Petrus
1274 4424 1352 4477 et
1394 4416 1439 4478 J
1441 4416 1698 4477 ohannes
1741 4417 1892 4477 bene
1939 4416 2208 4477 dicuntur
2254 4416 2509 4494 ὅμωῦηοι,
2553 4415 2692 4495 quia
2745 4421 2883 4474 sunt

479 4494 701 4574 ὅμκιδιῒς
727 4496 829 4573 qui
855 4495 1097 4557 eandem
1122 4496 1470 4592 participant
1506 4497 1695 4577 speeie
1722 4496 2067 4557 essentiam:
2109 4496 2261 4555 Nam
2289 4498 2340 4557 si
2367 4498 2572 4555 Patres
2597 4494 2880 4555 unitatem

478 4576 803 4655 specificam
858 4584 1085 4638 tantum
1126 4576 1567 4653 intellexissent,
1623 4576 2036 4637 Tritheismum
2081 4594 2286 4634 revera
2327 4575 2711 4649 induxissent,
2760 4592 2880 4631 non

476 4664 699 4717 tantum
728 4664 845 4717 tres
870 4676 1163 4736 personas,
1192 4657 1296 4718 sed
1322 4657 1383 4716 in
1410 4657 1595 4717 tribus
1618 4656 1882 4735 personis
1907 4664 2027 4715 tres
2053 4674 2292 4715 numero
2319 4654 2599 4714 essentias
2619 4653 2880 4711 diversas
