<?xml version="1.0" encoding="UTF-8"?>
<!DOCTYPE html PUBLIC "-//W3C//DTD XHTML 1.0 Transitional//EN"
    "http://www.w3.org/TR/xhtml1/DTD/xhtml1-transitional.dtd">
<html xmlns="http://www.w3.org/1999/xhtml" xml:lang="en" lang="en">
 <head>
  <title>
</title>
<meta http-equiv="Content-Type" content="text/html;charset=utf-8" />
  <meta name='ocr-system' content='tesseract 3.04.00' />
  <meta name='ocr-capabilities' content='ocr_page ocr_carea ocr_par ocr_line ocrx_word'/>
</head>
<body>
  <div class='ocr_page' id='page_1' title='image "./institutiotheol00turrgoog_0492.png"; bbox 0 0 3300 5225; ppageno 0'>
   <div class='ocr_carea' id='block_1_1' title="bbox 443 242 2969 327">
    <p class='ocr_par' dir='ltr' id='par_1_1' title="bbox 443 242 2969 327">
     <span class='ocr_line' id='line_1_1' title="bbox 443 242 2969 327; baseline -0.001 -19"><span class='ocrx_word' id='word_1_1' title='bbox 443 284 462 298; x_wconf 89' lang='lat'><strong>·</strong></span> <span class='ocrx_word' id='word_1_2' title='bbox 552 251 676 308; x_wconf 84' lang='lat'><strong>440</strong></span> <span class='ocrx_word' id='word_1_3' title='bbox 1499 264 1683 307; x_wconf 75' lang='lat' dir='ltr'><strong>Locus</strong></span> <span class='ocrx_word' id='word_1_4' title='bbox 1712 263 1951 307; x_wconf 73' lang='lat' dir='ltr'><strong>snx&#39;rus.</strong></span> <span class='ocrx_word' id='word_1_5' title='bbox 2628 242 2883 327; x_wconf 53' lang='grc' dir='ltr'><strong>[ασκεω.</strong></span> <span class='ocrx_word' id='word_1_6' title='bbox 2914 263 2969 305; x_wconf 88' lang='lat'><strong>1.</strong></span> 
     </span>
    </p>
   </div>
   <div class='ocr_carea' id='block_1_2' title="bbox 480 403 2982 965">
    <p class='ocr_par' dir='ltr' id='par_1_2' title="bbox 480 403 2982 965">
     <span class='ocr_line' id='line_1_2' title="bbox 553 403 2978 489; baseline -0.001 -21"><span class='ocrx_word' id='word_1_7' title='bbox 553 408 696 468; x_wconf 69' lang='grc' dir='ltr'><strong>τᾶλιι</strong></span> <span class='ocrx_word' id='word_1_8' title='bbox 737 407 786 468; x_wconf 69' lang='lat'><strong>3·</strong></span> <span class='ocrx_word' id='word_1_9' title='bbox 816 408 969 486; x_wconf 69' lang='grc' dir='ltr'><strong>νδμος,</strong></span> <span class='ocrx_word' id='word_1_10' title='bbox 1011 408 1051 467; x_wconf 70' lang='grc' dir='ltr'><strong>ἓν</strong></span> <span class='ocrx_word' id='word_1_11' title='bbox 1078 404 1394 489; x_wconf 51' lang='grc' dir='ltr'><strong>στρατοπίδῳ</strong></span> <span class='ocrx_word' id='word_1_12' title='bbox 1415 408 1620 483; x_wconf 60' lang='lat' dir='ltr'><strong>thamin,</strong></span> <span class='ocrx_word' id='word_1_13' title='bbox 1649 414 1796 467; x_wconf 66' lang='grc' dir='ltr'><strong>τοῦτο</strong></span> <span class='ocrx_word' id='word_1_14' title='bbox 1818 409 1929 473; x_wconf 69' lang='grc' dir='ltr'><strong>θἰὶς</strong></span> <span class='ocrx_word' id='word_1_15' title='bbox 1966 407 2007 464; x_wconf 73' lang='grc' dir='ltr'><strong>ἔν</strong></span> <span class='ocrx_word' id='word_1_16' title='bbox 2034 404 2223 484; x_wconf 57' lang='lat' dir='ltr'><strong>zio-pap,</strong></span> <span class='ocrx_word' id='word_1_17' title='bbox 2254 403 2365 464; x_wconf 51' lang='lat' dir='ltr'><strong>&amp;a</strong></span> <span class='ocrx_word' id='word_1_18' title='bbox 2420 405 2595 472; x_wconf 81' lang='lat' dir='ltr'><strong>Quod</strong></span> <span class='ocrx_word' id='word_1_19' title='bbox 2616 404 2676 464; x_wconf 66' lang='lat' dir='ltr'><strong>in</strong></span> <span class='ocrx_word' id='word_1_20' title='bbox 2701 407 2838 465; x_wconf 72' lang='lat' dir='ltr'><strong>navi</strong></span> <span class='ocrx_word' id='word_1_21' title='bbox 2854 426 2978 483; x_wconf 70' lang='grc' dir='ltr'><strong>φι-</strong></span> 
     </span>
     <span class='ocr_line' id='line_1_3' title="bbox 553 484 2982 567; baseline -0.001 -19"><span class='ocrx_word' id='word_1_22' title='bbox 553 491 837 563; x_wconf 74' lang='lat' dir='ltr'><strong>bemator,</strong></span> <span class='ocrx_word' id='word_1_23' title='bbox 867 490 928 547; x_wconf 77' lang='lat' dir='ltr'><strong>in</strong></span> <span class='ocrx_word' id='word_1_24' title='bbox 953 508 1130 547; x_wconf 75' lang='lat' dir='ltr'><strong>curm</strong></span> <span class='ocrx_word' id='word_1_25' title='bbox 1155 490 1380 567; x_wconf 64' lang='grc' dir='ltr'><strong>ατη-ἔρα,</strong></span> <span class='ocrx_word' id='word_1_26' title='bbox 1410 489 1470 547; x_wconf 80' lang='lat' dir='ltr'><strong>in</strong></span> <span class='ocrx_word' id='word_1_27' title='bbox 1509 490 1681 548; x_wconf 72' lang='lat' dir='ltr'><strong>choro</strong></span> <span class='ocrx_word' id='word_1_28' title='bbox 1712 496 2051 565; x_wconf 64' lang='lat' dir='ltr'><strong>praecentor,</strong></span> <span class='ocrx_word' id='word_1_29' title='bbox 2094 486 2155 545; x_wconf 73' lang='lat' dir='ltr'><strong>in</strong></span> <span class='ocrx_word' id='word_1_30' title='bbox 2194 486 2415 545; x_wconf 73' lang='lat' dir='ltr'><strong>civitate</strong></span> <span class='ocrx_word' id='word_1_31' title='bbox 2439 486 2587 561; x_wconf 76' lang='lat' dir='ltr'><strong>Lex,</strong></span> <span class='ocrx_word' id='word_1_32' title='bbox 2616 484 2677 544; x_wconf 77' lang='lat' dir='ltr'><strong>in</strong></span> <span class='ocrx_word' id='word_1_33' title='bbox 2716 487 2982 545; x_wconf 73' lang='lat' dir='ltr'><strong>exercitu</strong></span> 
     </span>
     <span class='ocr_line' id='line_1_4' title="bbox 553 566 2978 646; baseline -0.001 -19"><span class='ocrx_word' id='word_1_34' title='bbox 553 570 898 646; x_wconf 81' lang='lat' dir='ltr'><strong>Imperator,</strong></span> <span class='ocrx_word' id='word_1_35' title='bbox 927 570 1030 627; x_wconf 76' lang='lat' dir='ltr'><strong>hoc</strong></span> <span class='ocrx_word' id='word_1_36' title='bbox 1055 569 1204 628; x_wconf 77' lang='lat' dir='ltr'><strong>idem</strong></span> <span class='ocrx_word' id='word_1_37' title='bbox 1229 568 1290 627; x_wconf 79' lang='lat' dir='ltr'><strong>in</strong></span> <span class='ocrx_word' id='word_1_38' title='bbox 1315 571 1524 628; x_wconf 82' lang='lat' dir='ltr'><strong>mundo</strong></span> <span class='ocrx_word' id='word_1_39' title='bbox 1551 576 1634 627; x_wconf 76' lang='lat' dir='ltr'><strong>est</strong></span> <span class='ocrx_word' id='word_1_40' title='bbox 1658 570 1836 628; x_wconf 77' lang='lat' dir='ltr'><strong>Deus.</strong></span> <span class='ocrx_word' id='word_1_41' title='bbox 1902 566 2089 625; x_wconf 60' lang='lat' dir='ltr'><strong>Stoici</strong></span> <span class='ocrx_word' id='word_1_42' title='bbox 2110 584 2241 624; x_wconf 86' lang='lat' dir='ltr'><strong>eam</strong></span> <span class='ocrx_word' id='word_1_43' title='bbox 2266 572 2600 624; x_wconf 73' lang='lat' dir='ltr'><strong>constanter</strong></span> <span class='ocrx_word' id='word_1_44' title='bbox 2625 572 2876 642; x_wconf 84' lang='lat' dir='ltr'><strong>tuentur,</strong></span> <span class='ocrx_word' id='word_1_45' title='bbox 2906 574 2978 625; x_wconf 83' lang='lat' dir='ltr'><strong>et</strong></span> 
     </span>
     <span class='ocr_line' id='line_1_5' title="bbox 555 643 2978 725; baseline -0.001 -18"><span class='ocrx_word' id='word_1_46' title='bbox 555 647 640 707; x_wconf 87' lang='lat' dir='ltr'><strong>sic</strong></span> <span class='ocrx_word' id='word_1_47' title='bbox 668 648 888 724; x_wconf 90' lang='lat' dir='ltr'><strong>crebro,</strong></span> <span class='ocrx_word' id='word_1_48' title='bbox 919 648 1004 707; x_wconf 90' lang='lat' dir='ltr'><strong>sic</strong></span> <span class='ocrx_word' id='word_1_49' title='bbox 1037 648 1222 708; x_wconf 86' lang='lat' dir='ltr'><strong>solide</strong></span> <span class='ocrx_word' id='word_1_50' title='bbox 1261 648 1336 707; x_wconf 87' lang='lat' dir='ltr'><strong>ab</strong></span> <span class='ocrx_word' id='word_1_51' title='bbox 1377 648 1452 707; x_wconf 89' lang='lat' dir='ltr'><strong>iis</strong></span> <span class='ocrx_word' id='word_1_52' title='bbox 1472 656 1694 707; x_wconf 87' lang='lat' dir='ltr'><strong>asserta</strong></span> <span class='ocrx_word' id='word_1_53' title='bbox 1729 656 1837 723; x_wconf 86' lang='lat' dir='ltr'><strong>est,</strong></span> <span class='ocrx_word' id='word_1_54' title='bbox 1866 646 2055 725; x_wconf 91' lang='lat' dir='ltr'><strong>inquit</strong></span> <span class='ocrx_word' id='word_1_55' title='bbox 2096 645 2348 723; x_wconf 79' lang='lat' dir='ltr'><strong>Lipsius,</strong></span> <span class='ocrx_word' id='word_1_56' title='bbox 2377 652 2445 703; x_wconf 91' lang='lat' dir='ltr'><strong>ut</strong></span> <span class='ocrx_word' id='word_1_57' title='bbox 2484 643 2658 704; x_wconf 89' lang='lat' dir='ltr'><strong>ludus</strong></span> <span class='ocrx_word' id='word_1_58' title='bbox 2678 646 2978 722; x_wconf 78' lang='lat' dir='ltr'><strong>jocusque</strong></span> 
     </span>
     <span class='ocr_line' id='line_1_6' title="bbox 555 723 2973 804; baseline -0.001 -17"><span class='ocrx_word' id='word_1_59' title='bbox 555 727 770 787; x_wconf 83' lang='lat' dir='ltr'><strong>fuerint</strong></span> <span class='ocrx_word' id='word_1_60' title='bbox 826 728 1218 803; x_wconf 82' lang='lat' dir='ltr'><strong>Adversariis,</strong></span> <span class='ocrx_word' id='word_1_61' title='bbox 1267 727 1371 804; x_wconf 89' lang='lat' dir='ltr'><strong>qui</strong></span> <span class='ocrx_word' id='word_1_62' title='bbox 1416 727 1567 787; x_wconf 87' lang='lat' dir='ltr'><strong>hanc</strong></span> <span class='ocrx_word' id='word_1_63' title='bbox 1609 726 1905 787; x_wconf 73' lang='lat' dir='ltr'><strong>fatidicam</strong></span> <span class='ocrx_word' id='word_1_64' title='bbox 1954 726 2156 785; x_wconf 89' lang='lat' dir='ltr'><strong>Anum</strong></span> <span class='ocrx_word' id='word_1_65' title='bbox 2203 726 2534 785; x_wconf 79' lang='lat' dir='ltr'><strong>Stoicorum</strong></span> <span class='ocrx_word' id='word_1_66' title='bbox 2576 723 2973 802; x_wconf 82' lang='lat' dir='ltr'><strong>appellabant.</strong></span> 
     </span>
     <span class='ocr_line' id='line_1_7' title="bbox 553 804 2971 884; baseline -0.002 -17"><span class='ocrx_word' id='word_1_67' title='bbox 553 807 770 867; x_wconf 79' lang='lat' dir='ltr'><strong>Seneca</strong></span> <span class='ocrx_word' id='word_1_68' title='bbox 793 807 994 866; x_wconf 86' lang='lat' dir='ltr'><strong>multis</strong></span> <span class='ocrx_word' id='word_1_69' title='bbox 1021 827 1148 867; x_wconf 90' lang='lat' dir='ltr'><strong>eam</strong></span> <span class='ocrx_word' id='word_1_70' title='bbox 1175 807 1383 884; x_wconf 88' lang='lat' dir='ltr'><strong>probat</strong></span> <span class='ocrx_word' id='word_1_71' title='bbox 1408 806 1687 884; x_wconf 79' lang='lat' dir='ltr'><strong>peculiari</strong></span> <span class='ocrx_word' id='word_1_72' title='bbox 1706 813 1973 881; x_wconf 87' lang='lat' dir='ltr'><strong>tractatu,</strong></span> <span class='ocrx_word' id='word_1_73' title='bbox 1988 806 2107 865; x_wconf 86' lang='lat' dir='ltr'><strong>Cur</strong></span> <span class='ocrx_word' id='word_1_74' title='bbox 2132 805 2302 865; x_wconf 90' lang='lat' dir='ltr'><strong>bonis</strong></span> <span class='ocrx_word' id='word_1_75' title='bbox 2328 804 2471 863; x_wconf 86' lang='lat' dir='ltr'><strong>viris</strong></span> <span class='ocrx_word' id='word_1_76' title='bbox 2500 804 2655 863; x_wconf 86' lang='lat' dir='ltr'><strong>mala</strong></span> <span class='ocrx_word' id='word_1_77' title='bbox 2681 804 2971 881; x_wconf 81' lang='lat' dir='ltr'><strong>accidant,</strong></span> 
     </span>
     <span class='ocr_line' id='line_1_8' title="bbox 480 885 2973 965; baseline -0.002 -18"><span class='ocrx_word' id='word_1_78' title='bbox 480 909 489 916; x_wconf 90' lang='lat'><strong>·</strong></span> <span class='ocrx_word' id='word_1_79' title='bbox 555 906 682 965; x_wconf 86' lang='lat' dir='ltr'><strong>cap.</strong></span> <span class='ocrx_word' id='word_1_80' title='bbox 695 888 736 947; x_wconf 85' lang='lat' dir='ltr'><strong>i.</strong></span> <span class='ocrx_word' id='word_1_81' title='bbox 751 889 787 921; x_wconf 91' lang='lat'><strong>“</strong></span> <span class='ocrx_word' id='word_1_82' title='bbox 807 886 1027 946; x_wconf 76' lang='lat' dir='ltr'><strong>Praeest</strong></span> <span class='ocrx_word' id='word_1_83' title='bbox 1036 886 1325 946; x_wconf 86' lang='lat' dir='ltr'><strong>universis</strong></span> <span class='ocrx_word' id='word_1_84' title='bbox 1340 886 1731 961; x_wconf 86' lang='lat' dir='ltr'><strong>Providentia,</strong></span> <span class='ocrx_word' id='word_1_85' title='bbox 1746 894 1805 946; x_wconf 89' lang='lat' dir='ltr'><strong>et</strong></span> <span class='ocrx_word' id='word_1_86' title='bbox 1823 886 2065 945; x_wconf 89' lang='lat' dir='ltr'><strong>interest</strong></span> <span class='ocrx_word' id='word_1_87' title='bbox 2074 886 2242 945; x_wconf 88' lang='lat' dir='ltr'><strong>nobis</strong></span> <span class='ocrx_word' id='word_1_88' title='bbox 2255 885 2474 960; x_wconf 88' lang='lat' dir='ltr'><strong>Deus,”</strong></span> <span class='ocrx_word' id='word_1_89' title='bbox 2498 892 2559 943; x_wconf 91' lang='lat' dir='ltr'><strong>et</strong></span> <span class='ocrx_word' id='word_1_90' title='bbox 2575 892 2795 961; x_wconf 85' lang='lat' dir='ltr'><strong>postea,</strong></span> <span class='ocrx_word' id='word_1_91' title='bbox 2814 885 2849 917; x_wconf 92' lang='lat'>“</span> <span class='ocrx_word' id='word_1_92' title='bbox 2869 903 2973 944; x_wconf 88' lang='lat' dir='ltr'><strong>su-</strong></span> 
     </span>
    </p>
   </div>
   <div class='ocr_carea' id='block_1_3' title="bbox 449 963 2972 1047">
    <p class='ocr_par' dir='ltr' id='par_1_3' title="bbox 449 963 2972 1047">
     <span class='ocr_line' id='line_1_9' title="bbox 449 963 2972 1047; baseline -0.001 -22"><span class='ocrx_word' id='word_1_93' title='bbox 449 998 452 1001; x_wconf 39' lang='lat'><em>*</em></span> <span class='ocrx_word' id='word_1_94' title='bbox 555 986 912 1047; x_wconf 88' lang='lat' dir='ltr'><strong>pervacuum</strong></span> <span class='ocrx_word' id='word_1_95' title='bbox 941 974 1034 1025; x_wconf 91' lang='lat' dir='ltr'><strong>est</strong></span> <span class='ocrx_word' id='word_1_96' title='bbox 1056 966 1119 1024; x_wconf 92' lang='lat' dir='ltr'><strong>in</strong></span> <span class='ocrx_word' id='word_1_97' title='bbox 1144 966 1416 1043; x_wconf 74' lang='lat' dir='ltr'><strong>praesenti</strong></span> <span class='ocrx_word' id='word_1_98' title='bbox 1443 964 1768 1040; x_wconf 74' lang='lat' dir='ltr'><strong>obtrudere,</strong></span> <span class='ocrx_word' id='word_1_99' title='bbox 1790 984 1910 1024; x_wconf 86' lang='lat' dir='ltr'><strong>non</strong></span> <span class='ocrx_word' id='word_1_100' title='bbox 1938 966 2063 1025; x_wconf 91' lang='lat' dir='ltr'><strong>sine</strong></span> <span class='ocrx_word' id='word_1_101' title='bbox 2090 966 2284 1043; x_wconf 85' lang='lat' dir='ltr'><strong>aliquo</strong></span> <span class='ocrx_word' id='word_1_102' title='bbox 2312 963 2551 1025; x_wconf 89' lang='lat' dir='ltr'><strong>custode</strong></span> <span class='ocrx_word' id='word_1_103' title='bbox 2578 972 2804 1023; x_wconf 86' lang='lat' dir='ltr'><strong>tantum</strong></span> <span class='ocrx_word' id='word_1_104' title='bbox 2821 982 2972 1041; x_wconf 86' lang='lat' dir='ltr'><strong>opus</strong></span> 
     </span>
    </p>
   </div>
   <div class='ocr_carea' id='block_1_4' title="bbox 553 1043 3027 2557">
    <p class='ocr_par' dir='ltr' id='par_1_4' title="bbox 553 1043 2970 1842">
     <span class='ocr_line' id='line_1_10' title="bbox 557 1043 2969 1123; baseline -0.002 -16"><span class='ocrx_word' id='word_1_105' title='bbox 557 1055 728 1123; x_wconf 87' lang='lat' dir='ltr'><strong>stare,</strong></span> <span class='ocrx_word' id='word_1_106' title='bbox 757 1066 868 1105; x_wconf 86' lang='lat' dir='ltr'><strong>nec</strong></span> <span class='ocrx_word' id='word_1_107' title='bbox 902 1046 1059 1105; x_wconf 87' lang='lat' dir='ltr'><strong>hunc</strong></span> <span class='ocrx_word' id='word_1_108' title='bbox 1096 1044 1349 1104; x_wconf 87' lang='lat' dir='ltr'><strong>siderum</strong></span> <span class='ocrx_word' id='word_1_109' title='bbox 1387 1052 1608 1104; x_wconf 88' lang='lat' dir='ltr'><strong>certum</strong></span> <span class='ocrx_word' id='word_1_110' title='bbox 1648 1043 1973 1105; x_wconf 82' lang='lat' dir='ltr'><strong>discursum</strong></span> <span class='ocrx_word' id='word_1_111' title='bbox 2015 1044 2235 1105; x_wconf 85' lang='lat' dir='ltr'><strong>fortuiti</strong></span> <span class='ocrx_word' id='word_1_112' title='bbox 2262 1045 2511 1122; x_wconf 89' lang='lat' dir='ltr'><strong>impetus</strong></span> <span class='ocrx_word' id='word_1_113' title='bbox 2548 1062 2676 1103; x_wconf 89' lang='lat' dir='ltr'><strong>esse</strong></span> <span class='ocrx_word' id='word_1_114' title='bbox 2688 1065 2705 1119; x_wconf 87' lang='lat'>;</span> <span class='ocrx_word' id='word_1_115' title='bbox 2748 1051 2809 1103; x_wconf 87' lang='lat' dir='ltr'><strong>et</strong></span> <span class='ocrx_word' id='word_1_116' title='bbox 2834 1063 2969 1120; x_wconf 70' lang='lat' dir='ltr'><strong>quse</strong></span> 
     </span>
     <span class='ocr_line' id='line_1_11' title="bbox 557 1122 2967 1203; baseline -0.002 -18"><span class='ocrx_word' id='word_1_117' title='bbox 557 1146 728 1187; x_wconf 86' lang='lat' dir='ltr'><strong>casus</strong></span> <span class='ocrx_word' id='word_1_118' title='bbox 763 1125 985 1201; x_wconf 90' lang='lat' dir='ltr'><strong>incitat,</strong></span> <span class='ocrx_word' id='word_1_119' title='bbox 1025 1143 1178 1203; x_wconf 72' lang='lat' dir='ltr'><strong>saepe</strong></span> <span class='ocrx_word' id='word_1_120' title='bbox 1205 1124 1442 1199; x_wconf 86' lang='lat' dir='ltr'><strong>turbari,</strong></span> <span class='ocrx_word' id='word_1_121' title='bbox 1485 1132 1546 1183; x_wconf 89' lang='lat' dir='ltr'><strong>et</strong></span> <span class='ocrx_word' id='word_1_122' title='bbox 1585 1124 1704 1183; x_wconf 84' lang='lat' dir='ltr'><strong>cito</strong></span> <span class='ocrx_word' id='word_1_123' title='bbox 1735 1124 2012 1201; x_wconf 65' lang='lat' dir='ltr'><strong>arietem-03</strong></span> <span class='ocrx_word' id='word_1_124' title='bbox 2055 1126 2205 1183; x_wconf 87' lang='lat' dir='ltr'><strong>hanc</strong></span> <span class='ocrx_word' id='word_1_125' title='bbox 2230 1122 2571 1184; x_wconf 83' lang='lat' dir='ltr'><strong>inoffensam</strong></span> <span class='ocrx_word' id='word_1_126' title='bbox 2597 1123 2967 1183; x_wconf 86' lang='lat' dir='ltr'><strong>velocitatem</strong></span> 
     </span>
     <span class='ocr_line' id='line_1_12' title="bbox 557 1202 2967 1284; baseline -0.002 -18"><span class='ocrx_word' id='word_1_127' title='bbox 557 1205 870 1284; x_wconf 86' lang='lat' dir='ltr'><strong>procedere</strong></span> <span class='ocrx_word' id='word_1_128' title='bbox 897 1212 1126 1265; x_wconf 71' lang='lat' dir='ltr'><strong>aeternae</strong></span> <span class='ocrx_word' id='word_1_129' title='bbox 1151 1203 1302 1281; x_wconf 89' lang='lat' dir='ltr'><strong>legis</strong></span> <span class='ocrx_word' id='word_1_130' title='bbox 1328 1203 1588 1281; x_wconf 89' lang='lat' dir='ltr'><strong>imperio,</strong></span> <span class='ocrx_word' id='word_1_131' title='bbox 1609 1222 1729 1262; x_wconf 89' lang='lat' dir='ltr'><strong>non</strong></span> <span class='ocrx_word' id='word_1_132' title='bbox 1754 1222 1885 1263; x_wconf 83' lang='lat' dir='ltr'><strong>esse</strong></span> <span class='ocrx_word' id='word_1_133' title='bbox 1910 1204 2166 1263; x_wconf 72' lang='lat' dir='ltr'><strong>materiae</strong></span> <span class='ocrx_word' id='word_1_134' title='bbox 2192 1204 2437 1263; x_wconf 87' lang='lat' dir='ltr'><strong>errantis</strong></span> <span class='ocrx_word' id='word_1_135' title='bbox 2461 1203 2619 1262; x_wconf 88' lang='lat' dir='ltr'><strong>hunc</strong></span> <span class='ocrx_word' id='word_1_136' title='bbox 2644 1202 2967 1279; x_wconf 86' lang='lat' dir='ltr'><strong>ordinem,”</strong></span> 
     </span>
     <span class='ocr_line' id='line_1_13' title="bbox 559 1282 2965 1362; baseline -0.002 -17"><span class='ocrx_word' id='word_1_137' title='bbox 559 1283 670 1345; x_wconf 63' lang='lat'><strong>8⁶0.</strong></span> <span class='ocrx_word' id='word_1_138' title='bbox 757 1285 973 1362; x_wconf 77' lang='lat' dir='ltr'><strong>Cicero,</strong></span> <span class='ocrx_word' id='word_1_139' title='bbox 1002 1283 1106 1343; x_wconf 90' lang='lat' dir='ltr'><strong>lib.</strong></span> <span class='ocrx_word' id='word_1_140' title='bbox 1133 1283 1195 1342; x_wconf 92' lang='lat' dir='ltr'><strong>ii.</strong></span> <span class='ocrx_word' id='word_1_141' title='bbox 1224 1282 1298 1341; x_wconf 91' lang='lat' dir='ltr'><strong>de</strong></span> <span class='ocrx_word' id='word_1_142' title='bbox 1324 1292 1531 1342; x_wconf 88' lang='lat' dir='ltr'><strong>natura</strong></span> <span class='ocrx_word' id='word_1_143' title='bbox 1573 1284 1847 1360; x_wconf 86' lang='lat' dir='ltr'><strong>Deorum,</strong></span> <span class='ocrx_word' id='word_1_144' title='bbox 1878 1283 2059 1342; x_wconf 87' lang='lat' dir='ltr'><strong>variis</strong></span> <span class='ocrx_word' id='word_1_145' title='bbox 2093 1283 2449 1361; x_wconf 76' lang='lat' dir='ltr'><strong>argumentis</strong></span> <span class='ocrx_word' id='word_1_146' title='bbox 2476 1302 2512 1341; x_wconf 89' lang='lat' dir='ltr'><strong>a</strong></span> <span class='ocrx_word' id='word_1_147' title='bbox 2538 1282 2815 1341; x_wconf 86' lang='lat' dir='ltr'><strong>coelorum</strong></span> <span class='ocrx_word' id='word_1_148' title='bbox 2841 1302 2965 1341; x_wconf 92' lang='lat' dir='ltr'><strong>mo-</strong></span> 
     </span>
     <span class='ocr_line' id='line_1_14' title="bbox 556 1361 2970 1441; baseline -0.002 -16"><span class='ocrx_word' id='word_1_149' title='bbox 556 1372 640 1441; x_wconf 86' lang='lat' dir='ltr'><strong>tu,</strong></span> <span class='ocrx_word' id='word_1_150' title='bbox 671 1364 805 1441; x_wconf 84' lang='lat' dir='ltr'><strong>situ,</strong></span> <span class='ocrx_word' id='word_1_151' title='bbox 837 1362 945 1425; x_wconf 59' lang='lat' dir='ltr'><strong>&amp;a</strong></span> <span class='ocrx_word' id='word_1_152' title='bbox 979 1372 1148 1424; x_wconf 70' lang='lat' dir='ltr'><strong>terrae</strong></span> <span class='ocrx_word' id='word_1_153' title='bbox 1176 1363 1508 1439; x_wconf 76' lang='lat' dir='ltr'><strong>stabilitate,</strong></span> <span class='ocrx_word' id='word_1_154' title='bbox 1537 1362 1739 1439; x_wconf 85' lang='lat' dir='ltr'><strong>forma,</strong></span> <span class='ocrx_word' id='word_1_155' title='bbox 1769 1372 2105 1423; x_wconf 84' lang='lat' dir='ltr'><strong>ornamento</strong></span> <span class='ocrx_word' id='word_1_156' title='bbox 2133 1372 2193 1422; x_wconf 90' lang='lat' dir='ltr'><strong>et</strong></span> <span class='ocrx_word' id='word_1_157' title='bbox 2218 1363 2348 1421; x_wconf 89' lang='lat' dir='ltr'><strong>aliis</strong></span> <span class='ocrx_word' id='word_1_158' title='bbox 2373 1361 2622 1439; x_wconf 87' lang='lat' dir='ltr'><strong>idgenus</strong></span> <span class='ocrx_word' id='word_1_159' title='bbox 2647 1362 2970 1421; x_wconf 85' lang='lat' dir='ltr'><strong>rationibus</strong></span> 
     </span>
     <span class='ocr_line' id='line_1_15' title="bbox 559 1441 2969 1523; baseline -0.002 -19"><span class='ocrx_word' id='word_1_160' title='bbox 559 1444 745 1504; x_wconf 84' lang='lat' dir='ltr'><strong>solide</strong></span> <span class='ocrx_word' id='word_1_161' title='bbox 789 1465 918 1504; x_wconf 89' lang='lat' dir='ltr'><strong>eam</strong></span> <span class='ocrx_word' id='word_1_162' title='bbox 961 1442 1226 1503; x_wconf 81' lang='lat' dir='ltr'><strong>adstruit.</strong></span> <span class='ocrx_word' id='word_1_163' title='bbox 1311 1443 1391 1501; x_wconf 89' lang='lat' dir='ltr'><strong>Et</strong></span> <span class='ocrx_word' id='word_1_164' title='bbox 1432 1442 1582 1501; x_wconf 89' lang='lat' dir='ltr'><strong>tanti</strong></span> <span class='ocrx_word' id='word_1_165' title='bbox 1619 1442 1797 1502; x_wconf 87' lang='lat' dir='ltr'><strong>fiebat</strong></span> <span class='ocrx_word' id='word_1_166' title='bbox 1836 1442 1994 1520; x_wconf 89' lang='lat' dir='ltr'><strong>apud</strong></span> <span class='ocrx_word' id='word_1_167' title='bbox 2021 1441 2301 1521; x_wconf 76' lang='lat' dir='ltr'><strong>Ethnicos</strong></span> <span class='ocrx_word' id='word_1_168' title='bbox 2342 1442 2556 1523; x_wconf 58' lang='lat' dir='ltr'><strong>redum,</strong></span> <span class='ocrx_word' id='word_1_169' title='bbox 2586 1448 2653 1500; x_wconf 81' lang='lat' dir='ltr'><strong>ut</strong></span> <span class='ocrx_word' id='word_1_170' title='bbox 2690 1460 2796 1518; x_wconf 87' lang='lat' dir='ltr'><strong>pro</strong></span> <span class='ocrx_word' id='word_1_171' title='bbox 2838 1441 2969 1500; x_wconf 87' lang='lat' dir='ltr'><strong>Dea</strong></span> 
     </span>
     <span class='ocr_line' id='line_1_16' title="bbox 559 1520 2965 1602; baseline -0.002 -18"><span class='ocrx_word' id='word_1_172' title='bbox 559 1524 716 1584; x_wconf 89' lang='lat' dir='ltr'><strong>culta</strong></span> <span class='ocrx_word' id='word_1_173' title='bbox 743 1524 820 1583; x_wconf 89' lang='lat' dir='ltr'><strong>sit</strong></span> <span class='ocrx_word' id='word_1_174' title='bbox 845 1523 908 1582; x_wconf 92' lang='lat' dir='ltr'><strong>in</strong></span> <span class='ocrx_word' id='word_1_175' title='bbox 936 1523 1103 1599; x_wconf 89' lang='lat' dir='ltr'><strong>Delo,</strong></span> <span class='ocrx_word' id='word_1_176' title='bbox 1134 1521 1292 1599; x_wconf 85' lang='lat' dir='ltr'><strong>quod</strong></span> <span class='ocrx_word' id='word_1_177' title='bbox 1321 1522 1604 1581; x_wconf 86' lang='lat' dir='ltr'><strong>Latonam</strong></span> <span class='ocrx_word' id='word_1_178' title='bbox 1624 1522 1880 1600; x_wconf 86' lang='lat' dir='ltr'><strong>juvisset</strong></span> <span class='ocrx_word' id='word_1_179' title='bbox 1907 1524 1967 1582; x_wconf 92' lang='lat' dir='ltr'><strong>in</strong></span> <span class='ocrx_word' id='word_1_180' title='bbox 1994 1530 2181 1602; x_wconf 83' lang='lat' dir='ltr'><strong>partu,</strong></span> <span class='ocrx_word' id='word_1_181' title='bbox 2212 1521 2321 1581; x_wconf 89' lang='lat' dir='ltr'><strong>sub</strong></span> <span class='ocrx_word' id='word_1_182' title='bbox 2360 1524 2473 1581; x_wconf 90' lang='lat' dir='ltr'><strong>hoc</strong></span> <span class='ocrx_word' id='word_1_183' title='bbox 2500 1521 2713 1581; x_wconf 88' lang='lat' dir='ltr'><strong>cortice</strong></span> <span class='ocrx_word' id='word_1_184' title='bbox 2740 1520 2965 1580; x_wconf 84' lang='lat' dir='ltr'><strong>scilicet</strong></span> 
     </span>
     <span class='ocr_line' id='line_1_17' title="bbox 559 1600 2969 1681; baseline -0.001 -18"><span class='ocrx_word' id='word_1_185' title='bbox 559 1602 973 1681; x_wconf 85' lang='lat' dir='ltr'><strong>significantes,</strong></span> <span class='ocrx_word' id='word_1_186' title='bbox 1002 1602 1151 1661; x_wconf 89' lang='lat' dir='ltr'><strong>nihil</strong></span> <span class='ocrx_word' id='word_1_187' title='bbox 1177 1604 1490 1677; x_wconf 79' lang='lat' dir='ltr'><strong>Naturam,</strong></span> <span class='ocrx_word' id='word_1_188' title='bbox 1530 1621 1662 1679; x_wconf 76' lang='lat' dir='ltr'><strong>quse</strong></span> <span class='ocrx_word' id='word_1_189' title='bbox 1700 1621 1806 1680; x_wconf 91' lang='lat' dir='ltr'><strong>per</strong></span> <span class='ocrx_word' id='word_1_190' title='bbox 1844 1604 2132 1662; x_wconf 79' lang='lat' dir='ltr'><strong>Latonam</strong></span> <span class='ocrx_word' id='word_1_191' title='bbox 2158 1600 2589 1678; x_wconf 77' lang='lat' dir='ltr'><strong>designabatur,</strong></span> <span class='ocrx_word' id='word_1_192' title='bbox 2630 1620 2802 1678; x_wconf 87' lang='lat' dir='ltr'><strong>posse</strong></span> <span class='ocrx_word' id='word_1_193' title='bbox 2843 1600 2969 1660; x_wconf 84' lang='lat' dir='ltr'><strong>sine</strong></span> 
     </span>
     <span class='ocr_line' id='line_1_18' title="bbox 559 1679 2966 1761; baseline -0.001 -19"><span class='ocrx_word' id='word_1_194' title='bbox 559 1682 870 1742; x_wconf 86' lang='lat' dir='ltr'><strong>obstetrice</strong></span> <span class='ocrx_word' id='word_1_195' title='bbox 899 1681 1291 1757; x_wconf 82' lang='lat' dir='ltr'><strong>Providentia,</strong></span> <span class='ocrx_word' id='word_1_196' title='bbox 1309 1700 1442 1761; x_wconf 78' lang='lat' dir='ltr'><strong>quae</strong></span> <span class='ocrx_word' id='word_1_197' title='bbox 1467 1680 1629 1743; x_wconf 84' lang='lat' dir='ltr'><strong>illam</strong></span> <span class='ocrx_word' id='word_1_198' title='bbox 1649 1680 1835 1741; x_wconf 85' lang='lat' dir='ltr'><strong>veluti</strong></span> <span class='ocrx_word' id='word_1_199' title='bbox 1860 1681 2163 1760; x_wconf 82' lang='lat' dir='ltr'><strong>gravidam</strong></span> <span class='ocrx_word' id='word_1_200' title='bbox 2192 1689 2251 1741; x_wconf 87' lang='lat' dir='ltr'><strong>et</strong></span> <span class='ocrx_word' id='word_1_201' title='bbox 2268 1680 2683 1760; x_wconf 82' lang='lat' dir='ltr'><strong>parturientem</strong></span> <span class='ocrx_word' id='word_1_202' title='bbox 2706 1679 2771 1739; x_wconf 91' lang='lat' dir='ltr'><strong>in</strong></span> <span class='ocrx_word' id='word_1_203' title='bbox 2794 1688 2966 1758; x_wconf 82' lang='lat' dir='ltr'><strong>partu</strong></span> 
     </span>
     <span class='ocr_line' id='line_1_19' title="bbox 553 1760 2219 1842; baseline -0.002 -20"><span class='ocrx_word' id='word_1_204' title='bbox 553 1762 809 1842; x_wconf 84' lang='lat' dir='ltr'><strong>juvaret,</strong></span> <span class='ocrx_word' id='word_1_205' title='bbox 837 1760 918 1823; x_wconf 89' lang='lat' dir='ltr'><strong>id.</strong></span> <span class='ocrx_word' id='word_1_206' title='bbox 947 1780 1154 1823; x_wconf 80' lang='lat' dir='ltr'><strong>causas</strong></span> <span class='ocrx_word' id='word_1_207' title='bbox 1181 1760 1465 1821; x_wconf 85' lang='lat' dir='ltr'><strong>secundas</strong></span> <span class='ocrx_word' id='word_1_208' title='bbox 1491 1760 1638 1819; x_wconf 82' lang='lat' dir='ltr'><strong>nihil</strong></span> <span class='ocrx_word' id='word_1_209' title='bbox 1663 1780 1835 1838; x_wconf 81' lang='lat' dir='ltr'><strong>posse</strong></span> <span class='ocrx_word' id='word_1_210' title='bbox 1862 1762 1987 1822; x_wconf 87' lang='lat' dir='ltr'><strong>sine</strong></span> <span class='ocrx_word' id='word_1_211' title='bbox 2012 1761 2219 1841; x_wconf 86' lang='lat' dir='ltr'><strong>prima.</strong></span> 
     </span>
    </p>

    <p class='ocr_par' dir='ltr' id='par_1_5' title="bbox 555 1839 3027 2557">
     <span class='ocr_line' id='line_1_20' title="bbox 1163 1839 2969 1920; baseline 0 -20"><span class='ocrx_word' id='word_1_212' title='bbox 1163 1840 1242 1901; x_wconf 87' lang='lat' dir='ltr'><strong>V.</strong></span> <span class='ocrx_word' id='word_1_213' title='bbox 1289 1840 1407 1903; x_wconf 87' lang='lat' dir='ltr'><strong>Sed</strong></span> <span class='ocrx_word' id='word_1_214' title='bbox 1422 1839 1628 1902; x_wconf 85' lang='lat' dir='ltr'><strong>fortius</strong></span> <span class='ocrx_word' id='word_1_215' title='bbox 1645 1840 1759 1899; x_wconf 89' lang='lat' dir='ltr'><strong>hoe</strong></span> <span class='ocrx_word' id='word_1_216' title='bbox 1776 1840 1966 1920; x_wconf 83' lang='lat' dir='ltr'><strong>ipsum</strong></span> <span class='ocrx_word' id='word_1_217' title='bbox 1982 1850 2043 1903; x_wconf 90' lang='lat' dir='ltr'><strong>et</strong></span> <span class='ocrx_word' id='word_1_218' title='bbox 2058 1840 2270 1901; x_wconf 85' lang='lat' dir='ltr'><strong>clarius</strong></span> <span class='ocrx_word' id='word_1_219' title='bbox 2289 1839 2660 1899; x_wconf 85' lang='lat' dir='ltr'><strong>confirmatur</strong></span> <span class='ocrx_word' id='word_1_220' title='bbox 2684 1858 2760 1898; x_wconf 87' lang='lat' dir='ltr'><strong>ex</strong></span> <span class='ocrx_word' id='word_1_221' title='bbox 2775 1839 2969 1917; x_wconf 61' lang='lat' dir='ltr'><strong>Ser-qa·</strong></span> 
     </span>
     <span class='ocr_line' id='line_1_21' title="bbox 577 1892 2969 1999; baseline -0.001 -18"><span class='ocrx_word' id='word_1_222' title='bbox 577 1892 626 1941; x_wconf 67' lang='lat'><strong>²·</strong></span> <span class='ocrx_word' id='word_1_223' title='bbox 652 1893 730 1940; x_wconf 55' lang='grc' dir='ltr'><strong>Ε*</strong></span> <span class='ocrx_word' id='word_1_224' title='bbox 755 1893 1024 1954; x_wconf 50' lang='grc' dir='ltr'><strong>θρίω·</strong></span> <span class='ocrx_word' id='word_1_225' title='bbox 1085 1928 1229 1981; x_wconf 71' lang='lat' dir='ltr'><strong>tura</strong></span> <span class='ocrx_word' id='word_1_226' title='bbox 1275 1920 1599 1996; x_wconf 74' lang='lat' dir='ltr'><strong>testimonie,</strong></span> <span class='ocrx_word' id='word_1_227' title='bbox 1628 1940 1759 1999; x_wconf 69' lang='lat' dir='ltr'><strong>qum</strong></span> <span class='ocrx_word' id='word_1_228' title='bbox 1796 1940 1928 1982; x_wconf 84' lang='lat' dir='ltr'><strong>cum</strong></span> <span class='ocrx_word' id='word_1_229' title='bbox 1973 1940 2165 1981; x_wconf 92' lang='lat' dir='ltr'><strong>rerum</strong></span> <span class='ocrx_word' id='word_1_230' title='bbox 2206 1920 2495 1980; x_wconf 78' lang='lat' dir='ltr'><strong>creatione</strong></span> <span class='ocrx_word' id='word_1_231' title='bbox 2530 1920 2747 1999; x_wconf 85' lang='lat' dir='ltr'><strong>passim</strong></span> <span class='ocrx_word' id='word_1_232' title='bbox 2774 1939 2969 1979; x_wconf 87' lang='lat' dir='ltr'><strong>earum</strong></span> 
     </span>
     <span class='ocr_line' id='line_1_22' title="bbox 558 1998 2968 2079; baseline 0 -20"><span class='ocrx_word' id='word_1_233' title='bbox 558 1998 984 2079; x_wconf 86' lang='lat' dir='ltr'><strong>providentiam</strong></span> <span class='ocrx_word' id='word_1_234' title='bbox 1011 2002 1226 2079; x_wconf 88' lang='lat' dir='ltr'><strong>conjun</strong></span> <span class='ocrx_word' id='word_1_235' title='bbox 1269 2020 1364 2061; x_wconf 89' lang='lat' dir='ltr'><strong>ere</strong></span> <span class='ocrx_word' id='word_1_236' title='bbox 1393 2000 1558 2075; x_wconf 89' lang='lat' dir='ltr'><strong>solet,</strong></span> <span class='ocrx_word' id='word_1_237' title='bbox 1577 2009 1638 2061; x_wconf 90' lang='lat' dir='ltr'><strong>et</strong></span> <span class='ocrx_word' id='word_1_238' title='bbox 1656 2000 1845 2061; x_wconf 90' lang='lat' dir='ltr'><strong>Deum</strong></span> <span class='ocrx_word' id='word_1_239' title='bbox 1871 2000 2157 2079; x_wconf 88' lang='lat' dir='ltr'><strong>proponit,</strong></span> <span class='ocrx_word' id='word_1_240' title='bbox 2187 2001 2291 2079; x_wconf 89' lang='lat' dir='ltr'><strong>qui</strong></span> <span class='ocrx_word' id='word_1_241' title='bbox 2315 2019 2435 2060; x_wconf 89' lang='lat' dir='ltr'><strong>non</strong></span> <span class='ocrx_word' id='word_1_242' title='bbox 2462 1999 2539 2059; x_wconf 85' lang='lat' dir='ltr'><strong>sit</strong></span> <span class='ocrx_word' id='word_1_243' title='bbox 2562 2000 2737 2059; x_wconf 89' lang='lat' dir='ltr'><strong>modo</strong></span> <span class='ocrx_word' id='word_1_244' title='bbox 2750 2002 2968 2075; x_wconf 62' lang='grc' dir='ltr'><strong>παντὸς,</strong></span> 
     </span>
     <span class='ocr_line' id='line_1_23' title="bbox 561 2020 2969 2173; baseline 0 -34"><span class='ocrx_word' id='word_1_245' title='bbox 561 2079 667 2140; x_wconf 89' lang='lat' dir='ltr'><strong>sed</strong></span> <span class='ocrx_word' id='word_1_246' title='bbox 694 2087 753 2139; x_wconf 90' lang='lat' dir='ltr'><strong>et</strong></span> <span class='ocrx_word' id='word_1_247' title='bbox 779 2081 1048 2173; x_wconf 64' lang='grc' dir='ltr'><strong>τςυοητὶς,</strong></span> <span class='ocrx_word' id='word_1_248' title='bbox 1079 2099 1198 2138; x_wconf 89' lang='lat' dir='ltr'><strong>non</strong></span> <span class='ocrx_word' id='word_1_249' title='bbox 1227 2020 1464 2142; x_wconf 58' lang='lat' dir='ltr'><strong>greater</strong></span> <span class='ocrx_word' id='word_1_250' title='bbox 1488 2088 1716 2141; x_wconf 86' lang='lat' dir='ltr'><strong>tantum</strong></span> <span class='ocrx_word' id='word_1_251' title='bbox 1742 2090 2178 2141; x_wconf 87' lang='lat' dir='ltr'><strong>momentaneus</strong></span> <span class='ocrx_word' id='word_1_252' title='bbox 2204 2080 2307 2159; x_wconf 87' lang='lat' dir='ltr'><strong>qui</strong></span> <span class='ocrx_word' id='word_1_253' title='bbox 2332 2082 2409 2141; x_wconf 89' lang='lat' dir='ltr'><strong>ab</strong></span> <span class='ocrx_word' id='word_1_254' title='bbox 2429 2078 2658 2159; x_wconf 86' lang='lat' dir='ltr'><strong>opificio</strong></span> <span class='ocrx_word' id='word_1_255' title='bbox 2686 2100 2721 2139; x_wconf 87' lang='lat' dir='ltr'><strong>a</strong></span> <span class='ocrx_word' id='word_1_256' title='bbox 2748 2100 2810 2139; x_wconf 91' lang='lat' dir='ltr'><strong>se</strong></span> <span class='ocrx_word' id='word_1_257' title='bbox 2830 2100 2969 2141; x_wconf 89' lang='lat' dir='ltr'><strong>con-</strong></span> 
     </span>
     <span class='ocr_line' id='line_1_24' title="bbox 559 2158 3027 2239; baseline 0 -21"><span class='ocrx_word' id='word_1_258' title='bbox 559 2158 684 2218; x_wconf 91' lang='lat' dir='ltr'><strong>dito</strong></span> <span class='ocrx_word' id='word_1_259' title='bbox 713 2168 908 2219; x_wconf 75' lang='lat' dir='ltr'><strong>statim</strong></span> <span class='ocrx_word' id='word_1_260' title='bbox 936 2158 1212 2236; x_wconf 84' lang='lat' dir='ltr'><strong>discedat,</strong></span> <span class='ocrx_word' id='word_1_261' title='bbox 1245 2160 1350 2220; x_wconf 89' lang='lat' dir='ltr'><strong>sed</strong></span> <span class='ocrx_word' id='word_1_262' title='bbox 1376 2168 1436 2221; x_wconf 91' lang='lat' dir='ltr'><strong>et</strong></span> <span class='ocrx_word' id='word_1_263' title='bbox 1462 2167 1734 2221; x_wconf 83' lang='lat' dir='ltr'><strong>constans</strong></span> <span class='ocrx_word' id='word_1_264' title='bbox 1758 2160 2041 2239; x_wconf 86' lang='lat' dir='ltr'><strong>provisor,</strong></span> <span class='ocrx_word' id='word_1_265' title='bbox 2071 2161 2174 2239; x_wconf 87' lang='lat' dir='ltr'><strong>qui</strong></span> <span class='ocrx_word' id='word_1_266' title='bbox 2200 2180 2346 2239; x_wconf 87' lang='lat' dir='ltr'><strong>opus</strong></span> <span class='ocrx_word' id='word_1_267' title='bbox 2384 2180 2552 2220; x_wconf 87' lang='lat' dir='ltr'><strong>suum</strong></span> <span class='ocrx_word' id='word_1_268' title='bbox 2580 2160 2853 2219; x_wconf 86' lang='lat' dir='ltr'><strong>continuo</strong></span> <span class='ocrx_word' id='word_1_269' title='bbox 2878 2160 2969 2219; x_wconf 89' lang='lat' dir='ltr'><strong>in-</strong></span> <span class='ocrx_word' id='word_1_270' title='bbox 3018 2180 3027 2189; x_wconf 87' lang='lat'>·</span> 
     </span>
     <span class='ocr_line' id='line_1_25' title="bbox 557 2236 2967 2321; baseline 0 -25"><span class='ocrx_word' id='word_1_271' title='bbox 557 2236 724 2299; x_wconf 83' lang='lat' dir='ltr'><strong>fluxu</strong></span> <span class='ocrx_word' id='word_1_272' title='bbox 749 2239 947 2313; x_wconf 74' lang='lat' dir='ltr'><strong>foveat</strong></span> <span class='ocrx_word' id='word_1_273' title='bbox 972 2248 1033 2299; x_wconf 87' lang='lat' dir='ltr'><strong>et</strong></span> <span class='ocrx_word' id='word_1_274' title='bbox 1060 2248 1360 2317; x_wconf 85' lang='lat' dir='ltr'><strong>sustentet,</strong></span> <span class='ocrx_word' id='word_1_275' title='bbox 1385 2240 1627 2321; x_wconf 87' lang='lat' dir='ltr'><strong>ejusque</strong></span> <span class='ocrx_word' id='word_1_276' title='bbox 1652 2249 1989 2317; x_wconf 86' lang='lat' dir='ltr'><strong>perpetuam</strong></span> <span class='ocrx_word' id='word_1_277' title='bbox 2018 2260 2215 2303; x_wconf 86' lang='lat' dir='ltr'><strong>curam</strong></span> <span class='ocrx_word' id='word_1_278' title='bbox 2242 2248 2435 2318; x_wconf 89' lang='lat' dir='ltr'><strong>gerat;</strong></span> <span class='ocrx_word' id='word_1_279' title='bbox 2482 2242 2520 2273; x_wconf 89' lang='lat'><strong>“</strong></span> <span class='ocrx_word' id='word_1_280' title='bbox 2536 2240 2663 2299; x_wconf 88' lang='lat' dir='ltr'><strong>Nec</strong></span> <span class='ocrx_word' id='word_1_281' title='bbox 2690 2240 2862 2315; x_wconf 90' lang='lat' dir='ltr'><strong>enim,</strong></span> <span class='ocrx_word' id='word_1_282' title='bbox 2892 2240 2967 2299; x_wconf 89' lang='lat' dir='ltr'><strong>si-</strong></span> 
     </span>
     <span class='ocr_line' id='line_1_26' title="bbox 559 2318 2965 2399; baseline 0 -21"><span class='ocrx_word' id='word_1_283' title='bbox 559 2327 660 2378; x_wconf 90' lang='lat' dir='ltr'><strong>cut</strong></span> <span class='ocrx_word' id='word_1_284' title='bbox 703 2328 1051 2379; x_wconf 84' lang='lat' dir='ltr'><strong>structuram</strong></span> <span class='ocrx_word' id='word_1_285' title='bbox 1099 2319 1328 2396; x_wconf 80' lang='lat' dir='ltr'><strong>sedium,</strong></span> <span class='ocrx_word' id='word_1_286' title='bbox 1357 2339 1536 2399; x_wconf 87' lang='lat' dir='ltr'><strong>quum</strong></span> <span class='ocrx_word' id='word_1_287' title='bbox 1581 2318 1951 2380; x_wconf 83' lang='lat' dir='ltr'><strong>fabricaverit</strong></span> <span class='ocrx_word' id='word_1_288' title='bbox 1998 2322 2145 2399; x_wconf 86' lang='lat' dir='ltr'><strong>quis,</strong></span> <span class='ocrx_word' id='word_1_289' title='bbox 2174 2319 2452 2395; x_wconf 85' lang='lat' dir='ltr'><strong>abscedit,</strong></span> <span class='ocrx_word' id='word_1_290' title='bbox 2482 2328 2657 2397; x_wconf 85' lang='lat' dir='ltr'><strong>atque</strong></span> <span class='ocrx_word' id='word_1_291' title='bbox 2700 2318 2803 2378; x_wconf 92' lang='lat' dir='ltr'><strong>illo</strong></span> <span class='ocrx_word' id='word_1_292' title='bbox 2844 2338 2965 2378; x_wconf 88' lang='lat' dir='ltr'><strong>ces-</strong></span> 
     </span>
     <span class='ocr_line' id='line_1_27' title="bbox 559 2398 2965 2481; baseline -0.001 -22"><span class='ocrx_word' id='word_1_293' title='bbox 559 2406 724 2459; x_wconf 87' lang='lat' dir='ltr'><strong>sante</strong></span> <span class='ocrx_word' id='word_1_294' title='bbox 752 2406 812 2457; x_wconf 88' lang='lat' dir='ltr'><strong>et</strong></span> <span class='ocrx_word' id='word_1_295' title='bbox 839 2399 1187 2460; x_wconf 86' lang='lat' dir='ltr'><strong>abscedente</strong></span> <span class='ocrx_word' id='word_1_296' title='bbox 1215 2408 1330 2459; x_wconf 85' lang='lat' dir='ltr'><strong>stat</strong></span> <span class='ocrx_word' id='word_1_297' title='bbox 1355 2418 1502 2481; x_wconf 85' lang='lat' dir='ltr'><strong>opus</strong></span> <span class='ocrx_word' id='word_1_298' title='bbox 1529 2399 1659 2477; x_wconf 85' lang='lat' dir='ltr'><strong>ejus</strong></span> <span class='ocrx_word' id='word_1_299' title='bbox 1683 2420 1699 2459; x_wconf 73' lang='grc' dir='ltr'><strong><em>ε</em></strong></span> <span class='ocrx_word' id='word_1_300' title='bbox 1742 2398 1839 2459; x_wconf 88' lang='lat' dir='ltr'><strong>Ita</strong></span> <span class='ocrx_word' id='word_1_301' title='bbox 1868 2400 2121 2461; x_wconf 86' lang='lat' dir='ltr'><strong>mundus</strong></span> <span class='ocrx_word' id='word_1_302' title='bbox 2148 2399 2246 2460; x_wconf 88' lang='lat' dir='ltr'><strong>vel</strong></span> <span class='ocrx_word' id='word_1_303' title='bbox 2284 2398 2405 2459; x_wconf 89' lang='lat' dir='ltr'><strong>ictu</strong></span> <span class='ocrx_word' id='word_1_304' title='bbox 2433 2399 2586 2458; x_wconf 90' lang='lat' dir='ltr'><strong>oculi</strong></span> <span class='ocrx_word' id='word_1_305' title='bbox 2614 2408 2766 2459; x_wconf 85' lang='lat' dir='ltr'><strong>stare</strong></span> <span class='ocrx_word' id='word_1_306' title='bbox 2805 2407 2965 2476; x_wconf 89' lang='lat' dir='ltr'><strong>pote·</strong></span> 
     </span>
     <span class='ocr_line' id='line_1_28' title="bbox 555 2478 2963 2557; baseline 0 -20"><span class='ocrx_word' id='word_1_307' title='bbox 555 2478 650 2554; x_wconf 88' lang='lat' dir='ltr'><strong>rit,</strong></span> <span class='ocrx_word' id='word_1_308' title='bbox 682 2478 734 2536; x_wconf 89' lang='lat' dir='ltr'><strong>si</strong></span> <span class='ocrx_word' id='word_1_309' title='bbox 758 2478 848 2536; x_wconf 89' lang='lat' dir='ltr'><strong>illi</strong></span> <span class='ocrx_word' id='word_1_310' title='bbox 876 2478 1037 2537; x_wconf 88' lang='lat' dir='ltr'><strong>Deus</strong></span> <span class='ocrx_word' id='word_1_311' title='bbox 1063 2498 1126 2537; x_wconf 93' lang='lat' dir='ltr'><strong>re</strong></span> <span class='ocrx_word' id='word_1_312' title='bbox 1171 2478 1186 2493; x_wconf 86' lang='lat'><strong>&#39;</strong></span> <span class='ocrx_word' id='word_1_313' title='bbox 1250 2498 1324 2539; x_wconf 90' lang='lat' dir='ltr'><strong>en</strong></span> <span class='ocrx_word' id='word_1_314' title='bbox 1351 2479 1443 2539; x_wconf 89' lang='lat' dir='ltr'><strong>sui</strong></span> <span class='ocrx_word' id='word_1_315' title='bbox 1470 2478 1912 2557; x_wconf 84' lang='lat' dir='ltr'><strong>substraxerit,”</strong></span> <span class='ocrx_word' id='word_1_316' title='bbox 1940 2488 2008 2542; x_wconf 92' lang='lat' dir='ltr'><strong>ut</strong></span> <span class='ocrx_word' id='word_1_317' title='bbox 2033 2480 2117 2541; x_wconf 91' lang='lat' dir='ltr'><strong>ait</strong></span> <span class='ocrx_word' id='word_1_318' title='bbox 2140 2481 2379 2557; x_wconf 63' lang='lat' dir='ltr'><strong>August.</strong></span> <span class='ocrx_word' id='word_1_319' title='bbox 2406 2478 2510 2539; x_wconf 90' lang='lat' dir='ltr'><strong>lib.</strong></span> <span class='ocrx_word' id='word_1_320' title='bbox 2538 2480 2617 2538; x_wconf 89' lang='lat' dir='ltr'><strong>iv.</strong></span> <span class='ocrx_word' id='word_1_321' title='bbox 2648 2478 2721 2539; x_wconf 92' lang='lat' dir='ltr'><strong>de</strong></span> <span class='ocrx_word' id='word_1_322' title='bbox 2750 2478 2963 2538; x_wconf 73' lang='lat' dir='ltr'><strong>Genea.</strong></span> 
     </span>
    </p>
   </div>
   <div class='ocr_carea' id='block_1_5' title="bbox 407 2530 2966 2655">
    <p class='ocr_par' dir='ltr' id='par_1_6' title="bbox 407 2530 2966 2655">
     <span class='ocr_line' id='line_1_29' title="bbox 407 2530 2966 2655; baseline 0.001 -39"><span class='ocrx_word' id='word_1_323' title='bbox 407 2530 410 2533; x_wconf 21' lang='lat'><strong>⁴</strong></span> <span class='ocrx_word' id='word_1_324' title='bbox 439 2629 445 2634; x_wconf 7' lang='lat' dir='ltr'><strong>p</strong></span> <span class='ocrx_word' id='word_1_325' title='bbox 559 2556 635 2616; x_wconf 88' lang='lat' dir='ltr'><strong>ad</strong></span> <span class='ocrx_word' id='word_1_326' title='bbox 662 2554 784 2618; x_wconf 83' lang='lat' dir='ltr'><strong>lite.</strong></span> <span class='ocrx_word' id='word_1_327' title='bbox 813 2577 865 2617; x_wconf 91' lang='lat' dir='ltr'><strong>c.</strong></span> <span class='ocrx_word' id='word_1_328' title='bbox 893 2557 998 2618; x_wconf 80' lang='lat' dir='ltr'><strong>xii.</strong></span> <span class='ocrx_word' id='word_1_329' title='bbox 1162 2566 1430 2636; x_wconf 85' lang='lat' dir='ltr'><strong>trumque</strong></span> <span class='ocrx_word' id='word_1_330' title='bbox 1472 2558 1548 2622; x_wconf 83' lang='lat' dir='ltr'><strong>ad</strong></span> <span class='ocrx_word' id='word_1_331' title='bbox 1593 2559 1795 2655; x_wconf 48' lang='lat' dir='ltr'><strong>Deum·</strong></span> <span class='ocrx_word' id='word_1_332' title='bbox 1828 2560 2093 2642; x_wconf 88' lang='lat' dir='ltr'><strong>pertinet,</strong></span> <span class='ocrx_word' id='word_1_333' title='bbox 2123 2564 2295 2627; x_wconf 66' lang='grc' dir='ltr'><strong>καλῧς</strong></span> <span class='ocrx_word' id='word_1_334' title='bbox 2335 2564 2553 2636; x_wconf 62' lang='lat' dir='ltr'><strong>xxiia-m,</strong></span> <span class='ocrx_word' id='word_1_335' title='bbox 2588 2564 2679 2619; x_wconf 68' lang='grc' dir='ltr'><strong>καὶ</strong></span> <span class='ocrx_word' id='word_1_336' title='bbox 2718 2561 2810 2619; x_wconf 66' lang='lat' dir='ltr'><strong>rii·</strong></span> <span class='ocrx_word' id='word_1_337' title='bbox 2834 2583 2966 2632; x_wconf 67' lang='grc' dir='ltr'><strong>γυι-</strong></span> 
     </span>
    </p>
   </div>
   <div class='ocr_carea' id='block_1_6' title="bbox 551 2639 3004 4074">
    <p class='ocr_par' dir='ltr' id='par_1_7' title="bbox 553 2639 3004 3493">
     <span class='ocr_line' id='line_1_30' title="bbox 556 2639 2967 2720; baseline 0.001 -24"><span class='ocrx_word' id='word_1_338' title='bbox 556 2639 704 2718; x_wconf 63' lang='lat' dir='ltr'><strong>pium</strong></span> <span class='ocrx_word' id='word_1_339' title='bbox 728 2641 899 2704; x_wconf 63' lang='grc' dir='ltr'><strong>καλῶς</strong></span> <span class='ocrx_word' id='word_1_340' title='bbox 941 2639 1294 2716; x_wconf 60' lang='lat' dir='ltr'><strong>imponamus,</strong></span> <span class='ocrx_word' id='word_1_341' title='bbox 1327 2639 1581 2699; x_wconf 88' lang='lat' dir='ltr'><strong>Nemesi.</strong></span> <span class='ocrx_word' id='word_1_342' title='bbox 1610 2660 1661 2699; x_wconf 92' lang='lat' dir='ltr'><strong>c.</strong></span> <span class='ocrx_word' id='word_1_343' title='bbox 1691 2639 1817 2701; x_wconf 87' lang='lat' dir='ltr'><strong>xln.</strong></span> <span class='ocrx_word' id='word_1_344' title='bbox 1902 2641 2060 2701; x_wconf 88' lang='lat' dir='ltr'><strong>Loca</strong></span> <span class='ocrx_word' id='word_1_345' title='bbox 2089 2641 2417 2720; x_wconf 83' lang='lat' dir='ltr'><strong>Scripturae,</strong></span> <span class='ocrx_word' id='word_1_346' title='bbox 2446 2660 2577 2718; x_wconf 78' lang='lat' dir='ltr'><strong>quse</strong></span> <span class='ocrx_word' id='word_1_347' title='bbox 2604 2641 2715 2700; x_wconf 91' lang='lat' dir='ltr'><strong>hoc</strong></span> <span class='ocrx_word' id='word_1_348' title='bbox 2742 2641 2967 2699; x_wconf 88' lang='lat' dir='ltr'><strong>adstru-</strong></span> 
     </span>
     <span class='ocr_line' id='line_1_31' title="bbox 557 2719 2963 2799; baseline 0 -21"><span class='ocrx_word' id='word_1_349' title='bbox 557 2727 666 2780; x_wconf 88' lang='lat' dir='ltr'><strong>unt</strong></span> <span class='ocrx_word' id='word_1_350' title='bbox 682 2737 991 2799; x_wconf 86' lang='lat' dir='ltr'><strong>congerere</strong></span> <span class='ocrx_word' id='word_1_351' title='bbox 1012 2720 1160 2779; x_wconf 86' lang='lat' dir='ltr'><strong>nihil</strong></span> <span class='ocrx_word' id='word_1_352' title='bbox 1175 2721 1383 2780; x_wconf 89' lang='lat' dir='ltr'><strong>attinet</strong></span> <span class='ocrx_word' id='word_1_353' title='bbox 1399 2742 1414 2796; x_wconf 77' lang='grc' dir='ltr'><strong>ς</strong></span> <span class='ocrx_word' id='word_1_354' title='bbox 1445 2719 1560 2780; x_wconf 87' lang='lat' dir='ltr'><strong>Tot</strong></span> <span class='ocrx_word' id='word_1_355' title='bbox 1575 2720 1731 2779; x_wconf 89' lang='lat' dir='ltr'><strong>enim</strong></span> <span class='ocrx_word' id='word_1_356' title='bbox 1751 2719 1870 2780; x_wconf 84' lang='lat' dir='ltr'><strong>fere</strong></span> <span class='ocrx_word' id='word_1_357' title='bbox 1887 2730 2038 2798; x_wconf 89' lang='lat' dir='ltr'><strong>sunt,</strong></span> <span class='ocrx_word' id='word_1_358' title='bbox 2058 2730 2201 2799; x_wconf 91' lang='lat' dir='ltr'><strong>quot</strong></span> <span class='ocrx_word' id='word_1_359' title='bbox 2218 2729 2353 2781; x_wconf 89' lang='lat' dir='ltr'><strong>sunt</strong></span> <span class='ocrx_word' id='word_1_360' title='bbox 2383 2720 2692 2799; x_wconf 83' lang='lat' dir='ltr'><strong>Scripturae</strong></span> <span class='ocrx_word' id='word_1_361' title='bbox 2716 2719 2963 2797; x_wconf 72' lang='lat' dir='ltr'><strong>paginae,</strong></span> 
     </span>
     <span class='ocr_line' id='line_1_32' title="bbox 557 2797 2967 2879; baseline 0 -21"><span class='ocrx_word' id='word_1_362' title='bbox 557 2799 790 2876; x_wconf 86' lang='lat' dir='ltr'><strong>quando</strong></span> <span class='ocrx_word' id='word_1_363' title='bbox 807 2797 954 2858; x_wconf 85' lang='lat' dir='ltr'><strong>nihil</strong></span> <span class='ocrx_word' id='word_1_364' title='bbox 971 2799 1345 2879; x_wconf 87' lang='lat' dir='ltr'><strong>frequentius,</strong></span> <span class='ocrx_word' id='word_1_365' title='bbox 1369 2799 1516 2857; x_wconf 90' lang='lat' dir='ltr'><strong>nihil</strong></span> <span class='ocrx_word' id='word_1_366' title='bbox 1534 2799 1749 2863; x_wconf 84' lang='lat' dir='ltr'><strong>clarius</strong></span> <span class='ocrx_word' id='word_1_367' title='bbox 1767 2799 1830 2858; x_wconf 94' lang='lat' dir='ltr'><strong>in</strong></span> <span class='ocrx_word' id='word_1_368' title='bbox 1846 2801 2047 2861; x_wconf 89' lang='lat' dir='ltr'><strong>Verbo</strong></span> <span class='ocrx_word' id='word_1_369' title='bbox 2076 2801 2189 2861; x_wconf 90' lang='lat' dir='ltr'><strong>Dei</strong></span> <span class='ocrx_word' id='word_1_370' title='bbox 2204 2801 2527 2860; x_wconf 86' lang='lat' dir='ltr'><strong>inculcatur</strong></span> <span class='ocrx_word' id='word_1_371' title='bbox 2546 2821 2561 2875; x_wconf 75' lang='lat'>3</span> <span class='ocrx_word' id='word_1_372' title='bbox 2592 2799 2967 2858; x_wconf 86' lang='lat' dir='ltr'><strong>consulantur</strong></span> 
     </span>
     <span class='ocr_line' id='line_1_33' title="bbox 557 2877 2961 2958; baseline -0.002 -18"><span class='ocrx_word' id='word_1_373' title='bbox 557 2879 749 2956; x_wconf 80' lang='lat' dir='ltr'><strong>capita</strong></span> <span class='ocrx_word' id='word_1_374' title='bbox 764 2880 807 2938; x_wconf 91' lang='lat' dir='ltr'><strong>J</strong></span> <span class='ocrx_word' id='word_1_375' title='bbox 810 2879 911 2938; x_wconf 92' lang='lat' dir='ltr'><strong>obi</strong></span> <span class='ocrx_word' id='word_1_376' title='bbox 929 2879 1050 2956; x_wconf 67' lang='lat' dir='ltr'><strong>xii„</strong></span> <span class='ocrx_word' id='word_1_377' title='bbox 1065 2879 1340 2956; x_wconf 64' lang='lat' dir='ltr'><strong>xxxviii„</strong></span> <span class='ocrx_word' id='word_1_378' title='bbox 1359 2878 1590 2954; x_wconf 63' lang='lat' dir='ltr'><strong>xxxix„</strong></span> <span class='ocrx_word' id='word_1_379' title='bbox 1602 2877 1706 2955; x_wconf 80' lang='lat' dir='ltr'><strong>xL,</strong></span> <span class='ocrx_word' id='word_1_380' title='bbox 1722 2879 1857 2956; x_wconf 79' lang='lat' dir='ltr'><strong>xli.;</strong></span> <span class='ocrx_word' id='word_1_381' title='bbox 1882 2879 2037 2940; x_wconf 88' lang='lat' dir='ltr'><strong>Psal.</strong></span> <span class='ocrx_word' id='word_1_382' title='bbox 2056 2882 2201 2958; x_wconf 60' lang='lat' dir='ltr'><strong>xix„</strong></span> <span class='ocrx_word' id='word_1_383' title='bbox 2214 2881 2349 2958; x_wconf 64' lang='lat' dir='ltr'><strong>xci„</strong></span> <span class='ocrx_word' id='word_1_384' title='bbox 2364 2880 2492 2954; x_wconf 66' lang='lat' dir='ltr'><strong>civ„</strong></span> <span class='ocrx_word' id='word_1_385' title='bbox 2512 2877 2664 2953; x_wconf 63' lang='lat' dir='ltr'><strong>cvii„</strong></span> <span class='ocrx_word' id='word_1_386' title='bbox 2679 2878 2920 2936; x_wconf 83' lang='lat' dir='ltr'><strong>cxxxvi.</strong></span> <span class='ocrx_word' id='word_1_387' title='bbox 2943 2900 2961 2955; x_wconf 70' lang='grc' dir='ltr'><strong><em>ς</em></strong></span> 
     </span>
     <span class='ocr_line' id='line_1_34' title="bbox 562 2956 2963 3036; baseline 0 -20"><span class='ocrx_word' id='word_1_388' title='bbox 562 2957 735 3017; x_wconf 89' lang='lat' dir='ltr'><strong>Prov.</strong></span> <span class='ocrx_word' id='word_1_389' title='bbox 766 2959 889 3017; x_wconf 83' lang='lat' dir='ltr'><strong>xvi.</strong></span> <span class='ocrx_word' id='word_1_390' title='bbox 919 2966 978 3018; x_wconf 89' lang='lat' dir='ltr'><strong>et</strong></span> <span class='ocrx_word' id='word_1_391' title='bbox 1004 2979 1125 3032; x_wconf 65' lang='lat' dir='ltr'><strong>xx„</strong></span> <span class='ocrx_word' id='word_1_392' title='bbox 1157 2959 1202 3018; x_wconf 87' lang='lat' dir='ltr'><strong>J</strong></span> <span class='ocrx_word' id='word_1_393' title='bbox 1204 2978 1282 3018; x_wconf 89' lang='lat' dir='ltr'><strong>er.</strong></span> <span class='ocrx_word' id='word_1_394' title='bbox 1313 2979 1393 3032; x_wconf 85' lang='lat' dir='ltr'><strong>x.,</strong></span> <span class='ocrx_word' id='word_1_395' title='bbox 1425 2957 1638 3018; x_wconf 87' lang='lat' dir='ltr'><strong>Matth.</strong></span> <span class='ocrx_word' id='word_1_396' title='bbox 1669 2958 1749 3017; x_wconf 87' lang='lat' dir='ltr'><strong>vi.</strong></span> <span class='ocrx_word' id='word_1_397' title='bbox 1778 2968 1839 3018; x_wconf 92' lang='lat' dir='ltr'><strong>et</strong></span> <span class='ocrx_word' id='word_1_398' title='bbox 1864 2979 1944 3036; x_wconf 84' lang='lat' dir='ltr'><strong>x.,</strong></span> <span class='ocrx_word' id='word_1_399' title='bbox 1968 2959 2107 3020; x_wconf 89' lang='lat' dir='ltr'><strong>Act.</strong></span> <span class='ocrx_word' id='word_1_400' title='bbox 2136 2960 2258 3020; x_wconf 83' lang='lat' dir='ltr'><strong>xiv.</strong></span> <span class='ocrx_word' id='word_1_401' title='bbox 2288 2968 2347 3020; x_wconf 90' lang='lat' dir='ltr'><strong>et</strong></span> <span class='ocrx_word' id='word_1_402' title='bbox 2372 2959 2515 3019; x_wconf 87' lang='lat' dir='ltr'><strong>xvii.</strong></span> <span class='ocrx_word' id='word_1_403' title='bbox 2598 2957 2687 3016; x_wconf 90' lang='lat' dir='ltr'><strong>Eo</strong></span> <span class='ocrx_word' id='word_1_404' title='bbox 2714 2956 2963 3035; x_wconf 87' lang='lat' dir='ltr'><strong>pertinet</strong></span> 
     </span>
     <span class='ocr_line' id='line_1_35' title="bbox 557 3036 2960 3116; baseline 0 -21"><span class='ocrx_word' id='word_1_405' title='bbox 557 3036 715 3116; x_wconf 87' lang='lat' dir='ltr'><strong>quod</strong></span> <span class='ocrx_word' id='word_1_406' title='bbox 745 3037 1008 3096; x_wconf 87' lang='lat' dir='ltr'><strong>Christus</strong></span> <span class='ocrx_word' id='word_1_407' title='bbox 1034 3039 1270 3096; x_wconf 79' lang='lat' dir='ltr'><strong>Patrem</strong></span> <span class='ocrx_word' id='word_1_408' title='bbox 1295 3057 1457 3097; x_wconf 79' lang='lat' dir='ltr'><strong>suum</strong></span> <span class='ocrx_word' id='word_1_409' title='bbox 1481 3057 1703 3114; x_wconf 77' lang='lat' dir='ltr'><strong>semper</strong></span> <span class='ocrx_word' id='word_1_410' title='bbox 1722 3041 1960 3114; x_wconf 74' lang='lat' dir='ltr'><strong>operari</strong></span> <span class='ocrx_word' id='word_1_411' title='bbox 1979 3048 2241 3116; x_wconf 87' lang='lat' dir='ltr'><strong>testatur,</strong></span> <span class='ocrx_word' id='word_1_412' title='bbox 2262 3040 2307 3101; x_wconf 87' lang='lat' dir='ltr'><strong>J</strong></span> <span class='ocrx_word' id='word_1_413' title='bbox 2309 3039 2402 3099; x_wconf 90' lang='lat' dir='ltr'><strong>oh.</strong></span> <span class='ocrx_word' id='word_1_414' title='bbox 2424 3060 2484 3099; x_wconf 88' lang='lat' dir='ltr'><strong>v.</strong></span> <span class='ocrx_word' id='word_1_415' title='bbox 2510 3041 2602 3115; x_wconf 82' lang='lat'><strong>1⁷,</strong></span> <span class='ocrx_word' id='word_1_416' title='bbox 2623 3057 2743 3096; x_wconf 89' lang='lat' dir='ltr'><strong>non</strong></span> <span class='ocrx_word' id='word_1_417' title='bbox 2762 3037 2960 3115; x_wconf 87' lang='lat' dir='ltr'><strong>utique</strong></span> 
     </span>
     <span class='ocr_line' id='line_1_36' title="bbox 555 3116 3004 3198; baseline -0.002 -20"><span class='ocrx_word' id='word_1_418' title='bbox 555 3135 744 3178; x_wconf 80' lang='lat' dir='ltr'><strong>novas</strong></span> <span class='ocrx_word' id='word_1_419' title='bbox 770 3135 863 3178; x_wconf 89' lang='lat' dir='ltr'><strong>res</strong></span> <span class='ocrx_word' id='word_1_420' title='bbox 906 3116 1172 3194; x_wconf 71' lang='lat' dir='ltr'><strong>creando,</strong></span> <span class='ocrx_word' id='word_1_421' title='bbox 1205 3117 1310 3180; x_wconf 86' lang='lat' dir='ltr'><strong>sed</strong></span> <span class='ocrx_word' id='word_1_422' title='bbox 1353 3124 1574 3176; x_wconf 86' lang='lat' dir='ltr'><strong>creatas</strong></span> <span class='ocrx_word' id='word_1_423' title='bbox 1603 3119 2019 3196; x_wconf 86' lang='lat' dir='ltr'><strong>conservande,</strong></span> <span class='ocrx_word' id='word_1_424' title='bbox 2050 3128 2110 3180; x_wconf 91' lang='lat' dir='ltr'><strong>et</strong></span> <span class='ocrx_word' id='word_1_425' title='bbox 2144 3118 2559 3198; x_wconf 79' lang='lat' dir='ltr'><strong>gubernand03</strong></span> <span class='ocrx_word' id='word_1_426' title='bbox 2620 3117 2715 3176; x_wconf 88' lang='lat' dir='ltr'><strong>Ita</strong></span> <span class='ocrx_word' id='word_1_427' title='bbox 2740 3125 2807 3176; x_wconf 93' lang='lat' dir='ltr'><strong>ut</strong></span> <span class='ocrx_word' id='word_1_428' title='bbox 2836 3119 2872 3151; x_wconf 91' lang='lat'>“</span> <span class='ocrx_word' id='word_1_429' title='bbox 2890 3135 2961 3176; x_wconf 89' lang='lat' dir='ltr'><strong>ne</strong></span> <span class='ocrx_word' id='word_1_430' title='bbox 2992 3155 3004 3174; x_wconf 83' lang='grc'><strong>.</strong></span> 
     </span>
     <span class='ocr_line' id='line_1_37' title="bbox 555 3195 2963 3277; baseline 0 -22"><span class='ocrx_word' id='word_1_431' title='bbox 555 3215 709 3257; x_wconf 86' lang='lat' dir='ltr'><strong>unus</strong></span> <span class='ocrx_word' id='word_1_432' title='bbox 734 3215 936 3272; x_wconf 88' lang='lat' dir='ltr'><strong>passer</strong></span> <span class='ocrx_word' id='word_1_433' title='bbox 963 3195 1134 3256; x_wconf 85' lang='lat' dir='ltr'><strong>cadat</strong></span> <span class='ocrx_word' id='word_1_434' title='bbox 1161 3196 1284 3254; x_wconf 89' lang='lat' dir='ltr'><strong>sine</strong></span> <span class='ocrx_word' id='word_1_435' title='bbox 1312 3196 1612 3256; x_wconf 83' lang='lat' dir='ltr'><strong>voluntate</strong></span> <span class='ocrx_word' id='word_1_436' title='bbox 1656 3196 1848 3257; x_wconf 87' lang='lat' dir='ltr'><strong>Patris</strong></span> <span class='ocrx_word' id='word_1_437' title='bbox 1889 3199 2159 3277; x_wconf 85' lang='lat' dir='ltr'><strong>coelestis,</strong></span> <span class='ocrx_word' id='word_1_438' title='bbox 2190 3207 2249 3259; x_wconf 91' lang='lat' dir='ltr'><strong>et</strong></span> <span class='ocrx_word' id='word_1_439' title='bbox 2288 3197 2484 3277; x_wconf 88' lang='lat' dir='ltr'><strong>capilli</strong></span> <span class='ocrx_word' id='word_1_440' title='bbox 2520 3197 2725 3276; x_wconf 87' lang='lat' dir='ltr'><strong>capitis</strong></span> <span class='ocrx_word' id='word_1_441' title='bbox 2767 3214 2963 3255; x_wconf 86' lang='lat' dir='ltr'><strong>omnes</strong></span> 
     </span>
     <span class='ocr_line' id='line_1_38' title="bbox 557 3275 2961 3354; baseline -0.001 -19"><span class='ocrx_word' id='word_1_442' title='bbox 557 3275 845 3336; x_wconf 89' lang='lat' dir='ltr'><strong>numerati</strong></span> <span class='ocrx_word' id='word_1_443' title='bbox 873 3275 1047 3352; x_wconf 87' lang='lat' dir='ltr'><strong>sint,’&#39;</strong></span> <span class='ocrx_word' id='word_1_444' title='bbox 1079 3275 1220 3336; x_wconf 91' lang='lat' dir='ltr'><strong>Luc.</strong></span> <span class='ocrx_word' id='word_1_445' title='bbox 1251 3275 1354 3336; x_wconf 83' lang='lat' dir='ltr'><strong>xii.</strong></span> <span class='ocrx_word' id='word_1_446' title='bbox 1386 3279 1441 3352; x_wconf 81' lang='lat'><strong>6,</strong></span> <span class='ocrx_word' id='word_1_447' title='bbox 1475 3279 1530 3336; x_wconf 88' lang='grc'><strong>7.</strong></span> <span class='ocrx_word' id='word_1_448' title='bbox 1615 3276 1785 3352; x_wconf 84' lang='lat' dir='ltr'><strong>Quod</strong></span> <span class='ocrx_word' id='word_1_449' title='bbox 1816 3278 2033 3339; x_wconf 87' lang='lat' dir='ltr'><strong>Paulus</strong></span> <span class='ocrx_word' id='word_1_450' title='bbox 2073 3278 2232 3354; x_wconf 89' lang='lat' dir='ltr'><strong>dicit,</strong></span> <span class='ocrx_word' id='word_1_451' title='bbox 2266 3279 2519 3338; x_wconf 89' lang='lat' dir='ltr'><strong>“Deum</strong></span> <span class='ocrx_word' id='word_1_452' title='bbox 2544 3298 2663 3337; x_wconf 90' lang='lat' dir='ltr'><strong>non</strong></span> <span class='ocrx_word' id='word_1_453' title='bbox 2702 3297 2766 3336; x_wconf 90' lang='lat' dir='ltr'><strong>se</strong></span> <span class='ocrx_word' id='word_1_454' title='bbox 2794 3277 2961 3334; x_wconf 85' lang='lat' dir='ltr'><strong>relin-</strong></span> 
     </span>
     <span class='ocr_line' id='line_1_39' title="bbox 553 3354 2966 3493; baseline 0 -79"><span class='ocrx_word' id='word_1_455' title='bbox 553 3375 736 3493; x_wconf 54' lang='lat' dir='ltr'><strong>guere</strong></span> <span class='ocrx_word' id='word_1_456' title='bbox 761 3355 1043 3438; x_wconf 64' lang='grc' dir='ltr'><strong>έμείςτνςου</strong></span> <span class='ocrx_word' id='word_1_457' title='bbox 1067 3354 1481 3416; x_wconf 86' lang='lat' dir='ltr'><strong>benefaciendo</strong></span> <span class='ocrx_word' id='word_1_458' title='bbox 1506 3356 1858 3436; x_wconf 86' lang='lat' dir='ltr'><strong>hominibus,</strong></span> <span class='ocrx_word' id='word_1_459' title='bbox 1889 3358 2035 3418; x_wconf 85' lang='lat' dir='ltr'><strong>dans</strong></span> <span class='ocrx_word' id='word_1_460' title='bbox 2062 3359 2291 3418; x_wconf 83' lang='lat' dir='ltr'><strong>coelitus</strong></span> <span class='ocrx_word' id='word_1_461' title='bbox 2329 3357 2578 3436; x_wconf 83' lang='lat' dir='ltr'><strong>pluvias,</strong></span> <span class='ocrx_word' id='word_1_462' title='bbox 2608 3365 2669 3417; x_wconf 92' lang='lat' dir='ltr'><strong>et</strong></span> <span class='ocrx_word' id='word_1_463' title='bbox 2707 3366 2966 3434; x_wconf 82' lang='lat' dir='ltr'><strong>tempora</strong></span> 
     </span>
    </p>

    <p class='ocr_par' dir='ltr' id='par_1_8' title="bbox 551 3433 2963 4074">
     <span class='ocr_line' id='line_1_40' title="bbox 610 3433 2962 3515; baseline 0.001 -22"><span class='ocrx_word' id='word_1_464' title='bbox 610 3433 867 3512; x_wconf 88' lang='lat' dir='ltr'><strong>uctifera,</strong></span> <span class='ocrx_word' id='word_1_465' title='bbox 898 3436 1145 3514; x_wconf 89' lang='lat' dir='ltr'><strong>implens</strong></span> <span class='ocrx_word' id='word_1_466' title='bbox 1173 3435 1304 3496; x_wconf 90' lang='lat' dir='ltr'><strong>cibo</strong></span> <span class='ocrx_word' id='word_1_467' title='bbox 1332 3445 1393 3496; x_wconf 89' lang='lat' dir='ltr'><strong>et</strong></span> <span class='ocrx_word' id='word_1_468' title='bbox 1416 3436 1618 3499; x_wconf 81' lang='lat' dir='ltr'><strong>laetitia</strong></span> <span class='ocrx_word' id='word_1_469' title='bbox 1645 3437 1823 3496; x_wconf 86' lang='lat' dir='ltr'><strong>corda</strong></span> <span class='ocrx_word' id='word_1_470' title='bbox 1849 3439 2105 3515; x_wconf 87' lang='lat' dir='ltr'><strong>nostra,&#39;&#39;</strong></span> <span class='ocrx_word' id='word_1_471' title='bbox 2137 3437 2273 3498; x_wconf 88' lang='lat' dir='ltr'><strong>Act.</strong></span> <span class='ocrx_word' id='word_1_472' title='bbox 2303 3439 2428 3498; x_wconf 84' lang='lat' dir='ltr'><strong>xiv.</strong></span> <span class='ocrx_word' id='word_1_473' title='bbox 2462 3441 2554 3515; x_wconf 88' lang='grc'><strong>17,</strong></span> <span class='ocrx_word' id='word_1_474' title='bbox 2585 3445 2645 3496; x_wconf 90' lang='lat' dir='ltr'><strong>et</strong></span> <span class='ocrx_word' id='word_1_475' title='bbox 2672 3456 2797 3512; x_wconf 89' lang='lat' dir='ltr'><strong>cap.</strong></span> <span class='ocrx_word' id='word_1_476' title='bbox 2820 3435 2962 3495; x_wconf 86' lang='lat' dir='ltr'><strong>xvii.</strong></span> 
     </span>
     <span class='ocr_line' id='line_1_41' title="bbox 554 3515 2962 3596; baseline -0 -22"><span class='ocrx_word' id='word_1_477' title='bbox 554 3517 652 3575; x_wconf 82' lang='lat'><strong>25.</strong></span> <span class='ocrx_word' id='word_1_478' title='bbox 739 3518 776 3552; x_wconf 85' lang='lat'><strong>“</strong></span> <span class='ocrx_word' id='word_1_479' title='bbox 795 3516 986 3576; x_wconf 91' lang='lat' dir='ltr'><strong>Deum</strong></span> <span class='ocrx_word' id='word_1_480' title='bbox 1014 3516 1151 3577; x_wconf 85' lang='lat' dir='ltr'><strong>dare</strong></span> <span class='ocrx_word' id='word_1_481' title='bbox 1179 3517 1349 3577; x_wconf 90' lang='lat' dir='ltr'><strong>nobis</strong></span> <span class='ocrx_word' id='word_1_482' title='bbox 1375 3517 1575 3593; x_wconf 89' lang='lat' dir='ltr'><strong>vitam,</strong></span> <span class='ocrx_word' id='word_1_483' title='bbox 1605 3516 1869 3593; x_wconf 77' lang='lat' dir='ltr'><strong>halitum,</strong></span> <span class='ocrx_word' id='word_1_484' title='bbox 1900 3525 1960 3577; x_wconf 89' lang='lat' dir='ltr'><strong>et</strong></span> <span class='ocrx_word' id='word_1_485' title='bbox 1987 3517 2197 3595; x_wconf 86' lang='lat' dir='ltr'><strong>omnia,</strong></span> <span class='ocrx_word' id='word_1_486' title='bbox 2228 3527 2288 3577; x_wconf 90' lang='lat' dir='ltr'><strong>et</strong></span> <span class='ocrx_word' id='word_1_487' title='bbox 2313 3518 2376 3576; x_wconf 91' lang='lat' dir='ltr'><strong>in</strong></span> <span class='ocrx_word' id='word_1_488' title='bbox 2408 3518 2536 3596; x_wconf 89' lang='lat' dir='ltr'><strong>ipso</strong></span> <span class='ocrx_word' id='word_1_489' title='bbox 2562 3537 2671 3575; x_wconf 91' lang='lat' dir='ltr'><strong>nos</strong></span> <span class='ocrx_word' id='word_1_490' title='bbox 2698 3536 2845 3592; x_wconf 86' lang='lat' dir='ltr'><strong>esse,</strong></span> <span class='ocrx_word' id='word_1_491' title='bbox 2876 3515 2962 3574; x_wconf 89' lang='lat' dir='ltr'><strong>vi·</strong></span> 
     </span>
     <span class='ocr_line' id='line_1_42' title="bbox 551 3594 2958 3676; baseline -0 -22"><span class='ocrx_word' id='word_1_492' title='bbox 551 3615 689 3655; x_wconf 85' lang='lat' dir='ltr'><strong>vere</strong></span> <span class='ocrx_word' id='word_1_493' title='bbox 707 3605 766 3656; x_wconf 89' lang='lat' dir='ltr'><strong>et</strong></span> <span class='ocrx_word' id='word_1_494' title='bbox 782 3597 1044 3656; x_wconf 87' lang='lat' dir='ltr'><strong>moveri”</strong></span> <span class='ocrx_word' id='word_1_495' title='bbox 1073 3605 1337 3657; x_wconf 86' lang='lat' dir='ltr'><strong>testatur.</strong></span> <span class='ocrx_word' id='word_1_496' title='bbox 1383 3595 1552 3671; x_wconf 86' lang='lat' dir='ltr'><strong>Quod</strong></span> <span class='ocrx_word' id='word_1_497' title='bbox 1581 3597 1743 3665; x_wconf 86' lang='lat' dir='ltr'><strong>alibi,</strong></span> <span class='ocrx_word' id='word_1_498' title='bbox 1761 3597 2003 3656; x_wconf 89' lang='lat' dir='ltr'><strong>“Deum</strong></span> <span class='ocrx_word' id='word_1_499' title='bbox 2020 3598 2245 3676; x_wconf 85' lang='lat' dir='ltr'><strong>operari</strong></span> <span class='ocrx_word' id='word_1_500' title='bbox 2272 3598 2466 3657; x_wconf 91' lang='lat' dir='ltr'><strong>omnia</strong></span> <span class='ocrx_word' id='word_1_501' title='bbox 2486 3594 2804 3656; x_wconf 87' lang='lat' dir='ltr'><strong>secundum</strong></span> <span class='ocrx_word' id='word_1_502' title='bbox 2825 3615 2958 3654; x_wconf 89' lang='lat' dir='ltr'><strong>con-</strong></span> 
     </span>
     <span class='ocr_line' id='line_1_43' title="bbox 553 3675 2963 3755; baseline -0 -20"><span class='ocrx_word' id='word_1_503' title='bbox 553 3676 746 3735; x_wconf 91' lang='lat' dir='ltr'><strong>silium</strong></span> <span class='ocrx_word' id='word_1_504' title='bbox 776 3677 1096 3738; x_wconf 88' lang='lat' dir='ltr'><strong>voluntatis</strong></span> <span class='ocrx_word' id='word_1_505' title='bbox 1124 3677 1304 3752; x_wconf 79' lang='lat' dir='ltr'><strong>suae,”</strong></span> <span class='ocrx_word' id='word_1_506' title='bbox 1336 3677 1554 3754; x_wconf 89' lang='lat' dir='ltr'><strong>Ephes.</strong></span> <span class='ocrx_word' id='word_1_507' title='bbox 1584 3676 1623 3736; x_wconf 87' lang='lat' dir='ltr'><strong>i.</strong></span> <span class='ocrx_word' id='word_1_508' title='bbox 1659 3679 1752 3753; x_wconf 88' lang='lat'><strong>11,</strong></span> <span class='ocrx_word' id='word_1_509' title='bbox 1781 3677 2099 3755; x_wconf 84' lang='lat' dir='ltr'><strong>profitetur,</strong></span> <span class='ocrx_word' id='word_1_510' title='bbox 2134 3680 2171 3712; x_wconf 91' lang='lat'>“</span> <span class='ocrx_word' id='word_1_511' title='bbox 2188 3687 2248 3738; x_wconf 86' lang='lat' dir='ltr'><strong>et</strong></span> <span class='ocrx_word' id='word_1_512' title='bbox 2276 3678 2494 3737; x_wconf 86' lang='lat' dir='ltr'><strong>Filium</strong></span> <span class='ocrx_word' id='word_1_513' title='bbox 2521 3686 2749 3755; x_wconf 86' lang='lat' dir='ltr'><strong>portare</strong></span> <span class='ocrx_word' id='word_1_514' title='bbox 2772 3675 2963 3734; x_wconf 88' lang='lat' dir='ltr'><strong>omnia</strong></span> 
     </span>
     <span class='ocr_line' id='line_1_44' title="bbox 552 3754 2962 3835; baseline -0.001 -21"><span class='ocrx_word' id='word_1_515' title='bbox 552 3755 753 3815; x_wconf 90' lang='lat' dir='ltr'><strong>Verbo</strong></span> <span class='ocrx_word' id='word_1_516' title='bbox 782 3777 887 3816; x_wconf 90' lang='lat' dir='ltr'><strong>suo</strong></span> <span class='ocrx_word' id='word_1_517' title='bbox 915 3755 1196 3835; x_wconf 89' lang='lat' dir='ltr'><strong>potenti‚&#39;&#39;</strong></span> <span class='ocrx_word' id='word_1_518' title='bbox 1229 3756 1383 3815; x_wconf 90' lang='lat' dir='ltr'><strong>Heb.</strong></span> <span class='ocrx_word' id='word_1_519' title='bbox 1413 3757 1453 3814; x_wconf 94' lang='lat' dir='ltr'><strong>i.</strong></span> <span class='ocrx_word' id='word_1_520' title='bbox 1484 3759 1540 3831; x_wconf 89' lang='lat'><strong>3,</strong></span> <span class='ocrx_word' id='word_1_521' title='bbox 1574 3757 1611 3790; x_wconf 91' lang='lat'><strong>“</strong></span> <span class='ocrx_word' id='word_1_522' title='bbox 1631 3764 1691 3816; x_wconf 88' lang='lat' dir='ltr'><strong>et</strong></span> <span class='ocrx_word' id='word_1_523' title='bbox 1718 3755 1780 3815; x_wconf 92' lang='lat' dir='ltr'><strong>in</strong></span> <span class='ocrx_word' id='word_1_524' title='bbox 1818 3777 1888 3816; x_wconf 90' lang='lat' dir='ltr'><strong>eo</strong></span> <span class='ocrx_word' id='word_1_525' title='bbox 1916 3758 2110 3817; x_wconf 89' lang='lat' dir='ltr'><strong>omnia</strong></span> <span class='ocrx_word' id='word_1_526' title='bbox 2150 3757 2522 3833; x_wconf 85' lang='lat' dir='ltr'><strong>subsistere,&#39;&#39;</strong></span> <span class='ocrx_word' id='word_1_527' title='bbox 2555 3757 2680 3816; x_wconf 87' lang='lat' dir='ltr'><strong>Col.</strong></span> <span class='ocrx_word' id='word_1_528' title='bbox 2708 3754 2747 3814; x_wconf 85' lang='lat' dir='ltr'><strong>i.</strong></span> <span class='ocrx_word' id='word_1_529' title='bbox 2782 3758 2875 3832; x_wconf 80' lang='lat'><strong>1⁷,</strong></span> <span class='ocrx_word' id='word_1_530' title='bbox 2906 3763 2962 3813; x_wconf 89' lang='lat' dir='ltr'><strong>et</strong></span> 
     </span>
     <span class='ocr_line' id='line_1_45' title="bbox 552 3833 2963 3916; baseline -0 -22"><span class='ocrx_word' id='word_1_531' title='bbox 552 3834 638 3894; x_wconf 87' lang='lat' dir='ltr'><strong>sic</strong></span> <span class='ocrx_word' id='word_1_532' title='bbox 663 3837 980 3904; x_wconf 82' lang='lat' dir='ltr'><strong>innumeris</strong></span> <span class='ocrx_word' id='word_1_533' title='bbox 1008 3837 1070 3893; x_wconf 90' lang='lat' dir='ltr'><strong>in</strong></span> <span class='ocrx_word' id='word_1_534' title='bbox 1096 3834 1261 3896; x_wconf 87' lang='lat' dir='ltr'><strong>locis.</strong></span> <span class='ocrx_word' id='word_1_535' title='bbox 1345 3835 1478 3895; x_wconf 87' lang='lat' dir='ltr'><strong>Hoc</strong></span> <span class='ocrx_word' id='word_1_536' title='bbox 1499 3836 1691 3913; x_wconf 88' lang='lat' dir='ltr'><strong>ipsum</strong></span> <span class='ocrx_word' id='word_1_537' title='bbox 1711 3835 1886 3896; x_wconf 88' lang='lat' dir='ltr'><strong>etiam</strong></span> <span class='ocrx_word' id='word_1_538' title='bbox 1906 3838 2087 3899; x_wconf 86' lang='lat' dir='ltr'><strong>variis</strong></span> <span class='ocrx_word' id='word_1_539' title='bbox 2106 3837 2389 3916; x_wconf 83' lang='lat' dir='ltr'><strong>symbolis</strong></span> <span class='ocrx_word' id='word_1_540' title='bbox 2417 3836 2839 3910; x_wconf 84' lang='lat' dir='ltr'><strong>adumbratum,</strong></span> <span class='ocrx_word' id='word_1_541' title='bbox 2862 3833 2963 3894; x_wconf 89' lang='lat' dir='ltr'><strong>sed</strong></span> 
     </span>
     <span class='ocr_line' id='line_1_46' title="bbox 551 3914 2961 3994; baseline -0 -19"><span class='ocrx_word' id='word_1_542' title='bbox 551 3914 764 3991; x_wconf 85' lang='lat' dir='ltr'><strong>triplici</strong></span> <span class='ocrx_word' id='word_1_543' title='bbox 791 3916 1157 3992; x_wconf 78' lang='lat' dir='ltr'><strong>potissimum</strong></span> <span class='ocrx_word' id='word_1_544' title='bbox 1186 3925 1346 3994; x_wconf 86' lang='lat' dir='ltr'><strong>typo.</strong></span> <span class='ocrx_word' id='word_1_545' title='bbox 1435 3919 1487 3975; x_wconf 92' lang='lat'><strong>1.</strong></span> <span class='ocrx_word' id='word_1_546' title='bbox 1516 3917 1715 3974; x_wconf 79' lang='lat' dir='ltr'><strong>Monte</strong></span> <span class='ocrx_word' id='word_1_547' title='bbox 1740 3917 1977 3994; x_wconf 61' lang='lat' dir='ltr'><strong>Momja,</strong></span> <span class='ocrx_word' id='word_1_548' title='bbox 2012 3918 2160 3978; x_wconf 86' lang='lat' dir='ltr'><strong>Gen.</strong></span> <span class='ocrx_word' id='word_1_549' title='bbox 2188 3917 2355 3993; x_wconf 62' lang='lat' dir='ltr'><strong>xxii„</strong></span> <span class='ocrx_word' id='word_1_550' title='bbox 2386 3917 2489 3976; x_wconf 89' lang='lat' dir='ltr'><strong>ubi</strong></span> <span class='ocrx_word' id='word_1_551' title='bbox 2508 3915 2961 3975; x_wconf 83' lang='lat' dir='ltr'><strong>illustrissimum</strong></span> 
     </span>
     <span class='ocr_line' id='line_1_47' title="bbox 551 3992 2961 4074; baseline 0 -22"><span class='ocrx_word' id='word_1_552' title='bbox 551 3992 736 4052; x_wconf 86' lang='lat' dir='ltr'><strong>edidit</strong></span> <span class='ocrx_word' id='word_1_553' title='bbox 764 3994 926 4053; x_wconf 90' lang='lat' dir='ltr'><strong>Deus</strong></span> <span class='ocrx_word' id='word_1_554' title='bbox 953 3995 1016 4053; x_wconf 89' lang='lat' dir='ltr'><strong>in</strong></span> <span class='ocrx_word' id='word_1_555' title='bbox 1044 3993 1480 4056; x_wconf 85' lang='lat' dir='ltr'><strong>conservatione</strong></span> <span class='ocrx_word' id='word_1_556' title='bbox 1509 3994 1715 4071; x_wconf 84' lang='lat' dir='ltr'><strong>Isaaci,</strong></span> <span class='ocrx_word' id='word_1_557' title='bbox 1746 4003 1805 4053; x_wconf 89' lang='lat' dir='ltr'><strong>et</strong></span> <span class='ocrx_word' id='word_1_558' title='bbox 1833 3997 2242 4057; x_wconf 87' lang='lat' dir='ltr'><strong>substitutione</strong></span> <span class='ocrx_word' id='word_1_559' title='bbox 2284 3997 2482 4056; x_wconf 87' lang='lat' dir='ltr'><strong>arietis</strong></span> <span class='ocrx_word' id='word_1_560' title='bbox 2512 3995 2576 4054; x_wconf 92' lang='lat' dir='ltr'><strong>in</strong></span> <span class='ocrx_word' id='word_1_561' title='bbox 2602 3997 2655 4074; x_wconf 91' lang='lat' dir='ltr'><strong>ej</strong></span> <span class='ocrx_word' id='word_1_562' title='bbox 2664 4014 2732 4054; x_wconf 88' lang='lat' dir='ltr'><strong>us</strong></span> <span class='ocrx_word' id='word_1_563' title='bbox 2770 3995 2961 4053; x_wconf 88' lang='lat' dir='ltr'><strong>locum</strong></span> 
     </span>
    </p>
   </div>
   <div class='ocr_carea' id='block_1_7' title="bbox 431 4071 2961 4154">
    <p class='ocr_par' dir='ltr' id='par_1_9' title="bbox 431 4071 2961 4154">
     <span class='ocr_line' id='line_1_48' title="bbox 431 4071 2961 4154; baseline 0.001 -24"><span class='ocrx_word' id='word_1_564' title='bbox 431 4111 436 4114; x_wconf 95' lang='lat'>-</span> <span class='ocrx_word' id='word_1_565' title='bbox 552 4071 943 4133; x_wconf 70' lang='lat' dir='ltr'><strong>Providentiae</strong></span> <span class='ocrx_word' id='word_1_566' title='bbox 970 4081 1392 4150; x_wconf 87' lang='lat' dir='ltr'><strong>argumentum,</strong></span> <span class='ocrx_word' id='word_1_567' title='bbox 1414 4072 1569 4133; x_wconf 88' lang='lat' dir='ltr'><strong>unde</strong></span> <span class='ocrx_word' id='word_1_568' title='bbox 1592 4074 1861 4134; x_wconf 86' lang='lat' dir='ltr'><strong>Ecclesia</strong></span> <span class='ocrx_word' id='word_1_569' title='bbox 1880 4077 2207 4154; x_wconf 83' lang='lat' dir='ltr'><strong>symbolum</strong></span> <span class='ocrx_word' id='word_1_570' title='bbox 2225 4077 2340 4136; x_wconf 89' lang='lat' dir='ltr'><strong>hoc</strong></span> <span class='ocrx_word' id='word_1_571' title='bbox 2367 4086 2643 4153; x_wconf 85' lang='lat' dir='ltr'><strong>tanquam</strong></span> <span class='ocrx_word' id='word_1_572' title='bbox 2669 4073 2961 4152; x_wconf 89' lang='lat' dir='ltr'><strong>proprium</strong></span> 
     </span>
    </p>
   </div>
   <div class='ocr_carea' id='block_1_8' title="bbox 549 4152 2961 4636">
    <p class='ocr_par' dir='ltr' id='par_1_10' title="bbox 549 4152 2961 4636">
     <span class='ocr_line' id='line_1_49' title="bbox 553 4152 2956 4234; baseline 0.001 -24"><span class='ocrx_word' id='word_1_573' title='bbox 553 4158 612 4210; x_wconf 87' lang='lat' dir='ltr'><strong>et</strong></span> <span class='ocrx_word' id='word_1_574' title='bbox 651 4152 940 4228; x_wconf 82' lang='lat' dir='ltr'><strong>peculiare</strong></span> <span class='ocrx_word' id='word_1_575' title='bbox 983 4152 1094 4210; x_wconf 89' lang='lat' dir='ltr'><strong>sibi</strong></span> <span class='ocrx_word' id='word_1_576' title='bbox 1122 4152 1382 4211; x_wconf 87' lang='lat' dir='ltr'><strong>vindicat</strong></span> <span class='ocrx_word' id='word_1_577' title='bbox 1408 4173 1530 4212; x_wconf 60' lang='lat' dir='ltr'><strong>mm</strong></span> <span class='ocrx_word' id='word_1_578' title='bbox 1560 4171 1675 4212; x_wconf 55' lang='grc' dir='ltr'><strong>’,ιη-ν’</strong></span> <span class='ocrx_word' id='word_1_579' title='bbox 1701 4155 1982 4216; x_wconf 69' lang='lat' dir='ltr'><strong>Dominus</strong></span> <span class='ocrx_word' id='word_1_580' title='bbox 2018 4159 2354 4234; x_wconf 78' lang='lat' dir='ltr'><strong>providebit.</strong></span> <span class='ocrx_word' id='word_1_581' title='bbox 2438 4161 2495 4216; x_wconf 82' lang='lat'><strong>2.</strong></span> <span class='ocrx_word' id='word_1_582' title='bbox 2523 4157 2699 4215; x_wconf 79' lang='lat' dir='ltr'><strong>Scala</strong></span> <span class='ocrx_word' id='word_1_583' title='bbox 2737 4153 2956 4230; x_wconf 80' lang='lat' dir='ltr'><strong>Jacoln‘,</strong></span> 
     </span>
     <span class='ocr_line' id='line_1_50' title="bbox 553 4231 2961 4315; baseline 0.001 -25"><span class='ocrx_word' id='word_1_584' title='bbox 553 4231 767 4290; x_wconf 79' lang='lat' dir='ltr'><strong>Genea.</strong></span> <span class='ocrx_word' id='word_1_585' title='bbox 797 4231 1024 4307; x_wconf 65' lang='lat' dir='ltr'><strong>xxviii„</strong></span> <span class='ocrx_word' id='word_1_586' title='bbox 1039 4251 1212 4308; x_wconf 88' lang='lat' dir='ltr'><strong>quam</strong></span> <span class='ocrx_word' id='word_1_587' title='bbox 1244 4231 1413 4290; x_wconf 92' lang='lat' dir='ltr'><strong>Philo</strong></span> <span class='ocrx_word' id='word_1_588' title='bbox 1439 4241 1612 4312; x_wconf 77' lang='lat' dir='ltr'><strong>vocat</strong></span> <span class='ocrx_word' id='word_1_589' title='bbox 1639 4235 2061 4314; x_wconf 62' lang='grc' dir='ltr'><strong>οὗςοιναλίμω,</strong></span> <span class='ocrx_word' id='word_1_590' title='bbox 2090 4237 2153 4296; x_wconf 90' lang='lat' dir='ltr'><strong>in</strong></span> <span class='ocrx_word' id='word_1_591' title='bbox 2173 4257 2289 4315; x_wconf 93' lang='lat' dir='ltr'><strong>qua</strong></span> <span class='ocrx_word' id='word_1_592' title='bbox 2317 4236 2480 4295; x_wconf 90' lang='lat' dir='ltr'><strong>Deus</strong></span> <span class='ocrx_word' id='word_1_593' title='bbox 2508 4235 2679 4294; x_wconf 80' lang='lat' dir='ltr'><strong>scalae</strong></span> <span class='ocrx_word' id='word_1_594' title='bbox 2705 4233 2961 4293; x_wconf 84' lang='lat' dir='ltr'><strong>insidens</strong></span> 
     </span>
     <span class='ocr_line' id='line_1_51' title="bbox 552 4309 2959 4392; baseline 0 -23"><span class='ocrx_word' id='word_1_595' title='bbox 552 4309 877 4387; x_wconf 86' lang='lat' dir='ltr'><strong>exhibetur,</strong></span> <span class='ocrx_word' id='word_1_596' title='bbox 909 4311 1011 4388; x_wconf 88' lang='lat' dir='ltr'><strong>qui</strong></span> <span class='ocrx_word' id='word_1_597' title='bbox 1039 4331 1131 4370; x_wconf 86' lang='lat' dir='ltr'><strong>res</strong></span> <span class='ocrx_word' id='word_1_598' title='bbox 1172 4330 1373 4370; x_wconf 90' lang='lat' dir='ltr'><strong>omnes</strong></span> <span class='ocrx_word' id='word_1_599' title='bbox 1401 4312 1683 4390; x_wconf 86' lang='lat' dir='ltr'><strong>coelestes,</strong></span> <span class='ocrx_word' id='word_1_600' title='bbox 1726 4323 2000 4392; x_wconf 79' lang='lat' dir='ltr'><strong>terrenas,</strong></span> <span class='ocrx_word' id='word_1_601' title='bbox 2031 4317 2292 4376; x_wconf 87' lang='lat' dir='ltr'><strong>visibiles</strong></span> <span class='ocrx_word' id='word_1_602' title='bbox 2334 4325 2393 4376; x_wconf 90' lang='lat' dir='ltr'><strong>et</strong></span> <span class='ocrx_word' id='word_1_603' title='bbox 2438 4314 2781 4390; x_wconf 86' lang='lat' dir='ltr'><strong>invisibiles,</strong></span> <span class='ocrx_word' id='word_1_604' title='bbox 2813 4312 2959 4390; x_wconf 85' lang='lat' dir='ltr'><strong>sapi·</strong></span> 
     </span>
     <span class='ocr_line' id='line_1_52' title="bbox 551 4389 2955 4474; baseline 0.001 -25"><span class='ocrx_word' id='word_1_605' title='bbox 551 4389 848 4450; x_wconf 84' lang='lat' dir='ltr'><strong>entissime</strong></span> <span class='ocrx_word' id='word_1_606' title='bbox 875 4391 1027 4468; x_wconf 84' lang='lat' dir='ltr'><strong>regit</strong></span> <span class='ocrx_word' id='word_1_607' title='bbox 1054 4399 1114 4450; x_wconf 88' lang='lat' dir='ltr'><strong>et</strong></span> <span class='ocrx_word' id='word_1_608' title='bbox 1139 4391 1486 4452; x_wconf 89' lang='lat' dir='ltr'><strong>moderatur.</strong></span> <span class='ocrx_word' id='word_1_609' title='bbox 1569 4395 1626 4454; x_wconf 88' lang='grc'><strong>3.</strong></span> <span class='ocrx_word' id='word_1_610' title='bbox 1661 4393 1857 4455; x_wconf 77' lang='lat' dir='ltr'><strong>Curru</strong></span> <span class='ocrx_word' id='word_1_611' title='bbox 1878 4395 2220 4473; x_wconf 76' lang='lat' dir='ltr'><strong>EzechieIiS,</strong></span> <span class='ocrx_word' id='word_1_612' title='bbox 2244 4417 2371 4474; x_wconf 90' lang='lat' dir='ltr'><strong>cap.</strong></span> <span class='ocrx_word' id='word_1_613' title='bbox 2394 4396 2433 4456; x_wconf 93' lang='lat' dir='ltr'><strong>i.</strong></span> <span class='ocrx_word' id='word_1_614' title='bbox 2462 4396 2524 4454; x_wconf 90' lang='lat' dir='ltr'><strong>in</strong></span> <span class='ocrx_word' id='word_1_615' title='bbox 2545 4413 2661 4472; x_wconf 92' lang='lat' dir='ltr'><strong>quo</strong></span> <span class='ocrx_word' id='word_1_616' title='bbox 2688 4412 2806 4453; x_wconf 89' lang='lat' dir='ltr'><strong>non</strong></span> <span class='ocrx_word' id='word_1_617' title='bbox 2834 4401 2955 4451; x_wconf 88' lang='lat' dir='ltr'><strong>tan-</strong></span> 
     </span>
     <span class='ocr_line' id='line_1_53' title="bbox 551 4471 2953 4554; baseline -0.001 -24"><span class='ocrx_word' id='word_1_618' title='bbox 551 4479 676 4530; x_wconf 89' lang='lat' dir='ltr'><strong>tum</strong></span> <span class='ocrx_word' id='word_1_619' title='bbox 702 4480 845 4532; x_wconf 81' lang='lat' dir='ltr'><strong>rotoe</strong></span> <span class='ocrx_word' id='word_1_620' title='bbox 870 4473 1107 4546; x_wconf 73' lang='lat' dir='ltr'><strong>oculatoe</strong></span> <span class='ocrx_word' id='word_1_621' title='bbox 1133 4491 1264 4530; x_wconf 89' lang='lat' dir='ltr'><strong>cum</strong></span> <span class='ocrx_word' id='word_1_622' title='bbox 1293 4471 1499 4549; x_wconf 86' lang='lat' dir='ltr'><strong>spiritu</strong></span> <span class='ocrx_word' id='word_1_623' title='bbox 1526 4473 1712 4550; x_wconf 87' lang='lat' dir='ltr'><strong>vitali,</strong></span> <span class='ocrx_word' id='word_1_624' title='bbox 1743 4474 1843 4552; x_wconf 85' lang='lat' dir='ltr'><strong>qui</strong></span> <span class='ocrx_word' id='word_1_625' title='bbox 1870 4475 1933 4533; x_wconf 91' lang='lat' dir='ltr'><strong>in</strong></span> <span class='ocrx_word' id='word_1_626' title='bbox 1961 4475 2101 4554; x_wconf 89' lang='lat' dir='ltr'><strong>ipsis</strong></span> <span class='ocrx_word' id='word_1_627' title='bbox 2142 4484 2285 4551; x_wconf 88' lang='lat' dir='ltr'><strong>erat,</strong></span> <span class='ocrx_word' id='word_1_628' title='bbox 2314 4486 2375 4538; x_wconf 90' lang='lat' dir='ltr'><strong>et</strong></span> <span class='ocrx_word' id='word_1_629' title='bbox 2413 4495 2531 4554; x_wconf 90' lang='lat' dir='ltr'><strong>quo</strong></span> <span class='ocrx_word' id='word_1_630' title='bbox 2556 4474 2953 4545; x_wconf 86' lang='lat' dir='ltr'><strong>movebantur,</strong></span> 
     </span>
     <span class='ocr_line' id='line_1_54' title="bbox 549 4549 2953 4636; baseline -0 -26"><span class='ocrx_word' id='word_1_631' title='bbox 549 4549 799 4613; x_wconf 84' lang='lat' dir='ltr'><strong>innuunt</strong></span> <span class='ocrx_word' id='word_1_632' title='bbox 827 4549 1278 4628; x_wconf 86' lang='lat' dir='ltr'><strong>Providentiam,</strong></span> <span class='ocrx_word' id='word_1_633' title='bbox 1297 4571 1427 4630; x_wconf 80' lang='lat' dir='ltr'><strong>quae</strong></span> <span class='ocrx_word' id='word_1_634' title='bbox 1445 4561 1503 4612; x_wconf 88' lang='lat' dir='ltr'><strong>et</strong></span> <span class='ocrx_word' id='word_1_635' title='bbox 1531 4553 1765 4614; x_wconf 87' lang='lat' dir='ltr'><strong>oculum</strong></span> <span class='ocrx_word' id='word_1_636' title='bbox 1787 4563 2063 4616; x_wconf 72' lang='lat' dir='ltr'><strong>oeternum</strong></span> <span class='ocrx_word' id='word_1_637' title='bbox 2092 4564 2151 4616; x_wconf 89' lang='lat' dir='ltr'><strong>et</strong></span> <span class='ocrx_word' id='word_1_638' title='bbox 2176 4555 2737 4636; x_wconf 83' lang='lat' dir='ltr'><strong>perspicacissimum</strong></span> <span class='ocrx_word' id='word_1_639' title='bbox 2762 4551 2953 4627; x_wconf 86' lang='lat' dir='ltr'><strong>habet,</strong></span> 
     </span>
    </p>
   </div>
  </div>
 </body>
</html>
