3300 5225
518 385 637 445 342
1466 401 1649 446 Locus
1679 401 1969 454 omnus.
2513 379 2772 464 [Qumsr.
2801 397 2932 444 ιη’.

518 542 957 620 ᾱωπηαιίοπεηι,
984 541 1236 621 pendeat
1262 563 1297 602 a
1324 542 1449 604 sole
1478 543 1591 604 Dei
1630 539 1840 624 ιῦὶαιᾳ.
1925 545 2076 604 Nem
2115 551 2184 605 ut
2221 549 2312 604 est
2351 550 2517 604 setus
2545 541 2660 603 Dei
2699 541 2745 603 J
2746 539 2938 603 udicis

520 623 777 683 debitam
802 643 1031 700 poenem
1058 624 1349 702 peccatori
1375 623 1757 702 decernentis,
1786 633 2006 685 certum
2034 633 2125 685 est
2149 624 2372 704 peccati
2415 623 2934 683 considerationem

520 703 619 763 hic
644 703 1061 763 intercessisse.
1128 703 1253 763 Nec
1291 705 1445 762 enim
1486 713 1682 784 potest
1719 705 1847 764 deri
1885 707 1948 764 in
1989 706 2120 764 Deo
2160 705 2432 766 voluntas
2473 703 2770 782 puniendi,
2819 701 2935 762 nisi

520 792 899 862 peccatorem,
928 803 1037 842 nec
1062 804 1253 862 poense
1276 783 1521 844 inflictio
1542 785 1641 843 vel
1669 785 1980 846 destinatio
2014 787 2177 863 justa
2203 803 2330 846 esso
2357 793 2548 863 potest
2593 785 2716 844 sine
2745 784 2938 862 eulpa.

528 863 647 923 Sed
670 883 789 923 non
816 871 907 923 est
920 882 1027 942 per
1052 863 1200 924 ratio
1224 873 1385 924 actm
1408 865 1667 942 matini,
1699 884 1802 925 sen
1819 864 2222 942 prester-itiones
2239 887 2262 924 .-
2300 883 2432 943 quae
2473 865 2552 924 ab
2592 883 2681 940 eo,
2723 873 2792 923 ut
2840 881 2938 922 su-

524 963 725 1022 premo
754 944 1005 1002 Domino
1156 945 1289 1023 jure
1318 963 1423 1004 sno
1450 945 1868 1006 autocratorioo
1893 945 2109 1024 oritur-3
2152 945 2310 1006 iliius
2335 945 2488 1006 enim
2510 963 2702 1020 cama,
2730 952 2946 1022 pra-,ter

526 1025 655 1102 ejus
682 1021 913 1099 ιῦὶαιίυ,
942 963 1139 1083 nuffio
1128 1024 1357 1104 proprie
1384 1024 1511 1084 deri
1536 1033 1750 1104 potest.

610 1104 804 1164 XIII.
834 1103 1093 1180 Interim,
1122 1112 1190 1164 ut
1216 1106 1461 1164 absolute
1486 1106 1584 1164 vel
1626 1114 1954 1182 comparate
1979 1111 2286 1184 spectatur,
2317 1103 2704 1164 diversimode
2747 1101 2822 1162 de
2869 1123 2946 1162 es

524 1181 996 1263 respondendum
1023 1193 1147 1261 est;
1192 1185 1345 1244 Nam
1372 1185 1423 1244 si
1448 1186 1699 1245 absolute
1715 1185 2126 1261 consideretur,
2147 1193 2304 1244 recte
2330 1183 2677 1244 adscribitur
2703 1203 2938 1261 corrup-

532 1263 679 1323 tioni
704 1263 955 1323 hominis
980 1264 1215 1340 nativas,
1244 1285 1376 1342 quoe
1401 1285 1534 1324 enm
1562 1264 1754 1326 effecit
1783 1266 1945 1343 juste
1968 1265 2424 1342 reprobabilem:
2467 1264 2517 1324 si
2541 1283 2686 1323 vero
2711 1283 2942 1342 compa-

532 1353 679 1420 rate,
706 1342 785 1402 ad
830 1343 1019 1404 solum
1064 1344 1176 1402 Dei
1218 1344 1643 1424 beneplacitum
1699 1353 1789 1404 est
1830 1344 2144 1422 referenda,
2189 1365 2296 1422 pro
2336 1344 2631 1404 liberrima
2678 1363 2784 1404 sna
2835 1363 2944 1422 po-

532 1431 759 1500 testate,
800 1443 947 1502 qnos
972 1423 1103 1484 vult
1146 1423 1433 1502 eligentis,
1480 1433 1541 1484 et
1582 1432 1822 1484 caeteros
1863 1424 2279 1502 praetereumtis.
2365 1423 2557 1499 Quum
2597 1444 2742 1502 ergo
2781 1443 2942 1502 qnae·

533 1502 697 1580 fitur,
738 1503 855 1563 Cur
898 1503 997 1563 bic
1038 1503 1139 1563 vel
1184 1503 1285 1563 ille
1327 1505 1670 1582 reprobatus
1713 1506 1805 1580 sit,
1851 1505 2002 1564 bene
2045 1503 2426 1584 respondetm·
2471 1505 2582 1564 hoc
2636 1503 2770 1564 ideo
2822 1503 2944 1562 fac-

534 1591 678 1660 tum,
728 1583 867 1664 quis
904 1591 1147 1662 propter
1191 1592 1493 1661 peceatum
1538 1584 1754 1661 dignus
1801 1583 1910 1643 fuit
1963 1584 2064 1662 qni
2111 1584 2551 1663 reprobaretur:
2610 1583 2742 1642 Non
2785 1581 2948 1660 quod

534 1671 836 1740 peccatum
880 1663 958 1722 sit
1002 1663 1232 1742 proprie
1259 1683 1434 1722 causa
1459 1663 1896 1742 reprobationis,
1941 1663 2084 1723 alies
2122 1685 2322 1724 omnes
2364 1664 2654 1744 reprobati
2681 1663 2945 1740 fuissent,

536 1741 637 1819 qni
686 1735 853 1802 erant
886 1743 1103 1820 puriter
1146 1751 1515 1821 peccatorem
1578 1743 1682 1802 sed
1724 1745 1861 1821 quia
1913 1753 2003 1804 est
2051 1744 2304 1804 conditio
2345 1753 2404 1804 et
2447 1744 2696 1822 qualitas
2737 1743 2801 1802 in
2841 1743 2946 1802 ob·-

530 1822 691 1900 jecto
732 1821 1121 1900 praecednnea,
1164 1841 1243 1882 ex
1282 1841 1399 1902 qua
1425 1822 1609 1883 oritur
1640 1823 1704 1882 in
1729 1825 1965 1883 bomine
2001 1823 2459 1902 reprobabilitas,
2490 1824 2586 1884 vel
2627 1844 2802 1882 emesa
2827 1823 2950 1882 sine

540 1921 659 1980 qua
681 1922 811 1978 nort,
842 1901 985 1979 quie
1005 1902 1119 1962 nisi
1144 1903 1323 1962 homo
1346 1911 1617 1980 peccator
1639 1913 1818 1980 esset,-
1843 1923 1878 1962 a
1907 1905 2036 1964 Deo
2059 1925 2178 1963 non
2205 1904 2622 1983 reprobaretur,
2651 1905 2790 1963 licet
2827 1923 2948 1962 non

540 1982 878 2059 reprobetur
904 1981 1101 2041 stetim
1128 1984 1315 2042 omnis
1342 1984 1445 2061 qui
1468 1991 1740 2062 peccator
1765 1993 1872 2044 est.
1955 1985 2041 2044 At
2067 2005 2246 2062 quum
2291 1984 2582 2064 quaeritur,
2631 1985 2747 2044 Cur
2791 1984 2952 2042 lmnc

540 2062 735 2140 potius
762 2081 935 2138 quam
962 2061 1129 2122 illum
1154 2063 1491 2141 reprobarit,
1522 2084 1656 2123 cum
1682 2065 1852 2123 ambo
1879 2073 2074 2124 essent
2099 2085 2174 2125 ex
2203 2085 2368 2144 aequo
2395 2073 2742 2144 peccatores,
2789 2063 2954 2124 ideo·

542 2161 657 2219 que
702 2141 1113 2220 reprobabiles,
1154 2141 1251 2202 bic
1290 2153 1590 2222 peccamm
1632 2144 1874 2222 allegari
1913 2165 2030 2204 non
2069 2154 2276 2223 potest,
2327 2146 2470 2224 quia
2512 2154 2600 2205 est
2647 2163 2951 2204 commune

542 2221 789 2299 utrique,
820 2231 881 2282 at
908 2223 1233 2282 communia
1260 2243 1377 2282 non
1404 2223 1621 2284 faciunt
1648 2225 1957 2284 discrimen
1977 2247 1998 2286 τ
2035 2225 2116 2284 Et
2157 2245 2331 2286 cstrsa
2371 2226 2534 2286 nulla
2569 2223 2735 2284 reddi
2761 2231 2958 2302 potest

542 2310 753 2380 praeter
778 2302 965 2362 solum
995 2302 1107 2361 Dei
1132 2301 1575 2382 beneplacitum,
1606 2304 1746 2382 qui-s
1781 2305 1864 2364 ita
1889 2305 1976 2364 illi
2017 2305 2205 2365 libuit.
2289 2307 2420 2381 Quo
2451 2303 2685 2383 respicit
2734 2304 2956 2363 Paulus

544 2381 607 2440 in
634 2382 919 2460 exemplis
946 2383 1129 2441 Esavi
1158 2391 1217 2442 et
1242 2383 1472 2461 Jacobi,
1506 2385 1676 2443 Rom.
1705 2385 1786 2443 ix.
1823 2388 1914 2461 11,
1945 2384 2047 2462 qui
2073 2385 2212 2444 licet
2236 2385 2389 2445 inter
2415 2404 2481 2444 se
2502 2403 2687 2462 pares,
2718 2383 2955 2442 discreti

544 2469 739 2522 tamen
768 2470 904 2520 sunt
930 2463 1005 2521 sb
1030 2462 1281 2522 invicem
1308 2484 1414 2542 per
1440 2463 1637 2524 odium
1666 2473 1725 2524 et
1752 2483 2004 2524 amorem
2035 2465 2162 2540 Dei,
2193 2465 2340 2522 nihil
2375 2463 2587 2540 qnippe
2634 2462 2696 2519 in
2723 2463 2768 2520 J
2769 2463 2956 2520 ecobo

544 2540 685 2600 boni
712 2539 822 2601 fuit
845 2561 966 2620 pree
996 2543 1206 2621 Esavo‚
1238 2553 1472 2623 propter
1496 2543 1654 2622 qnod
1679 2563 1798 2623 prae
1825 2544 1926 2603 ino
1953 2543 2278 2621 eligeretur,
2309 2542 2456 2600 nihil
2497 2543 2558 2598 in
2598 2541 2798 2598 Eme
2833 2559 2958 2617 pree

541 2622 591 2682 J
592 2622 793 2696 eccho,
822 2630 1057 2701 propter
1082 2624 1240 2702 quod
1266 2646 1385 2705 prae
1426 2626 1527 2683 illo
1567 2625 1986 2701 reprobaretur.
2073 2623 2248 2683 Unde
2287 2622 2394 2681 soli
2439 2621 2552 2679 Dei
2591 2617 2954 2695 beneplacito

546 2702 658 2760 hoc
686 2709 776 2760 est
802 2701 1265 2763 adscribendum.
1346 2703 1543 2781 Atque
1576 2704 1674 2762 hic
1701 2722 1764 2762 se
1788 2702 1982 2781 prodit
2007 2710 2172 2762 ectus
2202 2702 2311 2760 Dei
2339 2698 2712 2780 αὑτοκςιέτοςκ,
2756 2706 2814 2757 et
2855 2716 2954 2756 su·-

548 2780 731 2860 premi
762 2782 1015 2859 Domini,
1044 2784 1144 2862 qui
1171 2792 1237 2843 ut
1262 2783 1590 2843 liberrimus
1616 2782 1896 2841 bonorum
1941 2801 2172 2840 suorum
2215 2788 2304 2840 est
2343 2780 2721 2856 dispensator,
2763 2784 2961 2855 potest

552 2860 625 2921 de
654 2880 760 2919 sno
790 2861 975 2927 fecere
1003 2864 1161 2940 quod
1186 2864 1330 2937 vult,
1360 2864 1516 2921 hunc
1542 2862 1827 2938 eligendo,
1859 2862 2100 2919 alterum
2129 2859 2544 2939 prseteretmdo,
2585 2858 2724 2917 huie
2762 2856 2962 2916 dendo

551 2940 813 3020 gratiam,
845 2942 1011 3003 alteri
1039 2940 1395 3019 denegand0‚
1427 2942 1643 3017 absque
1673 2942 1952 3017 cujusque
1981 2939 2211 3017 injuris.

635 3020 816 3082 XIV.
845 3022 1101 3097 Quaestio
1123 3042 1261 3099 ergo
1290 3030 1357 3079 eo
1386 3020 1551 3095 redit,
1583 3018 1684 3077 An
1713 3020 2024 3078 Decretum
2049 3021 2160 3079 Dei
2189 3026 2464 3079 aeternum
2493 3016 2960 3095 Reprobetionis,

550 3121 671 3161 non
698 3110 817 3161 tam
845 3101 1217 3177 affirmativ,
1238 3120 1411 3179 quam
1440 3098 1743 3175 negativa,
1773 3117 1892 3157 non
1919 3107 2038 3159 tam
2067 3100 2364 3175 absolutae,
2394 3119 2566 3177 quam
2595 3106 2960 3175 comparatae,

555 3181 631 3241 sit
658 3181 1003 3256 absolutum,
1034 3201 1149 3240 non
1177 3200 1215 3238 a
1238 3178 1445 3237 mediis
1461 3178 1961 3255 consequentibus,
1986 3180 2082 3239 vel
2111 3198 2284 3239 censa
2311 3179 2488 3255 finali,
2509 3179 2604 3237 vel
2631 3177 2962 3237 conditione

555 3282 660 3321 seu
686 3262 963 3339 qualitate
988 3258 1376 3336 praecedanes,
1408 3257 1512 3316 sed
1539 3278 1574 3315 a
1600 3278 1776 3317 causa
1800 3260 2214 3335 procatarctice
2239 3268 2497 3334 externa,
2527 3267 2592 3318 ut
2620 3278 2656 3316 a
2683 3258 2808 3317 sola
2827 3252 2956 3316 ⁸138»—

554 3344 647 3419 κίῳ
672 3340 783 3399 Dei
810 3336 1057 3417 pendeat
1075 3342 1107 3397 Ρ
1146 3338 1245 3397 An
1272 3356 1413 3395 vero
1438 3338 1750 3415 prm-‘isam
1777 3348 2093 3417 peccatum,
2139 3348 2200 3399 et
2241 3338 2640 3398 infidelitatem
2683 3344 2956 3415 tanquam

556 3438 787 3479 causam
816 3415 1163 3476 meritoriam
1190 3417 1607 3494 reprobationis
1634 3419 1807 3478 unius
1833 3440 1952 3497 pree
1996 3420 2112 3479 alio
2155 3440 2382 3498 semper
2427 3424 2732 3497 supponet.
2816 3416 2962 3474 Pos-

556 3500 735 3559 terius
763 3496 1047 3555 affirmant
1076 3497 1449 3574 Adversarii3
1496 3499 1617 3557 Nos
1644 3500 1805 3577 prius
1831 3508 2078 3560 tuemur.

638 3576 786 3636 XV.
832 3574 1173 3652 Arminisni,
1204 3586 1269 3637 ut
1299 3578 1610 3637 Decretum
1650 3579 1968 3639 Electionis
2009 3600 2084 3639 ex
2123 3578 2372 3657 praevisa
2407 3577 2524 3637 fide
2567 3574 2964 3654 suspendunt;

560 3658 655 3716 Ite
691 3655 987 3715 decretum
1030 3656 1474 3735 Reprobationis
1514 3660 1820 3735 praevisam
1869 3659 2328 3719 incredulitatem
2371 3676 2691 3735 supponere
2736 3664 2964 3732 perten-

558 3737 721 3812 dunt,
752 3744 817 3795 ut
848 3755 1017 3795 nemo
1044 3757 1203 3797 mera
1232 3737 1345 3797 Dei
1371 3738 1672 3799 voluntate
1695 3740 1770 3799 sit
1795 3740 2135 3817 praeteritus,
2166 3738 2268 3797 sed
2297 3737 2620 3815 reprobatio
2642 3735 2827 3794 omnis
2849 3736 2966 3792 sin-

558 3816 826 3895 gularum
878 3836 1251 3895 personarum
1306 3816 1458 3877 facta
1511 3819 1587 3878 sit
1632 3820 1948 3878 secundnm
2003 3818 2516 3878 considerationem
2565 3813 2968 3875 antecedeneae

560 3895 937 3973 infidelitatis,
968 3906 1027 3956 et
1053 3898 1115 3955 in
1164 3897 1363 3956 eadem
1407 3900 1850 3975 perseverantiae
1893 3900 2118 3977 finalis3
2171 3907 2341 3976 etque
2389 3897 2472 3957 ite
2514 3896 2804 3974 objectum
2851 3892 2968 3951 Re-

558 3975 914 4055 probetionis
969 3984 1246 4050 statuunt,
1304 3996 1419 4035 non
1461 3986 1687 4038 tantum
1746 3980 2038 4038 hominem
2098 3985 2494 4056 peccatorem3
2559 3975 2662 4035 sed
2721 3972 2976 4031 finaliter

558 4055 921 4194 incffifflum
948 4064 1009 4116 et
1035 4056 1505 4135 impoenitentem,
1534 4066 1603 4117 ut
1644 4066 1897 4119 mentem
1939 4078 2101 4119 suam
2145 4058 2440 4136 explicant
2481 4056 2544 4114 in
2589 4055 2746 4113 Actis
2791 4054 2974 4129 Syno-

646 4215 826 4275 XVI.
872 4216 995 4275 Nos
1022 4236 1180 4291 vero,
1211 4215 1349 4275 licet
1376 4216 1670 4293 objectum
1699 4217 2144 4295 Reprobationis
2183 4238 2300 4276 non
2340 4216 2532 4275 minus
2559 4234 2627 4273 ac
2655 4211 2976 4273 Electionis

560 4302 885 4355 statuamus
910 4296 1201 4355 hominem
1244 4304 1621 4373 peccatorem,
1653 4306 1720 4356 ut·
1761 4318 1933 4375 supra
1959 4300 2167 4375 visum,
2196 4306 2264 4357 ut
2303 4316 2374 4355 ea
2411 4312 2530 4355 non
2570 4294 2723 4354 facta
2749 4292 2827 4351 sit
2853 4292 2980 4350 sine

561 4374 777 4434 intuitu
815 4375 1071 4453 peccati3
1130 4376 1185 4433 N
1188 4395 1427 4453 egemus
1466 4386 1660 4435 tamen
1699 4378 2010 4455 praevisum
2065 4385 2382 4457 peccatum,
2425 4376 2522 4434 vel
2575 4372 2976 4432 infidelitatem

562 4474 734 4533 posse
762 4456 985 4514 censeri
1012 4474 1262 4530 causam,
1285 4454 1404 4513 Cur
1427 4476 1577 4515 unns
1604 4476 1722 4534 prae
1751 4458 1865 4517 alio
1893 4458 2262 4536 reprobetur3
2305 4464 2364 4515 et
2391 4475 2508 4514 non
2534 4454 2708 4512 aliam
2727 4450 2974 4529 qualita-

562 4544 699 4611 tem,
724 4535 821 4595 vel
850 4534 1235 4595 conditionem
1263 4534 1323 4593 in
1351 4537 1639 4613 praeterito
1666 4538 2031 4615 praesupponi
2059 4537 2321 4611 dicimus,
2341 4554 2514 4613 quem
2541 4551 2672 4610 quae
2699 4532 2760 4589 in
2788 4530 2978 4588 electo

563 4624 791 4691 reperta
817 4625 922 4694 est,
953 4623 1013 4674 et
1039 4635 1169 4693 quse
1212 4616 1321 4673 toti
1361 4636 1565 4675 massae
1608 4625 1889 4694 corruptae
1931 4626 2021 4677 est
2061 4615 2397 4690 communis,
2430 4614 2574 4672 adeo
2601 4620 2668 4671 ut
2708 4610 2832 4669 sola
2861 4608 2976 4666 Dei

564 4692 757 4756 εὐδοκία
796 4695 947 4757 inter
986 4696 1201 4755 electos
1242 4702 1301 4753 et
1344 4696 1619 4773 reprobos
1660 4697 1967 4757 discrimen
2011 4696 2340 4770 constituat,
2385 4713 2502 4752 non
2529 4712 2668 4751 vero
2711 4690 2846 4766 ulla,
2877 4689 2976 4747 vel
