3300 5225
419 388 648 439 ασκεω.
679 366 800 450 nn]
1186 376 1194 393 ’
1446 386 1525 427 nn
1553 374 1908 429 clins-monn.
2714 374 2829 431 391

423 528 582 588 Loco
612 527 732 587 ΙΙΙ.
785 528 865 588 Et
891 528 1102 587 exinde
1131 526 1304 588 etiam
1333 526 1630 607 colligitur
1645 529 1979 606 certissime,
2010 526 2168 607 quod
2184 531 2491 608 utrumque
2520 531 2835 591 'successio-

417 626 552 668 nem
588 609 796 685 prioris
839 616 900 667 et
947 610 1279 686 posterioris
1320 610 1648 669 necessario
1691 610 1963 687 postulat,
1995 610 2152 687 quod
2191 610 2254 668 in
2294 611 2613 671 aeternitate
2641 613 2832 670 locum

384 728 392 739 ·
415 689 631 748 habere
659 703 776 747 non
801 696 1012 765 potest.
1059 690 1284 748 Rursus
1311 689 1362 747 si
1387 698 1598 765 motus,
1629 690 1731 768 qui
1758 690 1821 748 in
1850 690 1985 749 Sole
2014 690 2199 766 datur,
2224 690 2334 750 fuit
2360 690 2433 748 ab
2463 700 2694 767 aeterno,
2730 692 2833 751 Sol

417 769 619 828 debuit
646 786 774 827 esse
802 769 876 827 ab
906 776 1139 846 aeter'no,
1170 770 1267 828 vel
1293 768 1356 827 in
1382 770 1579 848 aliquo
1609 770 1847 828 zodiaci
1876 770 2061 847 signe,
2092 772 2189 829 vel
2230 771 2291 829 in
2319 771 2587 829 omnibus
2617 771 2826 849 simu13

419 848 540 909 Sed
566 857 835 907 neutrum
863 848 980 907 dici
1007 856 1230 927 potest3
1285 850 1418 908 Non
1444 851 1623 927 prius,
1656 850 1793 928 quia
1834 858 2169 927 sequeretur
2199 870 2304 929 per
2329 858 2511 910 totam
2540 852 2827 911 aeternita—

415 937 534 988 tem
574 945 756 987 unum
787 934 1016 987 tantum
1057 936 1157 988 aut
1197 930 1442 988 alterum
1483 930 1733 1007 signnm,
1780 929 1860 988 id.
1904 930 2153 1007 spatium
2193 930 2439 1005 finitum,
2472 931 2631 1008 quod
2656 932 2829 991 unico

415 1014 614 1067 mense
642 1009 940 1085 percurrit,
970 1008 1195 1067 infinita
1223 1008 1522 1068 duratione
1565 1020 1935 1087 peragrasseg
1994 1010 2152 1087 qu'od
2191 1018 2281 1069 est
2320 1010 2636 1089 ἂσ-ιίυτωτοη
2696 1012 2829 1070 Non

413 1088 718 1166 posterius,
749 1088 888 1165 quia
913 1107 1150 1147 necesse
1176 1088 1341 1164 foret,
1375 1089 1570 1147 Solem
1599 1104 1727 1148 esse
1770 1089 1941 1148 simul
1967 1090 2029 1147 in
2058 1091 2323 1149 omnihus
2352 1093 2589 1151 zodiaci
2624 1092 2825 1169 signis,

415 1168 560 1226 alias
576 1168 782 1227 fuisset
798 1168 860 1226 in
875 1186 992 1227 uno
1019 1169 1180 1246 prius
1207 1187 1382 1246 quam
1410 1169 1471 1226 in
1488 1169 1620 1243 alio,
1639 1168 1799 1246 quod
1826 1169 2134 1229 aetenfitati
2150 1179 2452 1248 repugnat.
2500 1172 2617 1231 Sed
2638 1172 2826 1249 impli-

414 1254 510 1307 cat
541 1248 736 1308 Solem
761 1268 866 1326 per
883 1248 1196 1307 Zodiacum
1217 1248 1455 1324 moveri,
1485 1248 1565 1307 id.
1594 1249 1669 1307 ab
1696 1258 1813 1307 uno
1840 1248 2009 1325 siguo
2034 1248 2112 1307 ad
2138 1250 2298 1309 aliud
2323 1252 2583 1327 transire,
2615 1258 2674 1310 et
2700 1264 2829 1311 esse

413 1336 609 1387 tamen
635 1329 698 1386 in
727 1328 994 1387 omnibus
1023 1328 1222 1405 signis.
1289 1327 1454 1386 Idem
1483 1327 1556 1387 de
1583 1328 2000 1388 mutationibus
2029 1329 2206 1387 variis
2234 1328 2349 1388 dici
2374 1338 2583 1408 potest,
2608 1348 2737 1408 quae
2765 1332 2827 1389 in

411 1412 582 1485 terra,
613 1416 673 1466 et
699 1406 872 1467 rebus
889 1408 1158 1466 omnibus
1179 1407 1604 1482 sublunaribus‚
1627 1408 1889 1485 adeoque
1916 1406 2246 1469 hominibus
2264 1409 2405 1487 ipsis
2426 1410 2823 1487 observantur,

410 1506 542 1564 quae
569 1506 684 1545 non
713 1496 956 1564 possunt
984 1487 1099 1545 dici
1121 1494 1364 1562 aeternoe,
1398 1487 1501 1545 sed
1526 1487 1873 1565 principium
1901 1488 2135 1565 aliquod
2162 1490 2485 1549 necessario
2512 1490 2825 1568 postulant.

491 1568 605 1626 VI.
649 1566 861 1642 Tertio,
895 1567 992 1624 Ex
1031 1568 1274 1626 novitate
1315 1566 1711 1625 Historiarum
1750 1576 1805 1626 et
1828 1569 2206 1627 Scientiarum
2232 1588 2305 1628 ac
2341 1572 2587 1629 Artium.
2673 1570 2823 1629 Nam

407 1644 663 1725 profanae
691 1646 946 1705 historias
975 1647 1384 1707 vetustissima
1412 1665 1526 1704 non
1557 1647 1731 1706 altius
1749 1647 1927 1706 ferme
1954 1648 2274 1708 ascendunt
2301 1669 2475 1726 quam
2502 1650 2579 1709 ad
2604 1644 2824 1710 bellum

409 1726 741 1804 Trojanum‚
773 1726 851 1785 id.
882 1726 958 1784 ad
984 1734 1074 1786 ter
1101 1726 1258 1785 mille
1286 1726 1513 1786 circiter
1539 1744 1739 1803 annes,
1770 1728 1908 1804 quia
1936 1746 1971 1785 a
1998 1727 2191 1787 diruta
2218 1728 2394 1806 Troja
2422 1730 2497 1787 ad
2524 1728 2822 1789 fundatam

410 1807 657 1865 Romam
685 1806 979 1866 fluxerunt
1008 1808 1161 1882 7303
1209 1816 1245 1864 a
1279 1807 1468 1865 Roma
1511 1806 1753 1866 fundata
1794 1826 1979 1885 usque
2023 1807 2099 1866 ad
2142 1808 2435 1867 Christum
2478 1812 2635 1887 7503
2681 1819 2740 1868 et
2788 1824 2823 1868 a

411 1886 642 1945 Christo
670 1886 746 1945 ad
771 1906 879 1944 nos
912 1889 1086 1946 1678.
1171 1886 1432 1945 Historia
1459 1906 1597 1945 vero
1626 1902 1790 1945 sacra
1816 1906 1852 1945 a
1881 1888 2047 1945 Mose
2090 1889 2431 1965 conscripta,
2476 1908 2593 1947 non
2622 1900 2819 1948 aseen-

407 1965 496 2024 dit
522 1966 711 2025 adhuc
739 1966 813 2024 ad
843 1984 948 2025 sex
975 1966 1156 2024 millia
1183 1983 1462 2025 annorum
1485 1986 1500 2041 ;
1546 1966 1631 2025 At
1660 1967 1709 2025 si
1736 1967 1999 2025 homines
2040 1967 2114 2025 ab
2142 1976 2357 2026 aeterno
2398 1969 2659 2045 fuissent,
2704 1990 2822 2028 non

407 2045 476 2105 fit
502 2046 815 2105 verisimile
857 2046 1047 2104 nullas
1087 2045 1310 2104 futuras
1351 2045 1528 2105 fuisse
1555 2043 1842 2119 historias,
1887 2046 2001 2104 nisi
2041 2066 2076 2103 a
2104 2047 2359 2124 quinque
2400 2058 2503 2107 aut
2530 2067 2635 2108 sex
2662 2049 2821 2109 mille

408 2126 576 2183 annis
601 2148 617 2183 ε
661 2125 778 2185 Cur
804 2126 958 2183 enim
999 2126 1180 2184 altum
1207 2122 1356 2183 illud
1397 2124 1689 2184 silentium
1731 2136 1767 2183 a
1794 2132 2078 2183 retroacto
2106 2134 2362 2204 tempore
2379 2131 2409 2186 Ρ
2448 2137 2549 2188 aut
2576 2150 2678 2189 cur
2694 2192 2701 2199 ,
2718 2134 2818 2207 po-

409 2205 526 2265 tius
553 2214 692 2263 tunc
721 2212 910 2281 coepta
937 2205 1045 2264 fuit
1071 2204 1329 2279 historia,
1360 2222 1534 2282 quam
1563 2213 1697 2264 ante
1716 2208 1746 2263 Ρ
1789 2205 1921 2263 Hoc
1947 2206 2133 2265 movit
2159 2208 2487 2265 Lucretium
2513 2208 2650 2267 licet
2679 2209 2819 2287 Epi-

409 2300 646 2344 cureum
674 2294 733 2344 et
763 2284 871 2343 Dei
903 2291 1372 2362 contemptorem,
1403 2293 1469 2344 ut
1495 2284 1815 2344 novitatem
1846 2283 2056 2343 Mundi
2084 2295 2441 2364 agnosceret,
2472 2287 2575 2347 lib.
2598 2303 2656 2347 v.

811 2445 1106 2502 Roeterea
1129 2445 1182 2502 si
1205 2446 1365 2502 nulla
1375 2444 1505 2518 suit
1523 2444 1787 2521 yenitalis
1813 2443 1973 2519 ort‘yo

811 2524 1125 2582 Terrarum
1153 2532 1208 2582 ct
1237 2524 1391 2599 Coeli,
1418 2542 1747 2601 semperque
1772 2532 1985 2582 aeterna
1995 2526 2186 2599 fitero,

812 2604 936 2665 Cur
960 2625 1142 2681 supra
1168 2606 1368 2664 bellum
1399 2605 1735 2680 Thebanum,
1767 2606 2053 2680 eefimera
2086 2604 2292 2680 Troioe,

807 2687 944 2744 Non
972 2685 1119 2743 alias
1139 2686 1245 2743 alit·
1267 2703 1484 2762 quoque
1509 2703 1602 2744 res
1629 2685 1873 2743 cecinere
1900 2685 2090 2743 Poctae
2106 2686 2134 2742 ,θ

813 2767 941 2832 Quo
970 2773 1050 2823 tot
1057 2767 1228 2840 facta
1253 2765 1437 2824 virum
1465 2766 1619 2823 toties
1646 2765 1907 2839 cecidere,
1938 2783 2039 2823 nec
2064 2783 2241 2842 usque

807 2846 1064 2903 AEtemis
1073 2848 1260 2919 ‚fizmoe
1285 2846 1631 2904 monimentis
1658 2845 1826 2902 insita
1836 2847 2053 2922 florent
2068 2847 2095 2902 ,ἲ
2121 2901 2128 2909 ,

815 2925 1039 3001 Verum,
1069 2931 1132 2982 ut
1157 2925 1374 3002 opinor,
1406 2926 1567 2983 hahet
1591 2925 1891 2983 novitatem
1917 2943 2151 2999 summa,
2183 2943 2483 3004 recemqae

804 3007 1042 3063 Natura
1069 3013 1151 3064 est
1174 3005 1383 3081 mundi,
1415 3025 1594 3082 neque
1607 3005 1839 3081 pridem
1859 3005 2101 3064 eaeordia
2129 3005 2306 3082 coept't,

816 3087 1016 3151 Quare
1041 3085 1211 3144 etiam
1238 3087 1499 3162 quaedam
1525 3103 1673 3144 nunc
1698 3093 1851 3144 artes
1878 3085 2257 3162 eapoliuntur,

805 3166 979 3223 Nunc
1005 3165 1176 3223 etiam
1200 3172 1518 3242 augescunt,
1551 3165 1643 3240 ὅτ.

407 3319 486 3380 Et
513 3321 841 3380 Macrobius
879 3322 972 3380 his
1014 3321 1232 3381 attente
1261 3321 1659 3398 consideratis,
1708 3325 1849 3390 Quis
1890 3324 2111 3398 dubitet,
2154 3322 2361 3399 inquit,
2406 3323 2540 3400 quin
2582 3326 2821 3382 mundns

404 3419 594 3460 recens
621 3421 692 3460 ac
731 3421 904 3460 novus
927 3403 1014 3476 sit,
1060 3419 1186 3459 cum
1210 3401 1477 3460 Historia
1523 3402 1735 3462 Graeca
1762 3403 1841 3460 bt‘s
1880 3404 2029 3461 mille
2068 3423 2350 3461 annorum
2390 3404 2681 3461 hasteriam
2720 3404 2821 3462 vix

402 3482 698 3540 conti-neat.
787 3481 850 3540 Si
878 3481 978 3559 qui
1007 3500 1146 3539 vero
1178 3479 1388 3558 Populi
1418 3480 1682 3538 Annales
1712 3499 1846 3540 suos
1872 3482 2117 3540 ulterius
2145 3481 2486 3556 extendunt,
2517 3482 2615 3541 vel
2641 3503 2815 3542 merse

407 3568 541 3619 sunt
568 3561 794 3636 fabulae,
840 3568 899 3620 et
925 3561 1258 3619 mentientis
1298 3560 1465 3618 famae
1505 3559 1775 3636 ludibria,
1806 3559 1903 3617 vel
1944 3560 2080 3617 anni
2120 3560 2416 3634 menstrui,
2446 3560 2545 3618 vel
2586 3562 2817 3638 quadri·

403 3649 660 3714 mestres,
691 3661 809 3699 non
835 3659 976 3699 vero
1009 3639 1240 3699 Solares
1265 3639 1685 3718 intelliguntur.
1734 3667 1742 3675 ·
1772 3638 1903 3696 Hoc
1931 3640 2241 3714 Diodorus,
2271 3638 2421 3696 libro
2448 3638 2506 3713 i.‚
2549 3641 2821 3700 observat

406 3719 478 3777 de
509 3719 811 3794 Chaldaeis,
843 3721 944 3798 qui
973 3721 1213 3779 authore
1245 3721 1520 3779 Cicerone
1560 3735 1869 3796 puerorum
1898 3735 2141 3794 geneses
2170 3735 2233 3776 sc
2260 3717 2601 3777 observasse
2642 3719 2818 3796 glori-

407 3805 577 3858 antur
603 3802 825 3876 43,000
866 3807 1000 3858 ante
1031 3799 1434 3858 Alexandrum
1476 3798 1663 3872 annis,
1695 3809 1876 3855 annos
1908 3797 2165 3856 Lunares
2208 3797 2431 3856 scilicet
2470 3798 2815 3876 intelligere,

405 3878 485 3938 id.
534 3897 780 3940 menses.
823 3879 1178 3956 Porphyrius
1205 3880 1345 3957 ipse,
1389 3876 1557 3937 testis
1583 3877 1645 3934 in
1682 3877 1792 3935 hac
1820 3895 1995 3936 causa
2036 3877 2193 3935 omni
2232 3877 2574 3954 exceptione
2615 3879 2815 3956 major,

406 3959 508 4034 qui
535 3959 760 4019 viderat
788 3959 1224 4019 observationes
1251 3960 1382 4017 illas
1411 3957 1830 4033 Chaldaeorum,
1874 3973 2021 4033 quas
2050 3956 2374 4014 Alexandri
2402 3965 2657 4034 tempore
2688 3959 2816 4016 Cal-

406 4037 688 4098 listhenes
715 4059 792 4098 ex
821 4039 1128 4117 Babylone
1155 4039 1218 4098 in
1246 4039 1532 4099 Graeciam
1559 4037 1813 4112 miserat,
1856 4035 2015 4094 mille
2042 4044 2269 4095 tantum
2310 4043 2370 4095 et
2397 4045 2821 4113 nongentorum

405 4132 687 4176 annorum
731 4119 912 4179 fuisse
962 4120 1179 4179 scribit.
1264 4119 1430 4177 Idem
1471 4118 1544 4176 de
1580 4118 1814 4175 Artibus
1853 4123 1913 4175 et
1958 4116 2212 4175 Scientt‘is
2252 4115 2368 4174 dici
2416 4116 2621 4194 debet;
2668 4117 2819 4176 Nam

404 4206 633 4257 constat
661 4218 854 4258 earum
886 4199 1199 4276 primordia
1226 4217 1341 4256 non
1385 4197 1653 4275 protendi
1680 4196 1831 4256 ultra
1858 4195 2079 4273 aliquot
2106 4215 2389 4255 annorum
2416 4196 2491 4255 ad
2532 4214 2819 4255 summum

403 4278 602 4353 millia,
633 4287 702 4338 ut
729 4299 802 4338 ex
833 4299 1032 4338 eorum
1059 4279 1462 4338 inventoribus
1489 4283 1665 4354 patet,
1697 4292 1941 4354 quorum
1972 4277 2177 4335 seriem
2208 4275 2449 4352 Plinius,
2482 4277 2821 4348 aeternitatis

400 4366 594 4417 tamen
624 4359 825 4416 mundi
853 4366 1120 4433 assertor,
1163 4377 1367 4436 parum
1397 4358 1508 4416 sibi
1535 4365 1824 4432 constans,
1868 4356 2060 4431 refert,
2103 4356 2206 4414 lib.
2236 4355 2338 4414 vii.
2382 4359 2440 4414 et
2466 4355 2591 4415 viii.
2675 4357 2819 4430 Quis

401 4455 544 4497 vero
573 4437 884 4497 crediderit
923 4438 1186 4496 homines
1213 4437 1288 4496 ab
1331 4445 1546 4497 aeterno
1573 4436 1769 4511 fuisse,
1815 4443 1873 4494 et
1899 4437 2047 4494 nihil
2073 4436 2189 4495 tale
2217 4435 2599 4512 excogitasse,
2642 4435 2738 4493 vel
2768 4435 2821 4494 si

401 4519 810 4596 excogitarunt
837 4517 914 4576 ad
953 4525 1216 4594 posteros
1253 4536 1372 4575 non
1399 4516 1785 4576 transmisisse
1801 4518 1831 4573 ⁴?
1871 4515 1969 4574 vel
1997 4515 2047 4574 si
2073 4515 2469 4582 transmittere,
2490 4514 2817 4590 voluerunt,

398 4597 481 4657 ita
509 4605 704 4658 tamen
733 4597 1116 4672 intercidisse,
1145 4604 1213 4656 ut
1237 4597 1386 4655 nihil
1413 4596 1489 4655 ad
1515 4616 1615 4657 eos
1641 4595 1873 4674 penitus
1900 4595 2192 4670 transierit
2209 4598 2240 4654 Ρ

481 4677 628 4737 VII.
656 4677 894 4752 Quarto,
925 4697 962 4736 a
987 4676 1272 4737 Comen-su
1297 4676 1556 4736 Gentium
1573 4683 1632 4735 et
1652 4675 1981 4751 Sapientum
2001 4673 2211 4751 mundi,
2235 4672 2447 4752 quibus
2466 4671 2666 4730 saltem
2695 4671 2818 4749 ple-
