3300 5225
444 321 563 378 280
1483 335 1668 377 Locus
1695 335 1984 386 QUARTUS.
2538 307 2788 390 [oua-:sn
2816 327 2859 368 1.

449 510 570 616 ⁸2:²1
591 511 795 616 2⁰:¹5ss
806 511 928 617 „3333
969 475 1152 616 cretis
1153 475 1323 615 1130?
1336 469 2860 634 pffisiniuffimissss⁸tsshffiass⁰¹25¹ffeziffissussss.

509 629 746 675 dentium.
973 637 1143 696 Patet
1173 640 1226 696 1.
1256 657 1291 695 a
1316 637 1683 714 simplicitate,
1729 637 1867 713 quia
1891 636 1953 693 in
1981 654 2152 711 quem
2181 631 2397 692 cadunt
2424 629 2763 705 accidentia,
2807 628 2861 687 is

447 735 566 773 non
594 722 684 774 est
709 715 972 775 absolute
1001 716 1266 794 simplex,
1309 725 1510 794 utpote
1537 717 1638 794 qui
1667 715 2029 792 componitur
2054 733 2129 772 ex
2168 713 2430 789 subjecto
2456 718 2517 769 et
2542 707 2858 768 accidente.

450 799 507 854 2.
541 795 638 853 Ab
667 796 933 875 infinitate
961 804 1020 855 et
1035 797 1397 872 perfectione,
1427 797 1564 874 quia
1590 795 1977 873 quodcunque
1993 792 2216 852 accedit
2243 792 2320 850 ad
2346 789 2583 867 aliquid,
2626 788 2704 848 ad
2731 788 2861 866 ejus

447 874 857 952 perfectionem
898 875 1036 934 facit
1082 874 1159 934 ad
1201 877 1358 953 quod
1397 876 1637 935 accedit.
1722 875 1810 934 At
1852 875 2013 932 Deus
2054 885 2143 932 est
2198 870 2647 950 perfectissimus
2705 867 2863 928 omni

449 954 639 1030 mod0‚
683 975 790 1015 nec
827 963 1051 1014 tantum
1091 955 1481 1032 perfectibilia,
1512 963 1578 1015 ut
1604 974 1806 1014 omnes
1832 961 2127 1013 creaturae.
2172 955 2228 1012 3.
2258 952 2360 1010 Ab
2400 949 2855 1023 immutabilitate,

449 1034 588 1112 quia
613 1035 881 1095 accidens
922 1043 1013 1094 est
1037 1034 1206 1093 radix
1233 1036 1421 1095 omnis
1461 1035 1833 1094 mutationis:
1876 1034 1964 1093 At
2006 1033 2168 1093 Deus
2196 1041 2286 1091 est
2320 1029 2699 1090 immutabilis
2736 1035 2859 1086 tam

449 1114 751 1174 voluntate
779 1135 952 1193 quam
981 1115 1249 1174 essentia.

451 1229 544 1274 Sed
576 1233 632 1274 ut
662 1232 797 1274 nctus
831 1244 934 1274 vo·-
1096 1194 1244 1254 VII.
1289 1194 1435 1254 Cum
1475 1214 1618 1272 ergo
1643 1214 1762 1253 non
1801 1193 2027 1273 possint
2066 1189 2497 1252 accidentaliter
2534 1189 2661 1246 Deo
2702 1205 2857 1246 com-

487 1287 696 1332 luntatis
741 1288 905 1333 imma-
975 1281 1187 1352 petere,
1217 1294 1453 1334 necesse
1481 1282 1572 1332 est
1598 1282 1665 1333 ut
1691 1273 1751 1332 in
1782 1274 1909 1333 Deo
1938 1272 2203 1332 dicantur
2229 1291 2356 1330 esse
2384 1268 2762 1342 essentialiter,
2792 1275 2859 1326 ut

487 1349 675 1390 nentos.
969 1362 1126 1412 actus
1153 1354 1511 1414 immanentes
1549 1355 1849 1413 voluntatis
1888 1353 2061 1430 ipsius
2112 1372 2242 1411 cum
2284 1349 2448 1427 σχίσῃ
2488 1357 2548 1408 et
2586 1348 2856 1406 termina-

448 1430 607 1490 tione
635 1431 712 1489 ad
751 1439 932 1508 extra,
977 1433 1192 1510 quique
1231 1434 1363 1494 ideo
1404 1454 1521 1493 non
1548 1433 1824 1493 differunt
1862 1433 2095 1493 realiter
2134 1431 2207 1490 ab
2245 1431 2371 1508 ipsa
2413 1427 2683 1488 Essentia
2724 1426 2855 1502 Dei,

451 1530 582 1569 cum
611 1511 881 1570 voluntas
913 1513 1040 1588 Dei,
1073 1533 1204 1572 cum
1231 1535 1346 1592 qua
1373 1513 1816 1589 identifieantur,
1846 1513 1993 1571 nihil
2008 1511 2167 1570 aliud
2196 1511 2271 1570 sit
2298 1530 2471 1588 quam
2498 1509 2625 1586 ipsa
2643 1508 2857 1566 Essen-

451 1590 536 1650 tia
561 1591 780 1666 volens,
812 1591 1177 1670 inadaequato
1220 1603 1502 1672 conceptu
1531 1614 1566 1652 a
1591 1593 1761 1653 nobis
1802 1593 2199 1671 apprehensa:
2240 1591 2352 1650 hoc
2394 1609 2568 1649 sensu
2610 1587 2861 1646 Decreta

451 1680 608 1730 recte
636 1671 907 1731 dicuntur
933 1671 1276 1732 identificari
1303 1695 1435 1734 cum
1463 1674 1588 1751 ipsa
1617 1673 1903 1749 Essentia‚
1949 1680 2121 1751 prout
2148 1671 2467 1748 concipitur
2507 1667 2585 1727 ad
2622 1666 2859 1726 modum

453 1759 618 1810 actus
645 1750 840 1812 vitalis
869 1771 995 1812 sese
1037 1752 1472 1834 determinantia
1501 1753 1576 1812 ad
1614 1754 1727 1812 hoc
1768 1753 1865 1812 vel
1905 1751 2051 1811 illud
2092 1759 2259 1810 extra
2286 1771 2348 1809 se
2389 1747 2856 1828 producendum3

456 1871 556 1922 Qui
585 1873 772 1918 habent
799 1887 878 1918 ra-
979 1832 1152 1893 Unde
1181 1834 1428 1912 duplicis
1456 1853 1644 1893 causae
1672 1834 1965 1892 notionem
1992 1832 2257 1908 induunt,
2288 1829 2609 1889 Efficientis
2636 1835 2695 1887 et
2735 1826 2857 1884 Ex-

511 1931 694 1976 tionem
710 1930 878 1977 cauam
979 1914 1281 1991 emplaris3
1325 1914 1649 1988 Efficientis,
1701 1913 1839 1991 quia
1880 1927 2238 1990 quascunque
2286 1909 2479 1970 futura
2528 1916 2678 1984 sunt,
2728 1906 2861 1966 ideo

511 1989 794 2060 Efficiontis·
828 1993 880 2036 θ*
979 1992 1172 2052 futura
1199 2001 1351 2070 sunt,
1380 1993 1540 2071 quod
1582 1994 1743 2053 Deus
1780 2012 1850 2051 ea
1886 1991 2177 2066 decrevit3
2221 2011 2328 2050 nec
2356 1990 2482 2049 dari
2520 1995 2713 2067 potest
2746 1986 2864 2046 alia

511 2045 835 2106 Exemplms.
975 2073 1133 2150 prior
1159 2093 1334 2133 causa
1359 2073 1488 2150 ejus
1515 2093 1791 2150 operum3
1835 2072 2207 2148 Exemplar-is
2232 2080 2443 2148 autem,
2483 2069 2621 2150 quia
2650 2068 2861 2126 Decre-

453 2157 580 2209 tum
619 2148 731 2207 Dei
771 2157 862 2209 est
888 2153 1142 2212 omnium
1172 2173 1362 2212 rerum
1411 2162 1578 2212 extra
1619 2173 1681 2212 se
1723 2153 1891 2229 quasi
1932 2152 2082 2228 idea,
2126 2151 2203 2209 ad
2227 2169 2401 2230 quam
2444 2168 2550 2210 ceu
2586 2148 2865 2231 ἇςῄτυπη

451 2229 581 2308 ipsa
607 2229 791 2290 veluti
816 2227 1014 2292 'aarum
1043 2233 1443 2310 exprimuntur
1467 2233 1530 2290 in
1556 2241 1834 2310 tempore.

1104 2312 1288 2372 VIII.
1333 2313 1419 2374 Ut
1467 2332 1635 2372 omne
1679 2332 1861 2390 agens
1902 2313 2084 2372 libere
2128 2319 2188 2371 et
2230 2331 2308 2370 ex
2350 2309 2592 2369 consilio
2625 2309 2749 2386 agit
2788 2307 2865 2367 ad

983 2391 1190 2469 ideam,
1221 2413 1338 2452 non
1365 2392 1515 2452 male
1543 2413 1735 2452 rerum
1764 2393 2021 2452 omnium
2048 2391 2194 2452 ideas
2222 2391 2281 2448 in
2308 2397 2499 2450 mente
2524 2388 2636 2448 Dei
2662 2388 2861 2446 dicun-

983 2481 1080 2532 tur
1107 2492 1251 2548 ssse,
1280 2493 1400 2532 non
1423 2481 1596 2550 prout
1623 2481 1832 2532 sonant
1859 2472 2110 2551 speciem
2137 2472 2390 2549 aliquam
2416 2467 2859 2545 intelligibilem,

456 2551 556 2612 vel
581 2551 824 2612 formam
851 2554 1104 2632 aliquam
1124 2573 1331 2629 rerum,
1352 2573 1482 2631 quse
1509 2574 1587 2614 ex
1604 2553 1780 2613 rebus
1800 2553 1945 2631 ipsis
1970 2552 2248 2629 eliciatur,
2273 2559 2332 2610 et
2352 2549 2585 2610 accedat
2610 2546 2861 2624 aliunde,

458 2641 519 2691 et
546 2632 907 2709 imprimatur
931 2635 993 2693 in
1024 2634 1168 2709 De0,
1198 2641 1266 2692 ut
1293 2654 1355 2693 se
1382 2653 1475 2693 res
1516 2633 1693 2693 habet
1718 2634 1781 2691 in
1807 2633 1955 2693 ideis
1980 2633 2281 2709 humanis;
2330 2631 2449 2691 Sed
2484 2636 2656 2708 prout
2694 2628 2862 2687 innu-

457 2720 567 2771 unt
593 2713 884 2771 notionem
914 2733 1015 2773 seu
1043 2732 1276 2772 causam
1298 2714 1703 2792 exemplarem,
1734 2734 1863 2791 quse
1884 2713 2057 2773 rebus
2084 2714 2227 2791 ipsis
2251 2710 2571 2791 praeexistit
2586 2710 2649 2767 in
2672 2716 2867 2767 mente

463 2791 592 2865 Dei,
624 2799 683 2850 et
709 2794 1050 2870 exprimitur
1077 2794 1138 2851 in
1163 2793 1308 2871 ipsis
1335 2812 1512 2870 quum
1540 2793 1951 2871 producuntur,
1983 2794 2241 2871 nihilque
2268 2791 2430 2851 aliud
2464 2798 2554 2850 est
2580 2808 2753 2867 quam
2780 2788 2867 2865 ip·

463 2880 649 2931 samet
677 2872 948 2933 Essentia
976 2873 1189 2949 divina,
1235 2882 1406 2951 prout
1447 2874 1521 2933 ab
1563 2875 1691 2951 ipso
1735 2874 1863 2933 Deo
1890 2874 2251 2952 intelligitur,
2296 2873 2393 2932 vel
2418 2880 2486 2932 ut
2526 2869 2807 2929 imitabilis
2834 2888 2870 2927 a

464 2952 772 3029 CreaturiS,
803 2953 855 3012 si
881 2954 958 3013 sit
984 2972 1078 3013 res
1104 2972 1260 3013 mere
1286 2953 1595 3031 possibilis,
1639 2974 1769 3031 quae
1808 2955 2060 3031 pertinet
2085 2953 2161 3013 ad
2188 2953 2487 3013 scientiam
2527 2950 2864 3027 naturalem,

465 3032 564 3090 vel
591 3040 656 3090 ut
685 3034 977 3108 imitanda,
1010 3034 1060 3092 si
1088 3033 1164 3092 sit
1191 3034 1400 3108 futura,
1430 3041 1490 3093 et
1517 3033 1815 3093 scientiam
1841 3034 2083 3093 liberam
2110 3034 2363 3111 respicit.

551 3111 670 3170 IX.
716 3112 1078 3190 Unde'patet
1107 3113 1306 3172 Ideam
1335 3113 1723 3173 diversimode
1750 3114 1927 3173 tribui
1972 3115 2116 3190 Deo,
2148 3122 2207 3173 et
2234 3112 2491 3188 homini3
2534 3111 2597 3169 in
2633 3108 2867 3169 homine

467 3190 600 3251 idea
647 3202 736 3251 est
789 3193 950 3271 prius
997 3194 1292 3271 impressa,
1339 3202 1398 3253 et
1437 3203 1640 3271 postea
1680 3195 2021 3272 exprimitur
2068 3195 2131 3253 in
2182 3194 2392 3253 rebus:
2466 3190 2584 3251 Sed
2626 3190 2689 3248 in
2738 3190 2865 3248 Deo

471 3279 562 3331 est
601 3280 827 3331 tantum
870 3274 1200 3351 exprimens
1239 3274 1486 3352 proprie,
1531 3294 1648 3333 non
1692 3275 1987 3352 impressa,
2018 3275 2155 3352 quia
2196 3294 2312 3333 non
2346 3271 2573 3332 aceedit
2612 3269 2865 3329 aliunde.

471 3351 546 3411 In
571 3352 805 3413 homine
845 3372 938 3413 res
981 3354 1122 3432 ipsse
1163 3361 1298 3414 sunt
1339 3353 1653 3431 exemplar,
1684 3364 1745 3413 et
1785 3356 2026 3415 scientia
2051 3363 2250 3415 nostra
2290 3360 2379 3413 est
2418 3353 2629 3429 imago,
2662 3349 2765 3409 sed
2804 3349 2869 3407 in

475 3433 604 3527 Qeo
633 3433 873 3494 scientia
899 3434 1101 3493 divina
1127 3443 1217 3495 est
1257 3435 1570 3513 exemplar,
1603 3444 1663 3495 et
1689 3454 1783 3494 res
1824 3436 1965 3514 ipsse
2008 3444 2144 3495 sunt
2182 3435 2394 3513 imag0,
2424 3432 2521 3491 vel
2550 3428 2867 3491 similitudo

472 3532 604 3591 ejus
630 3532 924 3591 expressa.

557 3592 643 3651 X.
689 3594 855 3654 Licet
899 3595 1058 3655 Ideae
1094 3616 1286 3655 rerum
1327 3595 1692 3675 possibilium
1737 3604 1795 3655 et
1838 3596 2159 3677 futurarum
2201 3601 2527 3655 statuantur
2564 3592 2629 3649 in
2673 3598 2868 3649 mente

476 3674 606 3749 Dei,
639 3694 755 3734 non
785 3676 1044 3753 sequitur
1073 3677 1262 3736 Deum
1290 3675 1500 3736 debere
1540 3676 1755 3754 pariter
1796 3678 2037 3754 concipi,
2068 3677 2165 3735 vel
2190 3684 2258 3735 ut
2297 3672 2648 3752 possibilem,
2678 3670 2777 3729 vel
2802 3676 2871 3729 ut

476 3753 767 3832 futurum3
800 3756 1011 3815 sufficit
1029 3765 1096 3816 ut
1122 3756 1258 3816 inde
1287 3757 1628 3834 colligamus
1656 3775 1848 3817 rerum
1875 3757 2131 3817 omnium
2157 3754 2600 3835 possibilitatem
2628 3760 2687 3810 et
2714 3750 2869 3809 futu-

475 3834 748 3971 fitdonem
773 3856 811 3893 a
839 3836 966 3894 Deo
991 3836 1261 3914 pendere,
1305 3845 1365 3896 et
1395 3838 1584 3897 Deum
1610 3836 1723 3896 hoc
1764 3856 1941 3897 sensu
1980 3856 2107 3897 esse
2146 3835 2341 3897 omnia
2378 3852 2497 3892 non
2536 3830 2868 3906 formaliter,

481 3932 544 3972 se
613 3915 947 3975 eminenter.

563 3992 686 4052 XI.
731 3994 1009 4068 Quamvis
1052 3994 1196 4054 Idea
1237 3994 1393 4054 dicat
1431 3994 1714 4055 rationem
1756 3994 2151 4057 similitudinis
2190 4002 2249 4055 et
2290 3991 2725 4066 convenientiae,
2758 3988 2873 4048 Dei

481 4080 674 4132 autem
718 4081 777 4132 et
805 4073 1095 4133 Creaturoe
1137 4075 1213 4134 sit
1253 4094 1477 4134 summa
1519 4074 1809 4151 distantia,
1860 4084 1921 4136 et
1958 4077 2119 4135 nulla
2158 4074 2399 4153 proinde
2439 4071 2707 4131 videatur
2745 4089 2874 4129 esse

481 4172 654 4231 posse
699 4151 1052 4231 similitud03
1098 4154 1232 4213 Non
1269 4153 1481 4213 desinit
1522 4162 1719 4214 tamen
1762 4154 1907 4214 Idea
1948 4156 2107 4233 dari3
2154 4156 2293 4233 quia
2330 4150 2745 4230 distinguenda
2786 4156 2877 4209 est

481 4232 784 4291 sinulitudo
811 4233 1225 4308 univocationis,
1256 4233 1487 4312 quando
1515 4232 1632 4294 duo
1674 4236 2025 4295 conveniunt
2056 4236 2119 4295 in
2144 4256 2262 4296 uno
2302 4242 2585 4316 conceptu
2624 4230 2875 4290 univoco

485 4320 546 4373 et
587 4313 896 4388 communi,
929 4310 1021 4392 (ut
1063 4314 1272 4372 Petrus
1311 4323 1372 4373 et
1411 4314 1626 4374 Paulus
1668 4314 1939 4375 dicuntur
1978 4316 2212 4392 similes,
2244 4314 2381 4392 quia
2422 4312 2775 4373 conveniunt
2814 4308 2877 4367 in

484 4393 860 4468 humanitate,
892 4412 1022 4469 quse
1060 4402 1149 4453 est
1195 4393 1313 4452 illis
1349 4394 1716 4475 communia)
1761 4404 1821 4455 et
1862 4396 1945 4455 sic
1984 4415 2103 4456 non
2150 4395 2321 4455 datur
2362 4392 2679 4454 similitudo
2726 4390 2878 4449 inter

490 4473 682 4532 Deum
710 4480 769 4532 et
797 4472 1118 4549 Creaturas,
1161 4474 1300 4551 quia
1337 4494 1408 4533 ea
1447 4495 1575 4553 quse
1617 4475 1888 4536 dicuntur
1923 4475 1995 4534 de
2026 4475 2153 4536 Deo
2194 4484 2253 4535 et
2294 4473 2367 4534 de
2410 4472 2717 4545 creaturis,
2761 4488 2879 4528 non

489 4553 760 4615 dicuntur
784 4553 1050 4631 univoce,
1081 4553 1184 4614 sed
1221 4554 1554 4634 analogice;
1599 4555 1705 4615 sed
1730 4556 1845 4616 alia
1872 4565 1961 4617 est
1990 4556 2292 4616 similitudo
2332 4551 2723 4635 expressionis,
2756 4550 2881 4609 sive

489 4634 1028 4713 repraesentationis,
1057 4634 1348 4714 quomodo
1375 4656 1554 4698 unum
1583 4636 1854 4699 distincte
1894 4644 2269 4715 repraesentat
2296 4645 2356 4696 et
2397 4632 2673 4713 exprimit
2700 4628 2877 4705 aliud,

519 2375 589 2422 Et
609 2373 726 2420 iden
745 2377 868 2424 bene

581 2433 825 2480 dicuntur.
