3300 5225
316 365 553 416 eumer:
580 346 667 426 x.]
1320 363 1399 404 m:
1428 362 1710 404 racemo·
2601 341 2716 396 573

316 505 541 566 vellent
572 503 879 576 Sociniani,
949 503 1075 561 uasi
1102 521 1257 561 mors
1285 502 1361 562 sit
1386 503 1683 576 naturalis,
1713 521 1830 560 non
1855 501 2117 578 pennalis,
2137 509 2228 560 est
2253 506 2440 582 πςῧτοι
2464 502 2720 580 ipsorum

380 629 485 676 Μ
596 629 637 672 ti
704 629 719 672 i
841 581 1035 675 2101‘35,
1064 581 1223 658 quod
1248 589 1419 639 antea
1444 601 1481 638 a
1504 580 1676 639 nobis
1703 588 1793 640 est
1819 579 2174 639 confutatum
2204 581 2343 640 Loc.
2366 582 2442 640 V.
2512 587 2569 640 2.
2597 585 2716 641 Ne·-

487 644 595 687 ⁰mp
638 643 701 674 ⁰¹¹
722 643 759 672 ⁶
844 661 1064 720 cessitas
1089 661 1509 755 Redemptionis
1535 661 1802 719 omnibus
1829 659 2141 737 salvandis,
2164 661 2302 736 quia
2327 659 2719 737 redemptione

846 759 990 818 opus
1016 759 1135 798 non
1150 747 1329 814 esset,
1360 738 1473 798 nisi
1514 739 1813 816 supposito
1851 746 2106 815 peccate.
2189 742 2246 797 3.
2274 741 2590 798 Necessitas
2627 760 2718 797 re-

840 819 1233 896 ymcrationis,
1262 819 1387 876 sine
1434 837 1549 894 qua
1594 837 1766 876 nemo
1819 824 2012 893 potest
2056 817 2255 876 videre
2301 837 2544 895 regnum
2587 818 2718 894 Dei,

318 898 367 958 J
369 918 496 959 oan
518 898 598 956 iii.
617 901 684 972 33
726 918 828 956 cur
854 898 1008 958 enim
1034 898 1302 956 renovari
1329 897 1565 955 deberet
1590 897 1763 955 homo
1790 915 1895 974 per
1921 897 2430 973 regenerationem,
2454 897 2566 955 nisi
2584 898 2722 973 quia

320 984 627 1054 corruptus
668 985 758 1036 est
784 997 819 1034 a
845 987 1052 1035 natura
1095 995 1201 1052 per
1240 977 1671 1052 generationem
1691 978 1720 1033 Ρ
1800 977 1857 1032 4.
1884 976 2202 1034 Necessitas
2236 977 2598 1034 Sacramentz'
2617 975 2719 1034 ad-

844 1054 1209 1114 ministrandi
1249 1054 1565 1112 infantibus
1606 1072 1810 1112 recens
1835 1053 2004 1128 natis,
2039 1053 2528 1113 Circumctlsiomb‘
2511 1075 2573 1112 ιιι
2599 1055 2719 1114 Ve-

323 1111 715 1228 cm‘fflssffissss
755 1115 807 1158 ⁰¹²
846 1135 971 1210 teri,
1004 1141 1065 1192 et
1089 1133 1414 1209 Baptismi
1396 1153 1459 1190 ιιι
1486 1132 1559 1191 N.
1573 1133 1975 1206 ',Testamento
2006 1151 2124 1208 quo
2162 1133 2609 1210 haudquaquam
2648 1134 2723 1192 iis

323 1293 411 1352 rei
437 1293 625 1352 forent
651 1301 709 1353 et
734 1210 2724 1367 maffpmggzepoensssznqzdgffiaepssffiorgzpssaepglolgssegg

324 1372 847 1449 praescribebatur
828 1391 891 1428 m
919 1370 1121 1428 Veteri
1147 1370 1532 1462 TestamentO,
1556 1387 1688 1444 quae
1713 1368 1906 1427 locum
1925 1387 2043 1425 non
2062 1369 2376 1444 habuisset,
2393 1369 2508 1427 nisi
2528 1370 2724 1446 aliqua

328 1451 635 1527 corruptio,
665 1459 725 1509 et
752 1448 1143 1507 immundities
1180 1449 1245 1505 in
1269 1449 1397 1525 ipsa
1434 1447 1686 1506 hominis
1723 1447 2094 1524 generatione
2135 1447 2426 1507 existeret.
2510 1450 2565 1506 5.
2593 1449 2725 1506 Lex

366 785 777 846 Regenerationis.

327 1531 645 1603 communis,
675 1537 741 1586 ιιι
768 1547 937 1586 omne
964 1527 1225 1602 genitum
1252 1527 1436 1585 simile
1465 1527 1540 1584 sit
1568 1526 1848 1602 gignenti,
1877 1533 1999 1584 tam
2026 1525 2218 1601 quoad
2245 1527 2510 1603 speciem,
2547 1545 2722 1604 quam

326 1608 521 1684 quoad
564 1607 887 1666 accidentia
932 1605 1144 1682 speciei
1188 1606 1434 1682 propria,
1481 1605 1618 1680 quia
1665 1605 1960 1680 generatio
2007 1610 2098 1662 est
2137 1605 2576 1664 communicatio
2607 1625 2726 1664 non

328 1686 502 1744 modo
531 1687 811 1760 essentiae,
843 1684 947 1743 sed
989 1692 1049 1742 et
1074 1685 1415 1761 qualitatum
1458 1690 1517 1742 et
1554 1683 1940 1742 accidentium
1987 1683 2199 1760 speciei
2223 1684 2620 1760 propriorum.
2663 1693 2730 1743 ut

322 1783 471 1841 ergo
497 1766 671 1824 homo
697 1762 987 1822 hominem
1031 1772 1307 1840 generat.
1368 1763 1461 1821 Ita
1506 1770 1776 1839 peccator
1813 1781 1929 1820 non
1965 1761 2143 1820 alium
2169 1781 2344 1839 quam
2369 1770 2729 1856 peccatorem

327 1851 523 1920 potest
550 1861 842 1919 generare.
886 1844 942 1899 6.
972 1843 1364 1917 Ezpffientia,
1393 1861 1525 1918 quse
1550 1842 1740 1900 latens
1766 1840 1914 1900 illud
1930 1841 2138 1900 vitium
2157 1841 2220 1898 in
2244 1840 2606 1900 infantibus
2587 1841 2732 1919 ipsis

332 1942 460 1980 esse
488 1921 658 1980 docet
684 1921 857 1980 etiam
886 1927 1019 1978 ante
1044 1921 1285 1978 rationis
1324 1939 1531 1995 usum;
1580 1921 1736 1978 unde
1762 1920 2069 1996 propensio
2096 1920 2172 1978 ad
2198 1920 2578 2014 mendacium,
2601 1921 2729 1978 vin-

334 2001 504 2060 dictae
548 1999 847 2092 cupiditas,
876 1998 1055 2056 luxus
1102 2017 1277 2073 amor,
1308 1999 1577 2058 stimulus
1622 1999 1898 2074 glorioloe,
1941 2007 2000 2056 et
2039 1997 2360 2056 ludibunda
2383 2001 2630 2090 vanitas,
2675 2008 2734 2059 et

336 2081 463 2138 sim.
492 2080 554 2137 in
578 2077 843 2170 plurimis
868 2076 953 2135 ita
978 2085 1271 2169 apparent,
1300 2085 1366 2136 ut
1390 2084 1660 2152 parentes
1687 2078 1748 2134 in
1790 2095 1894 2135 sua
1918 2077 2080 2152 prole
2108 2077 2490 2153 corruptionis
2519 2086 2576 2136 et
2602 2099 2731 2156 per-

336 2157 631 2218 versitatis
656 2177 777 2216 suae
803 2156 1018 2214 nativae
1045 2155 1355 2232 imaginem
1384 2155 1810 2232 deprehendere
1837 2154 2079 2231 possint.

944 2233 1089 2293 XV.
1134 2233 1301 2308 Quod
1329 2243 1419 2293 est
1442 2233 1892 2294 involuntarium
1912 2253 2018 2309 per
2040 2233 2374 2292 nolitionem
2404 2234 2732 2311 positivam,

376 2295 785 2397 Ἑωξζὶξζιώο·
860 2331 979 2370 ιιοιι
1004 2320 1197 2390 potest
1222 2333 1349 2371 esse
1374 2322 1710 2390 peccatum;
1757 2310 1876 2371 Sed
1901 2311 2059 2388 quod
2083 2331 2202 2370 non
2229 2320 2318 2371 est
2343 2313 2734 2372 voluntarium

860 2411 963 2468 per
989 2391 1325 2450 volitionem
1340 2392 1649 2469 positivam
1677 2410 1795 2450 non
1811 2390 2024 2450 desinit
2049 2409 2176 2449 esse
2202 2399 2518 2467 peccatum,
2544 2392 2593 2450 si
2613 2412 2735 2450 mo-

342 2473 418 2531 do
460 2473 536 2531 sit
576 2477 775 2530 contra
804 2471 1040 2547 Legem,
1076 2477 1143 2529 ut
1182 2488 1355 2548 supra
1389 2471 1712 2547 probatum.
1797 2469 2076 2544 Quamvis
2113 2478 2414 2546 peccatum
2455 2471 2737 2548 originale

340 2571 456 2613 non
486 2552 561 2614 sit
576 2550 964 2609 voluntarium
993 2559 1139 2625 actu,
1169 2557 1258 2608 est
1284 2557 1478 2608 tamen
1497 2557 1662 2623 ortu;
1687 2551 1970 2608 voluntate
1995 2550 2120 2625 ejus
2148 2570 2187 2607 a
2214 2569 2324 2626 quo
2352 2557 2458 2625 est,
2483 2550 2594 2608 etsi
2619 2569 2737 2608 non

341 2651 568 2769 {³353ss
566 2630 1746 2785 fflfflfflii‘sscffissffa'a'²m³⁵oe²53²532
1765 2629 2562 2784 ἓξὲξόἵὲἶῗῗῇἓὲῗιξῗῗὲ
2535 2650 2741 2767 133133.

342 2790 480 2849 tatis
496 2796 713 2863 actum3
732 2789 1063 2847 radicaliter
1078 2789 1299 2847 ratione
1315 2788 1596 2865 principii,
1615 2788 1754 2846 licet
1770 2805 1887 2845 non
1890 2787 2226 2860 for-maluer-
2233 2787 2454 2846 ratione
2472 2789 2741 2846 exercitia.

426 2868 608 2927 XVI.
656 2868 721 2927 Si
745 2867 1061 2927 infantibus
1088 2867 1361 2927 tribuitur
1385 2866 1731 2944 quandoque
1759 2865 2088 2924 innocentia
2113 2866 2174 2922 in
2205 2865 2516 2943 Scriptura,
2547 2875 2613 2924 ut
2641 2867 2740 2925 Ps.

347 2948 459 3007 cvi.
491 2949 585 3022 38,
618 2955 677 3005 et
696 2948 741 3006 J
743 2966 869 3005 onae
895 2947 975 3005 iv.
1010 2950 1101 3021 11,
1130 2948 1241 3005 hoc
1268 2964 1386 3003 non
1412 2946 1676 3005 absolute
1702 2944 2145 3021 intelligendum
2167 2946 2272 3020 es't,
2297 2954 2356 3003 et
2380 2946 2441 3002 in
2471 2964 2549 3019 se,
2574 2945 2744 3022 quasi

348 3026 737 3084 destituantur
762 3026 917 3083 omni
944 3033 1198 3101 peccat0‚
1229 3025 1375 3083 alias
1401 3045 1510 3084 nec
1537 3025 1708 3083 morti
1735 3023 1976 3083 obnoxii
2002 3023 2192 3081 forent
2213 3044 2228 3098 3
2278 3024 2393 3082 Sed
2421 3024 2740 3083 secundum

348 3102 491 3180 quid
519 3111 578 3161 et
605 3110 930 3178 comparate
972 3103 1046 3159 ad
1087 3104 1317 3161 adultos
1357 3104 1458 3181 qui
1484 3111 1726 3179 peccant
1752 3102 2070 3162 actualiter.
2156 3102 2406 3161 Gemelli
2432 3102 2504 3160 de
2531 3103 2744 3179 quibus

348 3182 607 3257 loquitur
634 3180 866 3253 Paulus,
898 3179 1068 3237 Rom.
1097 3180 1179 3238 ix.
1213 3184 1304 3256 11,
1334 3182 1481 3239 nihil
1506 3182 1764 3240 fecerant
1789 3182 1978 3240 adhuc
2003 3180 2144 3239 boni
2171 3188 2230 3238 et
2255 3181 2410 3257 mali,
2440 3200 2555 3273 quo
2595 3182 2747 3241 inter

352 3279 413 3319 se
442 3259 948 3395 distitriiguerentur,
993 3257 1097 3315 sed
1136 3266 1301 3316 erant
1338 3267 1533 3318 tamen
1573 3260 1744 3319 ambo
1785 3260 2049 3338 concepti
2087 3261 2151 3318 in
2174 3268 2414 3338 peccato
2454 3260 2515 3317 in
2556 3280 2747 3319 massa

334 3358 557 3415 corrup
605 3356 731 3394 oms

434 3415 651 3475 XVII.
696 3415 861 3473 Licet
890 3415 1017 3472 Lex
1042 3414 1259 3473 nemini
1298 3415 1601 3492 prohibeat
1639 3416 1802 3473 nasci
1845 3436 1976 3473 cum
2002 3425 2239 3491 peccato
2295 3417 2578 3493 originali,
2609 3418 2747 3494 quia

354 3497 644 3555 hominem
674 3502 935 3553 sanctum
962 3494 1250 3571 supponit,
1281 3494 1516 3552 damnat
1555 3502 1749 3551 tamen
1775 3501 1842 3551 ut
1881 3496 2082 3567 ἀνομίαι
2117 3496 2538 3570 corruptionem
2565 3495 2744 3553 haere·

355 3576 619 3635 ditariam
648 3581 707 3632 et
731 3574 1105 3631 inhaerentem
1132 3572 1398 3648 hominis,
1429 3572 1567 3649 quia
1592 3572 1932 3631 adversatur
1957 3571 2046 3629 illi
2077 3571 2322 3648 justitiae
2349 3580 2408 3630 et
2435 3573 2744 3647 sanctitati,

355 3675 528 3733 quam
558 3654 685 3711 Lex
712 3652 899 3728 exigit
925 3652 1001 3710 ab
1028 3652 1311 3710 omnibus.

434 3732 687 3792 XVIII.
716 3732 761 3790 J
762 3750 889 3789 oan
908 3732 990 3789 iz.
1010 3734 1065 3805 3,
1098 3730 1287 3804 Quum
1316 3729 1579 3792 christus
1606 3730 1690 3788 ait
1709 3748 1930 3788 coecum
1949 3736 2150 3788 natum
2177 3748 2294 3786 non
2320 3746 2606 3804 peccasse,
2626 3748 2744 3787 non

355 3813 560 3871 asserit
586 3811 847 3869 absolute
875 3810 1082 3868 illum
1065 3828 1377 3869 immunem
1402 3808 1581 3868 fuisse
1608 3809 1682 3867 ab
1709 3809 1868 3866 omni
1893 3816 2145 3885 peccato,
2185 3808 2350 3884 cnjus
2375 3826 2548 3884 poena
2573 3808 2747 3867 fuerit

356 3894 481 3950 hsec
508 3891 667 3948 illius
692 3890 1007 3965 calamitas,
1034 3888 1139 3947 sed
1164 3897 1387 3948 tantum
1415 3896 1742 3965 comparate
1769 3896 1947 3965 negat
1967 3888 2131 3945 illum
2147 3904 2416 3964 peccasse
2437 3906 2556 3963 prae
2575 3894 2742 3946 caete-

356 3972 455 4043 ris,
495 3978 563 4027 ut
586 3969 668 4026 ita
694 3968 1059 4045 affligeretur,
1091 3975 1151 4025 et
1176 3968 1434 4026 nativam
1461 3968 1622 4025 illam
1650 3968 1778 4044 eJus
1817 3968 2139 4031 coecitatem
2165 3984 2394 4043 poenam
2421 3964 2600 4025 fuisse
2642 3966 2744 4025 ali-

356 4051 525 4127 cujus
552 4048 775 4124 peccati
800 4046 1083 4123 specialis,
1120 4046 1217 4104 vel
1242 4046 1543 4123 ipsiusmet
1568 4047 1724 4122 caeci,
1756 4065 1832 4105 ex
1871 4045 2016 4105 falsa
2041 4042 2349 4123 hypothesi
2385 4046 2430 4104 J
2431 4046 2744 4123 udaeorum,

357 4128 459 4205 qui
512 4126 794 4203 putabant
838 4125 1114 4183 infantem
1169 4124 1230 4181 in
1277 4133 1440 4184 utero
1486 4144 1725 4202 peccare
1770 4144 1960 4203 posse,
2005 4125 2102 4183 vel
2149 4124 2250 4201 qui
2299 4124 2748 4201 Pythagoricam
2791 4116 2798 4125 ¹

358 4204 763 4283 emma-Pugna»,
814 4222 919 4263 seu
962 4204 1523 4280 transmigrationem
1572 4206 1891 4263 animarum
1939 4204 2266 4279 credebant,
2305 4204 2402 4262 vel
2446 4213 2746 4281 parentum

360 4288 502 4363 ejus,
527 4286 705 4362 juxta
728 4282 1091 4342 doctrinam
1074 4302 1136 4339 ιιι
1168 4283 1394 4341 Scholia
1422 4284 1466 4343 J
1466 4282 1693 4343 udaieis
1718 4284 2004 4360 traditam,
2029 4302 2146 4361 qua
2169 4284 2384 4342 liberos
2412 4283 2487 4342 ob
2513 4292 2751 4361 peccata

357 4372 661 4442 parentum
688 4363 849 4427 nasci
876 4382 1029 4439 saepe
1054 4380 1291 4420 maneos
1316 4370 1377 4421 et
1402 4370 1584 4421 tortos
1598 4362 1938 4421 credebant.
2025 4363 2287 4421 Christus
2315 4382 2454 4439 ergo
2481 4382 2554 4420 ne
2582 4361 2750 4438 quid-

360 4463 534 4521 quam
574 4442 671 4500 vel
714 4461 866 4500 caeco
906 4441 1018 4518 ipsi
1057 4439 1154 4498 vel
1194 4442 1527 4517 parentibus
1566 4440 1946 4517 imputaretur
1985 4442 2296 4518 singularis
2335 4450 2394 4499 et
2431 4440 2752 4517 personalis

360 4521 599 4615 peccati,
631 4521 775 4579 dicit
799 4521 911 4579 hoc
936 4520 1153 4578 factum
1181 4538 1326 4594 esse,
1354 4527 1421 4578 ut
1447 4539 1622 4596 opera
1650 4519 1764 4578 Dei
1789 4519 2242 4596 manifestentur,
2263 4520 2344 4577 id.
2375 4520 2562 4578 Deum
2584 4519 2749 4577 volu—

360 4602 475 4660 isse
503 4600 565 4659 in
590 4600 705 4659 hoc
731 4601 1015 4677 exemplo,
1046 4620 1223 4677 opera
1248 4607 1371 4659 tum
1392 4599 1635 4676 justitiae
1665 4608 1724 4658 et
1749 4600 2094 4675 potestatis'
2077 4621 2139 4658 ιιι
2162 4597 2473 4679 puniendo,
2495 4606 2620 4656 tum
2645 4598 2746 4656 mi·

363 4670 691 4740 sericordiae
718 4689 779 4739 et
806 4679 1236 4759 omnipotentiae
1264 4678 1325 4737 in
1352 4677 1608 4738 sanando
1634 4677 1976 4757 patefacere.
