3300 5225
335 366 562 416 Qumsr.
593 346 752 436 xv1.]
1243 368 1323 408 nn
1351 368 1939 437 runnsrrusnons.
2625 358 2741 417 351

336 508 540 647 1111111ιί
563 508 900 584 salvaretur,
944 514 1005 567 et
1042 506 1126 567 sic
1178 508 1454 570 Servator
1495 509 1703 571 fuisset
1748 512 1875 571 sine
1924 510 2243 591 servandis,
2294 518 2353 573 et
2394 512 2583 591 Caput
2622 514 2749 575 sine

337 589 500 648 Mem
543 588 641 647 ris.

421 668 536 727 IV.
577 672 634 727 2.
679 667 1117 728 Praedestinatio
1145 669 1334 747 qualis
1360 670 1422 729 in
1453 669 1753 749 Scriptura
1778 671 1947 731 nobis
1974 671 2329 750 proponitur,
2361 680 2451 733 est
2477 673 2749 735 voluntas

337 749 456 807 Dei
483 748 706 824 efficax,
737 769 866 826 quse
893 748 1086 808 media
1113 750 1432 809 Electionis
1459 752 1765 812 efficaciter
1810 761 2081 830 operatur
2115 752 2176 810 in
2207 753 2445 829 Electis,
2488 762 2547 813 et
2573 753 2747 813 finem

337 829 532 906 etiam,
563 828 644 887 id.
672 829 918 888 salutem
965 828 1344 889 infallibiliter
1387 830 1626 890 confert.
1712 832 1791 889 Et
1816 832 1879 889 in
1906 832 2115 891 mediis
2144 832 2590 910 Reprobationis
2634 835 2751 893 alia

335 909 636 987 permittit,
667 908 783 967 alia
802 910 964 985 justo
987 909 1210 985 judicio
1239 909 1429 984 efficit,
1475 920 1534 969 et
1562 910 1987 970 damnationem
2014 912 2275 991 reprobis
2303 913 2621 973 certissime
2662 914 2749 973 in-

345 989 513 1066 fligit,
546 990 715 1048 Rom.
744 989 867 1048 viii.
899 991 995 1063 29,
1027 991 1123 1065 30,
1154 997 1215 1048 et
1240 990 1321 1047 ix.
1355 992 1448 1065 11,
1485 992 1576 1065 18,
1607 994 1703 1065 22,
1736 993 1832 1066 23,
1862 999 1922 1050 et
1947 992 2029 1050 xi.
2062 996 2093 1049 ⁷
2122 1013 2137 1067 3
2184 992 2335 1070 Eph.
2364 993 2403 1052 i.
2432 997 2490 1069 4,
2522 995 2579 1053 5.
2662 994 2751 1055 At

337 1070 611 1141 voluntas
637 1069 740 1127 illa
779 1077 870 1129 est
895 1066 1069 1150 ἇίιςγος
1097 1078 1156 1128 et
1189 1070 1389 1144 otiosa,
1434 1077 1636 1147 utpote
1680 1089 1812 1147 quae
1854 1071 2239 1149 suspendatur
2277 1073 2350 1132 ab
2379 1073 2615 1133 arbitrio
2641 1074 2749 1133 1111·-

343 1168 516 1207 mano
545 1148 826 1223 mutabili,
856 1148 1240 1208 incertissimo
1269 1157 1500 1208 eventu.

421 1229 501 1288 V.
543 1232 601 1287 3.
633 1228 1092 1303 PraedestinatiO,
1121 1237 1190 1288 ut
1215 1248 1391 1306 supra
1417 1228 1739 1306 probatum,
1770 1229 2044 1307 praecedit
2084 1230 2259 1288 fidem
2286 1238 2346 1290 et
2370 1251 2743 1309 perseveran-

339 1308 498 1383 tiam,
528 1317 594 1368 ut
621 1329 796 1367 causa
823 1328 993 1368 suum
1019 1308 1305 1384 effectum,
1337 1318 1396 1367 et
1422 1308 1901 1385 incredulitatem,
1945 1317 2013 1369 ut
2040 1310 2386 1369 antecedens
2416 1330 2583 1370 suum
2612 1332 2748 1371 con-

340 1407 605 1465 sequens.
690 1388 775 1447 At
802 1391 1099 1464 credentes,
1131 1396 1190 1447 et
1217 1390 1506 1465 increduli,
1550 1389 1653 1466 qui
1680 1389 1951 1448 dicuntur
1978 1390 2269 1465 servandi,
2314 1391 2411 1448 vel
2438 1391 2751 1450 damnandi

339 1467 454 1527 ista
480 1468 797 1543 voluntate,
827 1468 1233 1545 intelliguntur
1271 1468 1420 1527 tales
1447 1471 1835 1527 antecedenter
1874 1469 1948 1527 ab
1979 1467 2369 1547 Adversariis,
2414 1489 2532 1529 non
2560 1491 2747 1531 conse-

339 1556 585 1624 quenter,
617 1547 776 1624 quod
800 1548 949 1606 nihil
976 1548 1136 1607 aliud
1163 1556 1268 1625 est,
1299 1567 1473 1625 quam
1499 1556 1830 1626 pervertere
1859 1549 2065 1607 seriem
2092 1568 2396 1609 causarum
2423 1550 2645 1627 salutis,
2691 1559 2751 1611 et

339 1647 418 1686 ex
446 1627 962 1687 Praedestinatione
991 1628 1179 1687 facere
1211 1627 1815 1687 Postdestinationem.

945 1708 1006 1767 .V
1012 1709 1061 1767 Ι.
1106 1707 1370 1767 Christus
1397 1716 1456 1767 et
1483 1707 1759 1785 Apostoli
1798 1715 1981 1767 totam
2021 1707 2135 1767 Dei
2161 1708 2522 1768 voluntatem
2546 1709 2623 1769 de
2647 1710 2751 1770 ho-

870 1788 1092 1847 minum
1139 1788 1323 1848 salute
1372 1788 1813 1863 annunciarunt,
1863 1795 2144 1865 quantum
2193 1789 2321 1865 ejus
2367 1789 2513 1849 scire
2559 1798 2758 1850 nostra

870 1867 1062 1943 refert,
1092 1866 1230 1927 Act.
1259 1888 1362 1926 xx.
1393 1872 1488 1943 27,
1521 1867 1661 1927 dum
1689 1868 1925 1927 modum
1952 1867 2281 1927 obtinendae
2321 1888 2426 1946 per
2462 1869 2756 1930 Christum

347 1944 568 2021 salutis,
615 1953 676 2004 et
718 1945 1078 2007 conditiones
1105 1947 1235 2024 ejus
1262 1947 1432 2005 nobis
1458 1947 1792 2025 plenissime
1818 1947 2167 2007 revelarunt.
2252 1948 2340 2008 At
2366 1969 2513 2025 quos
2540 1950 2757 2028 eligere

346 2024 598 2083 voluerit
624 2024 699 2083 ab
727 2033 960 2101 aeterno,
1007 2034 1066 2086 et
1113 2026 1326 2104 quibus
1353 2026 1500 2086 velit
1542 2028 1681 2085 dare
1725 2026 1915 2102 fidem,
1961 2035 2031 2086 ut
2070 2026 2321 2103 pertinet
2364 2029 2439 2087 ad
2483 2048 2756 2089 arcanum

346 2103 460 2162 Dei
489 2104 808 2179 consilium,
839 2125 956 2164 non
985 2104 1062 2165 ad
1100 2106 1458 2165 voluntatem
1500 2106 1629 2183 ejus
1656 2106 1987 2182 revelatam,
2019 2125 2149 2183 quae
2176 2116 2267 2165 est
2294 2107 2585 2185 objectum
2609 2128 2756 2186 prse-

343 2182 653 2243 dicationis
681 2184 1072 2261 Evangelicae,
1123 2204 1241 2243 non
1268 2185 1478 2245 mirum
1505 2186 1556 2244 si
1583 2186 1877 2245 occultum
1902 2193 2097 2245 manet
2122 2205 2302 2263 penes
2330 2187 2537 2263 Deum,
2581 2197 2641 2248 et
2679 2209 2758 2248 ex

345 2272 562 2323 eventu
590 2263 824 2323 demum
849 2265 1020 2323 nobis
1046 2264 1464 2324 manifestatur.
1548 2265 1716 2325 Licet
1742 2284 1883 2324 vero
1908 2264 2249 2323 nominatim
2277 2286 2395 2325 non
2428 2266 2754 2327 declaretur

344 2343 408 2402 in
437 2343 762 2420 Evangelio
807 2344 1043 2420 quinam
1088 2345 1204 2404 sint
1231 2344 1514 2421 salvandi,
1565 2345 1709 2404 satis
1752 2352 1946 2404 tamen
1986 2353 2353 2422 prospectum
2395 2346 2583 2406 voluit
2609 2347 2751 2407 fide·

341 2422 488 2483 lium
543 2423 924 2483 consolationi
968 2425 1146 2501 Deus,
1205 2425 1564 2483 characteres
1605 2432 1665 2484 et
1704 2425 1875 2502 signa
1912 2444 2069 2483 verae
2108 2424 2407 2484 electionis
2446 2426 2510 2484 in
2551 2426 2751 2487 Verbo

345 2502 517 2561 nobis
546 2502 756 2578 dand0,
788 2523 864 2562 ex
891 2505 1104 2581 quibus
1131 2511 1378 2582 possunt
1403 2504 1807 2564 certitudinem
1833 2503 2046 2563 habere
2074 2522 2195 2563 suae
2223 2504 2541 2567 electionis.

425 2582 574 2643 VII.
619 2583 934 2643 Decretum
961 2584 1290 2645 absolutum
1320 2584 1393 2643 de
1421 2584 1606 2644 salute
1631 2603 2009 2663 personarum
2050 2583 2447 2661 singularium,
2490 2604 2611 2644 non
2648 2586 2755 2647 ob-

345 2670 462 2723 stat
488 2663 796 2740 quominus
823 2664 1112 2742 sapienter
1155 2664 1602 2743 praescribantur
1647 2664 1981 2724 hominibus
2026 2664 2157 2740 ejus
2184 2664 2513 2724 obtinendae
2554 2666 2752 2725 condi-

343 2745 534 2803 tiones
557 2765 572 2819 ;
616 2743 754 2820 quia
781 2745 944 2803 Deus
973 2743 1232 2804 decrevit
1257 2743 1494 2822 quidem
1535 2744 1781 2804 salutem
1821 2742 2085 2804 absolute
2114 2751 2173 2803 et
2200 2745 2605 2806 antecedenter
2632 2747 2757 2806 sine

343 2823 558 2883 intuitu
584 2823 762 2883 ullius
803 2843 990 2884 causae
1037 2825 1444 2902 praecedaneae,
1491 2824 1597 2884 sed
1642 2843 1763 2883 non
1809 2832 2227 2901 consequenter
2268 2825 2487 2902 absque
2526 2825 2755 2903 mediis,

344 2923 548 2962 verum
572 2922 677 2980 per
702 2903 894 2963 media
921 2904 1312 2964 obtinendam.
1395 2905 1452 2962 N
1455 2924 1520 2963 ec
1548 2904 1737 2982 magis
1765 2903 2079 2964 absurdum
2106 2911 2212 2980 est,
2242 2904 2433 2981 posita
2457 2905 2759 2966 voluntate

271 3035 278 3042 .
342 2983 726 3061 peremptoria
753 2983 830 3042 de
856 2984 1138 3045 salvando
1165 2985 1377 3063 alique,
1407 2983 1628 3062 aliquid
1656 2985 1744 3042 illi
1770 2985 2080 3062 praecipere
2108 2984 2185 3043 ad
2210 3004 2338 3044 eam
2366 2984 2757 3063 obtinendam,

341 3063 519 3123 etiam
561 3063 672 3122 sub
717 3064 1160 3124 comminatione
1204 3065 1344 3124 mali
1387 3065 1682 3140 contrarii,
1731 3085 1907 3142 quam
1963 3063 2279 3123 absurdum
2320 3073 2445 3125 erat
2488 3065 2757 3126 Ezechiae

343 3142 715 3220 praescribere
744 3142 1004 3203 ciborum
1029 3163 1217 3219 usum,
1248 3145 1386 3204 licet
1411 3145 1781 3222 prolongatio
1806 3144 1946 3202 vitae
1974 3162 2011 3201 a
2029 3144 2156 3202 Deo
2184 3143 2417 3204 decreta
2442 3144 2665 3223 fuisset,
2699 3154 2763 3206 et

349 3221 598 3280 Paulum
636 3229 852 3298 vetare,
899 3222 1037 3281 Act.
1065 3224 1255 3282 xxvii.
1285 3226 1383 3299 31,
1433 3243 1733 3301 egressum
1782 3243 1981 3282 eorum
2027 3223 2132 3300 qui
2172 3232 2338 3284 erant
2378 3225 2440 3283 in
2466 3225 2607 3284 navi
2648 3226 2757 3285 sub

342 3301 601 3378 periculo
663 3299 976 3440 naufraffii,
1043 3301 1182 3360 licet
1238 3303 1592 3362 revelatione
1647 3302 1849 3362 divina
1910 3311 2103 3362 certus
2156 3312 2311 3364 esset
2364 3304 2439 3364 de
2494 3304 2753 3366 omnium

945 3400 1040 3440 am

347 3379 804 3517 conglervatione.
1082 3381 1368 3442 certitudo
1407 3381 1544 3442 finis
1583 3401 1705 3442 non
1752 3381 2012 3442 excludit
2054 3384 2460 3444 necessitatem
2502 3392 2563 3444 et
2586 3403 2759 3446 usum

350 3479 442 3518 me
507 3479 692 3519 orum.

415 1771 596 1818 Fontes
619 1772 756 1818 Solu·

489 1831 691 1875 tionum.

428 3539 613 3599 VIII.
657 3538 836 3598 Nulla
876 3547 967 3599 est
1020 3539 1397 3600 contradictio
1452 3540 1603 3600 inter
1660 3541 1972 3601 Decretum
2026 3539 2357 3600 absolutum
2412 3540 2753 3619 Electionis,

347 3618 508 3695 quod
547 3637 765 3697 paucos
790 3619 1044 3697 respicit,
1091 3628 1152 3680 et
1177 3620 1556 3680 Voluntatem
1582 3620 1917 3696 revelatam,
1963 3639 2095 3696 quae
2136 3620 2383 3679 salutem
2408 3620 2757 3681 indiscrimi-

349 3698 531 3758 natim
558 3697 827 3758 omnibus
854 3697 1021 3758 offert
1047 3720 1152 3776 per
1177 3699 1353 3759 fidem
1397 3700 1460 3758 in
1503 3699 1838 3760 Christum:
1882 3697 2031 3774 Quia
2058 3699 2275 3759 oblatio
2303 3700 2507 3759 salutis
2572 3721 2665 3760 uae
2692 3701 2762 3764 fit

345 3797 454 3856 per
481 3778 888 3856 Evangelium,
911 3798 1030 3838 non
1057 3779 1124 3839 fit
1149 3780 1431 3856 absolute,
1463 3780 1568 3840 sed
1595 3778 2008 3855 conditionate,
2041 3778 2150 3838 sub
2178 3778 2509 3838 conditione
2577 3779 2673 3839 dei
2700 3789 2760 3842 et

348 3859 704 3936 poenitentiae
726 3880 743 3935 ;
786 3858 952 3919 Licet
979 3868 1174 3919 autem
1217 3859 1334 3919 duo
1378 3860 1491 3919 ista
1539 3859 1657 3919 sint
1701 3859 1859 3918 inter
1902 3878 1966 3919 se
1993 3857 2239 3934 diversa,
2282 3857 2487 3918 offerre
2514 3860 2761 3920 salutem

349 3939 620 3998 omnibus
645 3938 1148 3999 indiscriminatim
1173 3940 1284 3999 sub
1311 3939 1642 3999 conditione
1689 3938 1845 4015 fidei,
1892 3947 1952 3999 et
1978 3937 2285 3998 decernere
2312 3937 2577 3999 absolute
2606 3940 2760 4001 salu-

347 4027 485 4094 tem,
515 4027 577 4078 et
601 4017 778 4078 fidem
803 4019 1039 4096 paneis:
1079 4039 1199 4078 non
1216 4028 1462 4098 possunt
1486 4028 1681 4080 tamen
1708 4019 1933 4079 censeri
1960 4018 2421 4094 contradictoria,
2468 4018 2606 4096 quia
2640 4041 2761 4080 non

347 4098 426 4158 ad
451 4097 607 4158 idem
633 4099 966 4176 respiciunt,
996 4119 1104 4159 nec
1131 4099 1336 4159 eodem
1362 4107 1629 4178 respectu
1656 4107 1793 4160 sunt
1820 4098 2232 4176 intelligenda;
2274 4097 2424 4157 illud
2450 4099 2527 4158 ad
2552 4100 2760 4161 volun-

347 4185 527 4316 tiatem
553 4176 870 4238 revelatam
895 4179 1328 4257 approbationis
1353 4179 1621 4259 pertinet,
1652 4178 1812 4240 istud
1831 4199 1972 4240 vero
1999 4178 2076 4238 ad
2102 4178 2463 4240 voluntatem
2490 4199 2761 4241 arcanam

391 4265 775 4318 ecernentem.

429 4337 553 4400 IX..
577 4337 858 4413 Quamvis
871 4337 1178 4416 promissio
1192 4338 1570 4418 hypothetica
1595 4340 1669 4400 de
1684 4338 1878 4399 danda
1888 4339 2074 4399 salute
2090 4338 2358 4398 omnibus
2374 4338 2759 4419 credentibus,

345 4416 850 4478 indiscriminatim
897 4419 1166 4479 omnibus
1208 4421 1434 4480 vocatis
1517 4427 1846 4498 reponatur,
1892 4439 2011 4478 non
2053 4419 2315 4496 sequitur
2352 4439 2481 4478 eam
2508 4419 2687 4482 fluere
2726 4442 2765 4480 a

349 4497 584 4557 decreto
610 4499 870 4576 generali
896 4497 970 4558 de
998 4499 1300 4560 servandis
1327 4499 1484 4559 omni
1525 4519 1596 4560 us
1622 4499 2009 4576 credentibus,
2050 4506 2111 4559 et
2136 4499 2211 4560 de
2235 4497 2353 4558 fide
2382 4519 2458 4558 ex
2496 4501 2765 4561 omnibus

349 4578 780 4639 conditionibus
805 4579 1180 4657 possibilibus
1207 4579 1477 4658 eligenda
1502 4579 1564 4638 in
1591 4578 1981 4640 conditionem
2007 4573 2499 4641 communicandae
2538 4580 2761 4658 salutis,

347 4657 506 4735 quod
532 4657 824 4738 praeoedat
848 4659 1146 4720 decretum
1187 4659 1437 4741 speciale
1465 4659 1540 4722 de
1579 4660 1843 4740 personis
1890 4657 2283 4738 singularibus
2328 4658 2649 4736 servandis,
2694 4667 2764 4723 ut
