3300 5225
412 379 642 429 QUAEST.
672 357 807 441 xm]
1210 377 1289 418 m:
1318 377 1437 419 nso
1462 377 1603 436 uxo,
1632 377 1710 418 ει·
1735 375 1934 418 ramo.
2703 359 2818 418 201

452 519 655 580 recise
678 537 752 580 ea
776 519 1069 594 voluntas,
1108 535 1227 596 qua
1255 517 1418 578 Deus
1442 516 1668 598 aliquid
1693 517 1952 578 decernit
1990 516 2196 593 facere,
2237 515 2336 575 vel
2375 514 2722 594 permittere,
2765 525 2825 578 et

398 539 1134 740 ·{z;¹2¹221¹:¹¹-,¹{3.¹r:¹m„;.
1178 599 1800 740 remma
1810 597 2118 760 pm
2051 605 2122 702 ³¹*
2157 597 2825 756 ⁹3:323&ss

412 779 549 819 nere
578 761 869 819 Creaturae
912 699 1179 818 officiuiiie
1206 777 1393 836 suum,
1438 769 1716 838 tanquam
1763 779 1888 818 rem
1932 722 2182 835 gratam
2199 754 2314 817 sibi
2353 765 2416 818 et
2449 755 2514 816 in
2554 776 2672 835 qua
2713 758 2824 819 sibi

412 859 541 899 com
740 846 785 898 t.
1352 863 1359 868 ·

566 963 581 978 .
622 918 905 994 Quamvis
930 915 1145 977 ιθαιίιν
1182 937 1595 996 nonnunquam
1634 917 2056 978 confundamus
2095 937 2228 976 cum
2255 919 2528 998 αὔην-πᾷ,
2570 916 2710 978 dum
2751 917 2824 978 de

410 998 535 1058 illis
560 999 771 1058 dicitur
796 999 1008 1076 quibus
1038 1001 1199 1058 Deus
1240 997 1574 1074 delectatur,
1618 999 1758 1076 qnia
1795 999 1859 1057 in
1899 999 1972 1057 iis
2011 1005 2104 1058 est
2141 999 2392 1075 qualitas
2431 1001 2528 1056 vel
2569 997 2824 1058 conditio

414 1079 609 1157 aliqua
634 1097 765 1156 quae
792 1098 925 1138 cum
953 1078 1066 1137 Dei
1090 1086 1300 1137 natura
1324 1079 1613 1153 convenit,
1657 1097 1902 1156 qumque
1929 1077 2062 1137 ideo
2087 1079 2215 1156 ejus
2241 1077 2498 1138 favorem
2525 1079 2822 1156 conciliat;

415 1157 705 1236 quomodo
732 1157 805 1218 de
834 1157 1065 1219 Christo
1092 1157 1236 1217 dicit
1264 1158 1453 1234 Pater,
1484 1159 1698 1234 Mmh.
1725 1158 1824 1217 iii.
1843 1161 1936 1216 17.
1966 1159 2008 1218 io
2033 1155 2078 1235 ὅ
2105 1154 2356 1232 amam,
2381 1157 2460 1218 id.
2490 1178 2608 1235 quo
2647 1159 2822 1218 vehe-

414 1239 769 1298 mentissime
796 1237 1083 1314 delector-3
1126 1239 1395 1315 quamvis
1420 1247 1483 1297 et
1508 1239 1619 1298 hoc
1659 1257 1778 1297 non
1801 1237 1954 1297 male
1993 1237 2192 1297 referri
2233 1238 2418 1316 possit
2453 1237 2532 1295 ad
2555 1238 2822 1298 volunta·

412 1326 592 1378 tatem
645 1319 1008 1396 beneplaciti,
1062 1337 1237 1396 quam
1280 1318 1545 1378 Christus
1614 1317 2030 1412 perfectissime
2082 1318 2362 1396 implevit,
2419 1317 2824 1378 satisfaciendo

414 1397 673 1458 Justitin
700 1399 863 1476 ejus:
902 1398 999 1457 hic
1024 1407 1221 1457 tamen
1248 1399 1445 1458 stricte
1482 1407 1730 1458 sumitur
1753 1417 1860 1476 pro
1885 1397 2136 1475 decreto,
2165 1397 2334 1477 cujus
2359 1397 2522 1458 nulla
2545 1399 2694 1458 ratio
2721 1417 2824 1458 ex-

412 1486 505 1536 tra
533 1477 647 1537 Dei
670 1478 1094 1554 beneplacitum
1122 1477 1431 1556 quaerenda
1458 1486 1565 1537 est.

497 1557 619 1616 XI.
662 1560 941 1638 Βὰιςιστίι
980 1557 1451 1618 contradistincte
1491 1557 1571 1616 ad
1608 1555 1824 1616 αὐλών
1861 1556 1924 1616 in
1961 1556 2074 1618 hoc
2113 1565 2454 1636 argumento
2479 1555 2626 1616 nihil
2665 1557 2826 1618 aliud

414 1645 579 1698 notat
604 1657 779 1715 quam
806 1657 1021 1696 meram
1048 1637 1541 1716 complacentiam,
1588 1657 1708 1715 qua
1751 1639 1912 1696 Deus
1953 1657 2076 1696 rem
2124 1637 2376 1715 aliquam
2401 1644 2471 1696 ut
2507 1639 2726 1715 justam
2767 1647 2828 1699 et

416 1726 675 1777 sanctam
700 1717 907 1796 probat
934 1725 994 1777 et
1018 1737 1089 1776 ea
1114 1717 1451 1793 delectatur,
1480 1736 1609 1776 eam
1650 1737 1724 1777 ue
1751 1725 2056 1795 propterea
2079 1718 2210 1777 vult
2235 1717 2546 1796 praecipere
2587 1717 2824 1778 Crestu-

414 1817 497 1856 τω
522 1805 589 1857 ut
608 1797 997 1877 justissimum
1024 1797 1151 1875 ejus
1178 1796 1464 1858 officinm:
1509 1797 1607 1857 Un
1650 1817 1684 1855 e
1723 1815 1842 1855 non
1867 1795 2114 1857 includit
2138 1798 2368 1876 proprie
2395 1796 2690 1856 decretum
2729 1797 2828 1857 vel

412 1877 753 1937 volitionem
774 1878 1025 1956 aliquam
1040 1877 1104 1936 in
1132 1877 1277 1952 Deo,
1308 1877 1411 1936 sed
1432 1885 1656 1936 tantum
1673 1877 1944 1954 importat
1963 1877 2046 1936 rei
2066 1877 2526 1937 convenientiam
2553 1897 2684 1937 cum
2715 1879 2828 1938 Dei

414 1965 635 2032 natura,
660 1959 836 2034 juxta
850 1977 1023 2035 quam
1038 1977 1159 2016 non
1184 1965 1376 2035 potest
1400 1975 1517 2016 non
1544 1975 1736 2016 amare
1763 1956 1922 2034 quod
1941 1959 2233 2018 sanctitati
2259 1957 2442 2036 ipsius
2469 1967 2560 2017 est
2586 1977 2826 2018 consen-

412 2045 689 2097 taneum:
728 2038 883 2112 ‚Nam
908 2036 1247 2115 approbatio
1286 2037 1373 2096 rei
1420 2037 1666 2114 alicujus
1707 2055 1824 2096 non
1871 2037 2144 2097 continuo
2169 2046 2260 2096 est
2285 2037 2412 2116 ejus
2437 2039 2676 2114 volitio;
2719 2059 2828 2097 nec

416 2117 469 2176 si
495 2116 715 2253 nliliquid
724 2117 941 2255 ffm’
972 2116 1185 2177 idcirco
1214 2115 1409 2177 statim
1446 2116 1513 2177 id
1550 2117 1708 2176 vole.
1789 2115 1936 2178 Ideo
1974 2117 2168 2178 minus
2205 2117 2436 2196 proprie
2464 2116 2676 2178 dicitur
2714 2119 2828 2178 ista

416 2215 497 2256 vo
520 2205 695 2255 untas
816 2195 855 2255 i.

500 2275 659 2334 XII.
702 2273 869 2334 Licet
895 2273 972 2334 ad
994 2275 1353 2336 voluntatem
1396 2276 1676 2358 abe-nl«
1713 2275 2040 2354 pertineant
2081 2277 2256 2337 etiam
2303 2274 2712 2354 promissiones
2751 2275 2828 2338 de

420 2355 607 2414 salute
633 2353 827 2414 danda
852 2355 1233 2431 credentibus,
1256 2375 1387 2434 quse
1408 2376 1539 2416 cum
1565 2363 1854 2434 praecepto
1873 2357 2231 2436 Evangelico
2257 2364 2680 2434 proponuntur3
2709 2377 2829 2416 non

418 2434 679 2513 sequitur
702 2442 1013 2494 connotare
1040 2433 1249 2494 debere
1276 2435 1512 2514 aliquod
1538 2437 1836 2496 decretum
1859 2437 1960 2497 vel
1983 2437 2322 2497 volitionem
2360 2437 2588 2515 proprie
2615 2436 2830 2496 dictam

418 2514 869 2575 conditionatum
896 2515 969 2574 de
998 2513 1189 2574 danda
1214 2515 1483 2576 omnibus
1510 2517 1732 2578 salute:
1774 2517 1926 2576 Nam
1969 2516 2088 2578 tale
2131 2517 2426 2576 decretum
2471 2535 2592 2575 non
2631 2525 2830 2594 posset

418 2596 731 2656 consistere
758 2612 890 2655 cum
912 2594 1145 2656 decreto
1168 2595 1605 2675 reprobationis,
1634 2616 1744 2657 neo
1770 2618 1902 2658 cum
1943 2597 2224 2677 sapientia
2252 2596 2380 2674 Dei,
2423 2597 2520 2657 cui
2543 2605 2833 2676 repugnat

416 2676 640 2754 aliquid
678 2676 833 2735 velle
880 2676 989 2736 sub
1036 2676 1413 2736 condititione
1458 2677 1820 2755 impossibili,
1869 2685 1931 2737 et
1975 2698 2148 2756 quam
2198 2679 2360 2738 Deus
2407 2678 2530 2755 ipse
2571 2677 2831 2739 decrevit

418 2756 703 2834 deneg-are
747 2762 1042 2831 creaturae,
1082 2756 1183 2833 qui
1227 2754 1385 2815 solus
1428 2776 1557 2816 eam
1599 2765 1794 2835 potest
1835 2756 2010 2834 dare;
2053 2758 2158 2817 sed
2198 2758 2336 2817 hinc
2367 2764 2593 2817 tantum
2635 2766 2828 2836 potest

420 2836 635 2913 colligi,
665 2836 791 2894 dari
816 2854 1035 2895 nexum
1062 2836 1507 2913 inseparabilem
1532 2838 1686 2896 inter
1721 2836 1898 2897 fidem
1939 2846 2000 2897 et
2039 2838 2301 2914 salutem,
2330 2838 2432 2915 qui
2458 2857 2495 2896 a
2523 2838 2652 2896 Deo
2697 2838 2827 2916 ipso

420 2917 496 2975 sit
524 2917 887 2993 constitutus,
930 2922 999 2975 ut
1024 2934 1194 2975 nemo
1222 2916 1465 2976 salutem
1505 2916 1692 2995 possit
1729 2916 1990 2977 obtinere
2029 2918 2132 2996 qui
2155 2918 2330 2977 fidem
2355 2936 2472 2977 non
2499 2916 2725 2993 habeat,
2771 2926 2830 2979 et

418 3014 589 3055 nemo
614 2996 789 3054 fidem
814 2996 1043 3070 habeat,
1072 2996 1175 3073 qui
1202 2996 1447 3055 salutem
1474 2996 1792 3056 certissime
1830 3016 1948 3057 non
1989 3007 2408 3077 consequatur:
2451 2998 2546 3057 Ita
2584 2998 2826 3076 promis-

418 3076 611 3133 siones
638 3094 767 3152 quae
793 3075 1088 3135 adduntur
1109 3076 1415 3153 praeceptis
1460 3075 1792 3154 significant
1831 3085 2056 3137 tantum
2100 3077 2242 3155 quid
2285 3078 2448 3137 Deus
2473 3076 2712 3137 daturus
2753 3078 2830 3137 sit

420 3154 786 3214 credentibus
812 3164 873 3214 et
896 3156 1328 3233 poenitentibus,
1356 3175 1477 3215 non
1503 3155 1647 3234 quid
1671 3156 1810 3217 dare
1835 3156 1982 3217 velit
2007 3156 2126 3217 illis
2151 3157 2420 3218 omnibus
2445 3157 2658 3236 quibus
2683 3177 2827 3236 prae-

418 3242 651 3311 ceptum
676 3234 1029 3312 proponitur.

1024 3314 1213 3374 XIII.
1275 3315 1477 3375 Tertia
1520 3315 1816 3376 distinctio
1869 3316 2184 3377 Voluntatis
2224 3325 2316 3377 est
2359 3316 2422 3375 in
2477 3318 2829 3377 Voluntatem

422 3377 827 3497 Vdffissfflff
846 3382 901 3427 ἰ
940 3394 1105 3472 Siym'
1128 3404 1187 3455 et
1212 3396 1582 3471 Benepheiti,
1614 3416 1745 3473 quae
1771 3395 2066 3457 distinctio
2093 3398 2170 3455 ab
2197 3397 2452 3474 Hugone
2492 3397 2566 3455 dc
2596 3396 2658 3457 S.
2687 3397 2826 3457 Vic-

938 3480 1064 3533 tore
1090 3474 1277 3551 primo
1302 3474 1497 3551 allata,
1526 3476 1664 3534 inde
1689 3494 1728 3533 a
1754 3476 2082 3536 Lombardo
2123 3486 2434 3554 assumpta,
2476 3476 2579 3535 lib.
2609 3478 2647 3535 i.
2679 3485 2824 3537 sent.

418 3550 554 3611 dist.
598 3555 694 3628 45,
743 3553 817 3612 ab
860 3554 1129 3613 omnibus
1176 3554 1567 3629 Scholasticis,
1610 3563 1672 3614 et
1717 3555 1924 3615 Thom.
1951 3557 2240 3633 praecipue
2287 3576 2345 3633 p.
2379 3558 2430 3631 1,
2461 3574 2520 3632 q.
2553 3558 2645 3630 19,
2691 3556 2824 3615 Art.

422 3634 555 3770 ll}u
562 3635 653 3709 12,
703 3632 919 3710 passim
964 3641 1290 3712 usurpatur,
1338 3642 1403 3695 et
1442 3654 1479 3694 a
1530 3634 1850 3712 Theologis
1895 3635 2110 3695 nostris
2157 3636 2306 3695 bene
2346 3633 2637 3712 explicata
2690 3635 2824 3695 reti-

416 3730 491 3770 ne
558 3732 602 3771 r.

497 3791 679 3851 XIV.
725 3792 1099 3852 Scholasticis
1136 3794 1407 3852 Voluntas
1446 3792 1807 3871 Beueplaciti
1829 3792 2056 3869 dicitur,
2099 3812 2230 3872 quae
2271 3794 2550 3871 tantisper
2590 3792 2652 3851 in
2699 3794 2826 3853 Deo

414 3870 575 3947 latet,
606 3880 665 3930 et
692 3872 821 3948 ejus
846 3871 1155 3931 liberrimae
1200 3873 1477 3951 potestati
1522 3872 1885 3950 relinquitur,
1949 3874 2088 3933 dum
2131 3894 2209 3933 ex
2248 3874 2442 3951 aliquo
2471 3872 2704 3933 oraculo
2730 3874 2828 3932 vel

416 3959 631 4010 eventu
656 3952 785 4029 ipso
824 3952 1080 4029 patefiat.
1161 3954 1328 4029 Signi
1363 3972 1521 4029 vero,
1567 3973 1700 4030 quae
1748 3953 1916 4031 signo
1963 3954 2158 4033 aliquo
2199 3962 2342 4031 puta
2383 3962 2687 4033 praecepto,
2730 3952 2828 4013 vel

414 4030 715 4107 promisso,
744 4031 917 4091 nobis
962 4032 1287 4107 innotescit,
1332 4050 1578 4109 quaeque
1622 4040 1789 4092 notat
1831 4031 2098 4093 effectum
2141 4034 2378 4112 aliquod
2423 4042 2590 4093 extra
2616 4034 2826 4110 Deum,

416 4110 575 4186 quod
603 4120 693 4169 est
720 4112 951 4188 signum
994 4112 1315 4172 voluntatis
1360 4110 1559 4189 ipsius.
1646 4112 1820 4173 Unde
1867 4114 2122 4192 quinque
2171 4115 2340 4192 signa
2367 4114 2554 4175 solent
2580 4134 2616 4173 a
2647 4114 2826 4173 Scho-

416 4188 639 4247 lasticis
662 4190 977 4250 rescenseri
1003 4191 1216 4269 quibus
1246 4190 1359 4250 Dei
1385 4192 1658 4251 voluntas
1685 4191 2024 4269 innotescat,
2055 4194 2274 4253 scilicet
2299 4204 2666 4272 praeceptum,
2696 4212 2828 4270 pro-

417 4267 647 4405 ἓίὴίιίο,
694 4270 1015 4349 consilium,
1060 4270 1381 4349 permissio,
1428 4272 1720 4350 operati03
1779 4290 1910 4351 quae
1954 4275 2068 4333 hoc
2114 4273 2404 4334 versiculo
2456 4272 2828 4353 comprehen-

458 4356 650 4425 untur,

878 4508 1151 4585 meoet
1175 4508 1520 4585 expromat,
1540 4510 1832 4587 perminis,
1861 4512 2111 4589 comum,
2140 4513 2362 4589 eumue,-

430 4663 545 4723 Sed
572 4684 889 4743 perperam,
925 4670 977 4725 1.
1008 4666 1145 4743 quia
1172 4666 1339 4741 plura
1366 4673 1500 4724 sunt
1528 4666 1697 4742 signa
1737 4668 1892 4743 talia,
1935 4677 2078 4745 puta
2117 4668 2524 4747 promissiones
2553 4674 2612 4725 et
2637 4664 2827 4743 minae,
