3300 5225
382 366 602 415 Qun-aer.
635 344 796 426 xum]
1351 364 1430 405 m:
1458 364 1813 408 σιιιιΔιιοιιιι.
2668 356 2793 413 429

379 504 736 565 instituendo
764 503 922 597 quod
961 522 1080 562 non
1105 512 1246 564 erat.
1329 502 1417 564 At
1443 504 1650 565 animes
1677 526 1823 583 quas
1850 506 2107 584 quotidie
2134 514 2308 584 creat,
2338 516 2473 569 sunt
2508 529 2663 569 nova
2702 512 2791 571 in·

384 585 625 644 dividua
652 584 972 661 specierum
993 584 1118 661 jam
1146 592 1483 645 creatarum.

463 664 620 723 XII.
664 662 944 738 Quamvis
971 662 1161 721 anima
1187 682 1304 721 non
1333 663 1410 723 sit
1435 684 1511 722 ex
1537 663 1793 739 traduce,
1836 683 1953 723 non
1994 664 2219 725 desinet
2245 665 2337 725 vis
2372 666 2793 729 benedictionis

383 743 614 819 divinae,
659 743 796 801 data
834 742 1117 819 primitus,
1163 742 1312 801 Gen.
1355 743 1393 801 i.
1423 745 1520 819 28,
1565 762 1691 802 sese
1732 763 1967 803 exerere
2004 744 2066 801 in
2106 746 2477 821 generatione
2520 746 2789 824 hominis,

381 832 668 901 quatenus
699 823 860 880 Deus
901 821 1310 898 generantibus
1337 830 1398 881 et
1435 823 1795 900 generationi
1836 843 2062 900 semper
2088 832 2443 902 cooperatur,
2474 845 2591 884 non
2619 827 2791 886 modo

383 904 504 961 vim
531 900 1068 1040 Pfffiffmddando
1096 909 1156 960 et
1182 902 1578 961 conservando
1603 902 1843 979 homini,
1874 902 1979 961 sed
2006 911 2065 962 et
2091 904 2315 982 corpori
2356 903 2637 984 disposito
2665 907 2787 965 ani—

383 1002 538 1040 mam
653 1001 728 1040 un
772 1000 846 1039 en
887 999 922 1038 o

466 1061 654 1119 XIII.
700 1060 833 1118 Non
859 1078 1095 1117 necesse
1123 1067 1228 1135 est,
1264 1068 1330 1119 ut
1369 1061 1544 1119 homo
1583 1060 1876 1119 hominem
1918 1081 2192 1138 generare
2221 1061 2462 1139 dicatur,
2494 1072 2561 1123 ut
2588 1084 2791 1123 omnes

383 1148 638 1215 naturas,
666 1139 762 1197 vel
805 1146 996 1216 partes
1040 1138 1376 1197 essentiales
1419 1141 1723 1217 compositi
1805 1148 2017 1215 oneret,
2061 1142 2221 1231 alias,
2252 1162 2455 1201 verum
2500 1144 2691 1202 Deum
2731 1152 2791 1203 et

383 1220 675 1278 hominem
701 1238 818 1275 non
846 1217 1141 1295 genuisset
1169 1218 1240 1278 Β.
1271 1218 1495 1297 Virgo:
1537 1219 1640 1278 sed
1669 1160 1879 1277 sufficit
1904 1228 1970 1278 ut
2009 1217 2291 1301 praeparet
2318 1230 2377 1280 et
2405 1222 2639 1299 subigat
2666 1244 2786 1281 ma-

382 1300 604 1373 teriam,
635 1306 693 1357 et
719 1296 989 1357 idoneam
1026 1296 1230 1356 reddat
1270 1298 1346 1356 ad
1385 1298 1866 1357 introductionem
1907 1299 2125 1374 formae,
2154 1308 2215 1359 et
2240 1302 2490 1378 attingat
2516 1302 2789 1361 unionem

382 1378 590 1437 animae
617 1398 749 1437 cum
766 1397 1030 1471 corpore,
1069 1397 1173 1453 per
1199 1396 1372 1454 quam
1415 1377 1588 1436 homo
1631 1378 1997 1437 constituitur
2040 1380 2101 1436 in
2142 1398 2267 1437 esse
2311 1380 2579 1457 hominis,
2624 1390 2683 1441 et
2720 1382 2790 1441 fit

382 1458 498 1516 tale
528 1456 908 1535 compositum
950 1456 1273 1534 physicum.
1358 1456 1671 1515 Generatio
1707 1458 1861 1514 enim
1901 1457 2086 1518 tendit
2126 1458 2203 1517 ad
2242 1460 2639 1536 composim,
2668 1480 2789 1519 non

381 1556 521 1595 vero
549 1536 624 1594 ad
651 1535 1084 1613 productionem
1112 1536 1411 1613 utriusque
1452 1536 1666 1613 partis3
1711 1536 1790 1594 Et
1815 1544 1882 1595 ιιι
1920 1536 2093 1597 homo
2132 1536 2426 1597 hominem
2466 1540 2787 1599 interficere

381 1614 608 1691 dicitur,
639 1616 741 1693 qui
781 1615 958 1673 solvit
982 1615 1255 1673 unionem
1281 1616 1488 1674 animae
1517 1634 1649 1674 cum
1677 1634 1952 1693 corpore3
1994 1617 2132 1675 licet
2160 1618 2421 1675 animam
2436 1638 2510 1677 ne
2539 1620 2789 1696 attingat

381 1694 650 1772 quidem.
695 1695 790 1753 Ita
814 1696 988 1753 homo
1013 1694 1306 1753 hominem
1334 1702 1588 1772 generat,
1612 1694 1751 1771 quia
1776 1704 1968 1771 partes
1997 1696 2138 1755 istas
2165 1696 2316 1755 inter
2342 1716 2403 1755 se
2433 1698 2680 1773 copulat,
2711 1716 2788 1756 ex

381 1774 593 1851 quibus
633 1776 807 1832 homo
845 1775 1094 1851 exurgit,
1137 1774 1276 1833 licet
1313 1794 1432 1833 non
1470 1774 1545 1833 sit
1569 1772 1892 1851 ulamma-53
1936 1795 2044 1835 nec
2080 1774 2183 1853 qui
2224 1784 2464 1853 generat
2492 1786 2664 1835 totum
2690 1779 2785 1835 Ιιο-

381 1855 600 1930 minem,
633 1854 826 1913 statim
855 1863 1026 1912 totum
1053 1854 1288 1912 kontint's
1313 1853 1486 1913 debet
1512 1853 1847 1930 producere.

462 1934 643 1991 XIV.
703 1932 969 1992 Adamus
1011 1942 1217 2026 potest·
1246 1931 1361 1991 dici
1405 1932 1675 2010 genuisse
1718 1932 1903 1992 filium
1944 1932 2020 1992 ad
2063 1933 2375 2011 imaginem
2420 1954 2601 2011 suam,
2650 1890 2790 1995 licet

379 2014 628 2071 animam
657 2033 775 2071 non
800 2013 1096 2091 producat,
1119 2013 1258 2089 quia
1283 2032 1458 2071 causa
1479 2012 1873 2071 similitudinis
1895 2032 2012 2070 non
2032 2022 2121 2073 est
2140 2013 2427 2073 traductio
2449 2014 2785 2090 animarum,

382 2092 485 2151 sed
513 2112 814 2170 corporum
835 2092 1094 2170 ejusdem
1117 2091 1551 2169 temperamenti
1573 2111 1705 2149 cum
1724 2092 2060 2169 parentibus
2086 2093 2423 2170 productio;
2459 2112 2535 2152 ex
2557 2093 2789 2153 diversa

381 2172 534 2230 enim
564 2189 866 2249 corporum
907 2180 966 2231 et
1006 2173 1311 2230 humorum
1352 2171 1644 2248 temperie,
1676 2171 1923 2230 diversae
1951 2190 2180 2249 quoque
2221 2172 2282 2229 in
2323 2172 2531 2231 animis
2571 2174 2789 2232 nostris

380 2252 790 2329 propensiones
819 2260 878 2311 et
904 2250 1234 2310 affectiones
1261 2260 1592 2311 nascuntur.

465 2330 609 2390 XV.
654 2330 844 2405 Quum
884 2331 1088 2389 animoe
1129 2329 1398 2389 dicuntur
1438 2350 1673 2407 cyressoe
1712 2350 1787 2389 ex
1809 2332 2034 2405 femore
2071 2330 2292 2406 Jacobi,
2330 2330 2480 2390 Gen.
2510 2330 2654 2390 xlvi.
2686 2334 2782 2406 26,

379 2429 498 2467 ιιοιι
539 2410 766 2503 proprie
807 2410 1224 2486 intelliguntur,
1257 2408 1359 2468 sed
1401 2409 1673 2486 synecd0.
1717 2430 1821 2487 pro
1862 2410 2135 2486 personis,
2166 2429 2283 2487 qua
2321 2409 2612 2469 locutione
2640 2410 2787 2467 nihil

381 2490 648 2549 usitatius
690 2498 778 2549 est
819 2490 879 2547 in
925 2489 1250 2565 Scriptura;
1295 2508 1402 2547 nec
1442 2497 1745 2566 propterea
1771 2509 1917 2566 opus
1944 2496 2033 2547 est
2069 2497 2135 2548 ut
2161 2490 2204 2548 J
2208 2489 2422 2548 acobus
2431 2488 2671 2582 ‘aliquid
2712 2489 2789 2547 ad

379 2569 814 2648 productionem
835 2569 1072 2628 istarum
1094 2569 1411 2628 animarum
1439 2569 1780 2645 contulerit3
1812 2566 2021 2628 sufficit
2039 2576 2105 2628 ut
2125 2567 2475 2628 concurrerit
2495 2568 2570 2628 ad
2591 2588 2789 2628 earum

381 2650 832 2726 conjunctionem,
855 2650 955 2708 vel
973 2649 1415 2708 adsistentium
1399 2669 1462 2707 ιιι
1482 2669 1720 2726 corpore
1747 2649 2013 2725 mediate,
2038 2649 2137 2708 vel
2164 2648 2525 2724 immediate,
2572 2647 2786 2726 Egres-

382 2749 462 2796 sae
490 2749 629 2806 ergo
656 2730 942 2803 dicuntur,
973 2749 1091 2788 non
1116 2729 1309 2806 quoad
1349 2748 1476 2787 esse
1513 2748 1618 2788 seu
1658 2694 2039 2788 substantiam
2068 2728 2419 2806 simpliciter,
2452 2695 2555 2787 se’d
2596 2729 2790 2806 quoad

379 2809 823 2867 &absistentiam'
809 2828 867 2866 m
897 2829 1151 2884 corpore,
1183 2817 1241 2867 et
1266 2809 1537 2866 unionem
1567 2828 1699 2867 cum
1728 2828 1816 2868 eo,

463 2889 644 2947 XVI.
689 2889 855 2946 Licet
881 2887 1146 2946 Christus
1171 2907 1289 2945 non
1316 2888 1508 2946 minus
1534 2887 1757 2948 fuerit'
1740 2908 1800 2945 ιιι
1830 2886 2164 2946 Abrahamo
2192 2886 2507 2946 secundum
2536 2907 2784 2963 carnem,

381 2987 556 3044 quam
587 2968 750 3042 Levi,
793 2967 894 3044 qui
935 2955 1256 3026 decimatus
1295 2966 1460 3026 fuit·
1443 2988 1506 3025 111
1547 2967 1677 3044 ejus
1715 2967 1947 3041 lumbis,
1982 2967 2135 3025 Heb.
2164 2967 2264 3024 vii.
2296 2968 2351 3041 9,
2383 2986 2499 3025 ιιοιι
2528 2967 2789 3044 sequitur

385 3047 533 3105 Levi
572 3047 750 3105 fuisse
791 3047 852 3104 in
893 3047 1020 3124 ipso
1061 3046 1377 3106 secundum
1405 3047 1673 3122 animam,
1717 3055 1785 3106 ιιι
1828 3045 2019 3104 anima
2047 3047 2195 3106 Levi
2234 3065 2336 3123 per
2375 3046 2671 3106 traducem
2710 3047 2788 3107 sit

382 3135 715 3204 propagata,
739 3135 806 3185 ut
825 3126 1130 3185 discrimen
1155 3134 1449 3184 servetur·
1435 3173 1450 3202 ,
1491 3125 1607 3186 Sed
1627 3134 1855 3185 tantum
1877 3125 2024 3185 Levi
2044 3134 2308 3204 respectu
2328 3145 2587 3202 personae
2608 3126 2787 3186 fuisse

383 3205 442 3263 in
475 3204 808 3264 Abrahamo
837 3205 1151 3264 secundum
1191 3205 1470 3264 rationem
1501 3206 1852 3282 seminalem,
1896 3213 1956 3264 et
1982 3205 2137 3265 vires
2175 3206 2468 3264 naturales
2509 3206 2687 3282 patris
2729 3214 2788 3265 et

382 3284 600 3359 matris,
631 3305 666 3342 a
693 3285 904 3362 quibus
930 3285 1206 3344 oriundus
1244 3285 1386 3360 fuit,
1371 3307 1386 3322 ·
1433 3285 1726 3345 Christum
1753 3305 1893 3344 vero
1934 3284 2111 3344 fuisse
2144 3293 2369 3344 tantum
2411 3286 2472 3342 in
2500 3305 2568 3343 eo
2596 3284 2786 3361 quoad

381 3373 645 3423 naturam
671 3366 996 3439 humanam,
1027 3366 1247 3424 ratione
1289 3365 1505 3439 mati-ie,
1535 3384 1654 3422 non
1682 3384 1821 3422 vero
1849 3364 2041 3442 quoad
2081 3372 2343 3423 naturam
2386 3373 2445 3422 et
2485 3384 2784 3440 personam

381 3443 674 3503 divinam:
719 3443 862 3503 Ideo
901 3463 1148 3521 persona
1187 3445 1368 3537 ipsius
1394 3463 1512 3502 non
1549 3444 1738 3520 potuit
1765 3442 2053 3519 decimari,
2096 3443 2199 3502 sed
2224 3451 2499 3519 tanquam
2528 3444 2789 3520 superior

383 3524 734 3600 Abrahamo,
767 3524 930 3582 illum
959 3523 1286 3599 decimavit,
1312 3543 1478 3600 eique
1506 3521 1848 3582 benedixit
1832 3542 1892 3579 ιιι
1922 3522 2366 3597 Melchisede00‚
2398 3522 2495 3597 qui
2525 3523 2650 3598 ejus
2678 3523 2787 3582 fuit

379 3611 572 3680 typus,
601 3624 720 3662 non
746 3612 814 3663 ιιι
838 3604 1030 3678 hom0,
1067 3603 1170 3662 sed
1205 3611 1273 3662 ut
1299 3602 1589 3662 Mediator
1613 3601 1944 3684 &adrogent-05,
1972 3601 2159 3678 Regio
2187 3608 2245 3660 et
2276 3600 2629 3659 sacerdotali
2656 3621 2784 3660 mu-

381 3702 518 3740 nere
545 3683 647 3742 fun
691 3703 812 3742 ens.

464 3703 690 3821 XVIIg
725 3762 956 3822 Peccati
984 3762 1282 3840 originalis
1308 3763 1648 3840 propagatio
1682 3780 1801 3819 non
1827 3759 2001 3818 debet
2028 3757 2267 3834 efficere,
2312 3766 2376 3817 ut
2406 3757 2633 3817 Creatio
2661 3758 2783 3816 ani·

381 3860 604 3898 marum
632 3850 892 3918 negetur,
936 3851 996 3901 et
1022 3841 1259 3900 Tradux
1289 3849 1589 3917 statuatur,
1634 3841 1773 3917 quia
1814 3838 2162 3898 sufficienter
2190 3836 2403 3896 salvari
2442 3846 2632 3930 potest
2660 3837 2785 3896 sine

380 3919 491 3978 hac
519 3921 844 3997 hypothesi,
875 3929 940 3980 ut
967 3940 1073 3980 suo
1100 3922 1230 3980 loco
1257 3921 1762 3980 demonstrabitur.
1848 3919 2012 3977 Licet
2040 3918 2230 3976 anima
2270 3937 2388 3975 non
2414 3916 2490 3976 sit
2516 3917 2782 3976 materia-

379 3999 508 4056 liter
535 4000 608 4057 ab
639 3998 886 4075 Adamo,
917 4001 1110 4078 quoad
1133 4001 1514 4077 substantiam,
1545 4008 1634 4059 est
1662 4008 1854 4058 tamen
1881 3998 2231 4076 oriqinaliter
2258 3997 2332 4055 ab
2352 4017 2423 4055 eo
2443 3995 2634 4090 quoad
2660 3999 2783 4056 sub-

379 4079 700 4154 sistentiam,
745 4087 804 4138 et
843 4089 909 4138 ut
947 4081 1122 4139 homo
1161 4080 1454 4139 hominem
1493 4089 1649 4140 recte
1692 4079 1931 4157 gignere
1958 4077 2185 4152 dicitur,
2228 4077 2366 4135 licet
2392 4075 2641 4134 animam
2668 4097 2797 4136 non.

381 4157 603 4234 gignat,
635 4157 717 4218 ita
743 4159 1002 4236 impurus
1029 4160 1317 4237 imPurum
1344 4168 1705 4238 progenerat,
1751 4159 2001 4217 maxime
2018 4122 2328 4216 accedente
2350 4157 2513 4234 justo
2543 4156 2655 4214 Dei
2690 4157 2785 4233 ju·

377 4235 550 4313 dicio,
582 4257 697 4314 quo
719 4238 1002 4298 sancitum
1026 4239 1150 4314 fuit,
1181 4247 1248 4298 ut
1274 4259 1404 4316 quae
1420 4241 1605 4317 primo
1620 4239 1842 4298 homini
1865 4237 2202 4312 contulerat,
2226 4236 2324 4294 ille
2345 4245 2463 4296 tam
2486 4235 2596 4294 sibi
2614 4255 2787 4312 quam

379 4317 626 4393 posteris
654 4319 776 4377 suis
802 4319 1042 4377 haberet
1070 4319 1258 4394 simul,
1290 4327 1348 4378 et
1374 4319 1657 4397 perderet.
1702 4319 1820 4376 Cur
1846 4326 2039 4377 autem
2069 4317 2231 4376 Deus
2258 4315 2522 4375 infundat
2538 4315 2787 4373 animam

379 4405 618 4474 peccato
645 4397 1028 4473 inficiendarn,
1059 4407 1119 4458 et
1154 4399 1469 4475 conjungat
1497 4398 1721 4474 impuro
1758 4397 1999 4474 corpori,
2038 4397 2176 4455 licet
2203 4415 2456 4474 quaerere
2490 4394 2567 4452 sit
2604 4394 2787 4453 curio·

381 4493 527 4570 sum,
559 4485 617 4536 et
644 4477 883 4536 definire
909 4477 1294 4552 temerarium,
1323 4478 1436 4536 hoc
1465 4484 1621 4535 certo
1650 4482 1892 4550 constat,
1927 4476 2116 4534 Deum
2144 4475 2399 4533 noluisse
2426 4481 2658 4550 propter
2683 4473 2785 4530 ho·

379 4555 552 4615 minis
577 4565 880 4634 peccatum
920 4557 1163 4637 primam
1193 4555 1424 4616 abolere
1465 4555 1837 4634 sanctionem,
1881 4554 1953 4613 de
1994 4553 2368 4634 propagando
2408 4571 2511 4629 per
2550 4570 2787 4628 genera·
