3300 5225
364 399 589 452 Quffisr.
619 377 798 463 xxx]
1204 398 1282 438 nn
1312 397 1430 438 nso
1455 397 1594 457 mm,
1627 399 1703 439 m·
1730 397 1929 440 ramo,
2648 385 2766 444 273

362 542 668 620 Templum
695 541 957 600 dicimur.
1041 539 1164 599 Nec
1201 539 1314 599 hoc
1353 547 1579 600 tantum
1619 540 1941 618 praesentias
1968 539 2067 598 vel
2105 539 2477 600 habitationis
2504 553 2772 621 respectu

361 623 613 699 intelligi
639 621 845 696 debet3
889 640 1006 678 non
1033 621 1186 678 enim
1214 640 1570 698 quaecunque
1611 621 1922 680 inhabitari
1959 620 2244 696 dicuntur,
2276 641 2344 680 eo
2372 622 2499 698 ipso
2528 623 2769 700 Templa

363 710 513 777 sunt,
563 710 622 761 et
664 719 960 778 nunquam
1001 719 1276 758 vocamur
1315 701 1557 777 Templa
1584 701 1767 760 Verbi
1812 700 2011 776 divini,
2059 700 2218 777 quod
2258 709 2451 760 tamen
2494 703 2557 760 in
2600 703 2769 762 nobis

362 782 594 859 copiose
641 781 902 838 habitare
951 779 1141 838 debet.
1249 779 1365 838 Sed
1410 780 1715 857 Templum
1764 781 2013 839 involvit
2059 781 2383 839 necessario
2431 783 2769 842 relationem

363 861 554 920 cultus
595 860 854 937 religiosi
894 860 1038 936 ejus,
1082 859 1176 916 cui
1215 867 1468 918 erectum
1510 869 1616 918 est.
1701 860 1873 920 Unde
1900 862 2048 936 Auq.
2086 861 2218 919 libr.
2260 861 2299 919 i.
2339 870 2491 920 cont.
2523 863 2767 922 Maxim.

362 942 432 1000 Si
453 941 720 1017 sacrileyi
743 959 978 999 essemus
988 939 1262 1013 faciendo
1283 939 1571 1014 Templum
1597 940 1897 1015 cuicunque
1922 949 2217 1014 creatum,
2249 944 2523 1016 quomodo
2551 963 2663 1001 non
2691 952 2774 1002 est

361 1041 526 1080 verus
554 1023 731 1096 Deus,
762 1021 855 1078 cui
877 1040 990 1078 non
1021 1019 1310 1094 Templum
1320 1019 1588 1093 facimus,
1618 1021 1721 1076 sed
1743 1039 1843 1077 nos
1870 1020 1979 1094 ipsi
2007 1022 2295 1095 Templum
2322 1041 2510 1080 sumus
2526 1023 2554 1080 3

683 1153 694 1164 ,
791 1153 802 1164 ,
967 1098 1157 1156 XIII.
1205 1097 1488 1173 Secund0,
1519 1098 1804 1156 Auributa
1830 1099 2021 1156 divina
2048 1099 2135 1157 illi
2163 1109 2529 1177 competunt:
2572 1104 2768 1160 AEter·

381 1149 426 1196 ²
453 1153 536 1198 Ab
556 1151 843 1198 Attnbutm.
885 1179 1048 1253 nitas,
1080 1178 1215 1254 quia
1241 1185 1367 1234 erat
1384 1177 1511 1253 jam
1538 1177 1599 1234 in
1625 1178 1908 1255 principio
1936 1179 2258 1254 creationis,
2278 1181 2769 1262 Ferebaturlenim

361 1277 534 1334 cuper
561 1278 758 1335 aquas,
791 1258 940 1317 Gen.
968 1258 1007 1315 i.
1039 1261 1103 1332 23
1147 1256 1248 1333 qui
1287 1265 1482 1316 autem
1521 1277 1713 1316 rerum
1756 1258 2010 1316 omnium
2052 1259 2399 1318 creationem
2442 1261 2766 1337 antecessit,

361 1337 486 1414 ipse
516 1347 741 1397 creatus
781 1358 898 1397 non
934 1345 1040 1413 est,
1081 1355 1148 1394 ac
1189 1335 1429 1413 proinde
1464 1345 1731 1396 aeternus.
1822 1339 2286 1414 Omniproesentia
2314 1348 2372 1398 et
2398 1341 2765 1416 himen-sitas,

367 1416 463 1475 Ps.
494 1418 736 1476 cxxxix.
767 1422 821 1493 7,
853 1419 908 1493 8,
945 1418 1073 1484 Quo
1101 1417 1241 1474 irem
1267 1436 1306 1474 a
1332 1417 1553 1493 Spiritu
1580 1427 1673 1476 tuo
1691 1420 1719 1476 ,²
1802 1417 1971 1492 Quod
1998 1416 2074 1476 ad
2112 1418 2478 1494 praesentiam
2505 1420 2770 1478 essentiae

362 1495 724 1554 referendum
751 1516 896 1572 esse,
937 1505 998 1554 et
1031 1515 1149 1554 non
1177 1496 1410 1555 virtutis
1451 1505 1692 1572 tantum,
1738 1517 1912 1574 supra
1951 1497 2272 1574 probatum,
2306 1497 2521 1572 Quaest.
2552 1498 2624 1557 de
2652 1502 2769 1558 Im-

361 1577 648 1634 mcmitate
675 1577 806 1634 Dei.
867 1581 895 1634 1
932 1577 1060 1636 Cor.
1091 1575 1172 1634 iii.
1207 1579 1298 1651 16,
1329 1577 1576 1652 Spiritus
1602 1578 1664 1636 S.
1694 1577 1909 1635 habitat
1946 1578 2005 1635 in
2040 1577 2188 1635 vobis
2204 1601 2228 1649 ,·
2269 1597 2387 1636 non
2428 1578 2626 1654 utique
2666 1600 2771 1657 per

362 1655 673 1714 efficaciam
699 1663 924 1714 tantum
953 1675 1132 1731 suam,
1166 1655 1271 1715 sed
1309 1656 1484 1714 etiam
1523 1677 1628 1734 per
1656 1657 1979 1731 essentiam,
2012 1657 2148 1732 quia
2183 1657 2263 1715 ibi
2290 1665 2395 1732 est,
2426 1666 2492 1717 ut
2520 1657 2682 1716 Deus
2708 1659 2772 1717 in

363 1734 606 1811 Templo
635 1755 756 1794 su0.
834 1737 1244 1810 Omniscientia,
1276 1737 1414 1813 quia
1438 1747 1727 1796 scrutatur
1742 1739 2041 1813 profimda
2063 1737 2194 1812 Dei,
2223 1740 2252 1795 1
2281 1738 2409 1796 Cor.
2440 1737 2499 1795 ii.
2527 1740 2619 1810 10,
2650 1757 2769 1797 non

362 1816 617 1888 effective,
649 1815 784 1891 quia
810 1815 948 1874 facit
974 1835 1080 1874 nos
1117 1817 1377 1892 scrutari,
1416 1829 1678 1876 nostrum
1712 1817 1867 1875 enim
1902 1836 2022 1875 non
2049 1825 2137 1875 est
2166 1818 2407 1875 scrutari
2432 1819 2503 1875 τὰ
2528 1817 2657 1886 βάθη
2683 1826 2772 1878 τοῦ

365 1901 510 1966 Θεοῦ,
541 1913 614 1951 ne
643 1895 1030 1970 opprimamur
1055 1914 1092 1952 a
1119 1895 1320 1972 gloria,
1353 1897 1527 1954 Prov.
1559 1917 1701 1954 xxv.
1733 1902 1807 1955 27
1831 1918 1845 1971 ;
1892 1896 1994 1954 sed
2020 1897 2309 1971 subjective
2335 1905 2393 1956 et
2416 1900 2765 1973 formaliter,

365 1975 502 2050 quia
529 1972 730 2030 eodem
760 1973 930 2031 modo
959 1994 1021 2032 se
1056 1973 1269 2032 habere
1298 1973 1509 2034 dicitur
1535 1975 1610 2032 ad
1639 1996 1708 2034 ea
1735 1997 1863 2052 quae
1894 1985 2027 2033 sunt
2057 1975 2185 2050 Dei,
2216 1977 2505 2052 quomodo
2535 1978 2771 2054 spiritus

363 2051 615 2109 hominis
645 2071 704 2109 se
731 2051 906 2111 habet
933 2052 1008 2111 ad
1037 2073 1106 2110 ea
1134 2073 1264 2129 quse
1293 2063 1426 2112 sunt
1453 2055 1721 2129 hominis,
1752 2055 1980 2132 proprie
2009 2063 2068 2113 et
2094 2055 2409 2113 formaliter
2434 2077 2538 2134 per
2567 2077 2765 2134 opera·

363 2132 552 2190 tiones
601 2150 736 2190 suas
779 2131 1023 2190 reflexas
1073 2133 1380 2192 scrutando
1429 2133 1702 2192 interiora
1745 2135 2060 2210 cujusque:
2119 2134 2199 2192 Et
2246 2154 2453 2211 scopus
2496 2135 2769 2212 Apostoli

365 2231 435 2270 eo
470 2229 580 2268 nos
617 2210 793 2286 ducit,
835 2211 934 2288 qui
976 2219 1064 2270 est
1105 2212 1348 2288 probare
1384 2213 1568 2271 solum
1601 2213 1713 2270 Dei
1758 2213 2035 2289 Spiritum
2078 2213 2435 2286 omniscium,
2481 2224 2539 2273 et
2577 2216 2770 2274 omnia

367 2298 733 2364 scrutantem,
778 2310 946 2368 posse
982 2291 1151 2350 nobis
1189 2301 1346 2350 certo
1383 2301 1642 2369 retegere
1681 2312 1749 2350 ea
1777 2311 1905 2369 quae
1938 2291 2098 2349 Deus
2138 2293 2363 2369 paravit
2391 2293 2769 2370 diligentibus

367 2389 446 2444 se,
478 2390 608 2446 quae
635 2369 890 2447 alioquin
917 2391 1023 2428 nec
1050 2371 1255 2430 oculus
1275 2370 1439 2445 vidit,
1469 2392 1578 2430 nec
1598 2372 1753 2430 auris
1774 2370 2014 2444 audivit,
2044 2391 2153 2429 nec
2174 2371 2556 2432 ascenderunt
2583 2375 2640 2431 in
2672 2393 2772 2434 cor

363 2449 632 2525 hominis,
663 2469 720 2508 v.
753 2451 808 2508 9.
856 2438 1110 2509 Scrutari
1139 2459 1332 2510 autem
1360 2451 1585 2527 dicitur,
1617 2471 1736 2510 non
1774 2449 2135 2528 inquirend0‚
2166 2451 2322 2527 quod
2350 2451 2769 2512 dubitationem

364 2529 618 2605 aliquam
657 2529 720 2586 in
748 2549 817 2588 eo
845 2539 1208 2608 supponeret,
1241 2531 1343 2590 sed
1378 2534 1749 2609 penetrandO,
1780 2529 2070 2608 quomodo
2100 2531 2261 2588 Deus
2288 2529 2499 2589 dicitur
2527 2534 2770 2592 scrutari

365 2607 541 2668 eorda
567 2618 626 2668 et
651 2628 835 2669 renes.
917 2609 1008 2669 Eo
1033 2610 1283 2689 pertinet
1308 2612 1466 2690 quod
1493 2612 1925 2687 diciturfiaura
1953 2612 2315 2686 annunciare,
2346 2612 2390 2671 J
2394 2613 2486 2670 oh.
2516 2614 2637 2671 xvi.
2674 2618 2765 2691 13,

367 2688 524 2765 quod
551 2698 639 2747 est
667 2690 846 2748 solius
876 2690 1016 2768 Dei3
1057 2700 1116 2750 et
1153 2691 1310 2769 quod
1348 2712 1453 2770 per
1491 2710 1624 2751 eum
1654 2692 1959 2769 Prophetas
2001 2692 2100 2767 qui
2142 2690 2337 2749 futura
2376 2692 2769 2769 praedixerunt

367 2769 544 2827 locuti
575 2770 704 2843 sint,
737 2773 772 2827 2
805 2770 931 2829 Pet.
961 2771 999 2829 i.
1030 2774 1126 2829 21.
1217 2773 1646 2849 Omnipotentia,
1679 2773 1816 2849 quia
1843 2772 2036 2829 Virtus
2062 2771 2338 2830 Altissimi
2362 2770 2587 2847 dicitur,
2624 2773 2765 2833 Luc.

367 2850 406 2907 i.
437 2850 531 2923 35,
572 2858 688 2906 n'on
715 2850 1040 2910 essentialis
1077 2850 1429 2928 simpliciter,
1470 2852 1574 2911 sed
1609 2851 1945 2929 personalis,
2021 2852 2166 2925 Vita,
2207 2850 2343 2928 quia
2384 2860 2474 2910 est
2519 2852 2767 2930 Spiritus

367 2927 652 3004 vivificuS,
680 2931 709 2986 l
745 2930 876 2989 Cor.
905 2950 1006 2990 xv.
1037 2932 1138 3008 qui
1165 2931 1427 2992 vivificat
1452 2932 1719 2991 mortalia
1746 2950 1985 3009 corpora
2012 2939 2224 3005 nostra,
2260 2930 2428 2989 Rom.
2458 2930 2579 2991 viii.
2617 2935 2709 2992 11.

716 3068 728 3079 ,
979 3011 1159 3070 XIV.
1203 3012 1418 3087 Terti0,
1456 3013 1667 3088 Opera,
1713 3020 1837 3069 tum
1864 3012 2125 3086 Naturoe,
2165 3009 2409 3084 Creatio,
2444 3010 2594 3070 Gen.
2638 3013 2675 3071 i.
2708 3017 2763 3089 2,

404 3064 450 3110 3·
479 3067 562 3111 Ab
581 3065 836 3125 ⁰¹³⁶‘¹b¹²⁸·
898 3090 1053 3149 Psal.
1084 3090 1294 3149 xxxiii.
1325 3092 1396 3167 63
1443 3092 1804 3149 conservatio
1833 3099 1892 3148 et
1928 3090 2287 3167 gubernatiO,
2322 3090 2476 3149 Psal.
2508 3092 2620 3151 civ.
2652 3096 2763 3169 30;

371 3168 628 3227 Patratio
676 3169 1101 3246 miraculorum,
1135 3170 1346 3229 Matth.
1377 3170 1479 3229 xii.
1516 3173 1612 3245 28,
1649 3174 1679 3227 1
1714 3171 1843 3229 Cor.
1874 3170 1976 3229 xii.
2007 3174 2063 3227 4.
2094 3170 2245 3228 Tum
2278 3170 2517 3246 Gratioe,
2550 3172 2766 3232 Christi

369 3247 686 3323 concepti0‚
721 3248 862 3306 Luc.
892 3248 931 3307 i.
963 3252 1039 3308 35
1065 3272 1079 3323 ;
1126 3248 1341 3307 Unctio
1363 3258 1422 3308 et
1441 3250 1659 3325 missi0,
1694 3249 1809 3307 Isa.
1838 3248 1943 3307 lxi.
1978 3252 2007 3307 1
2036 3272 2050 3324 ;
2097 3250 2473 3309 Peccatorum
2502 3252 2765 3310 remissio

371 3336 430 3386 et
457 3326 832 3403 regenerati0‚
871 3330 900 3385 1
935 3328 1065 3387 Cor.
1096 3328 1174 3385 vi.
1210 3331 1301 3401 11,
1345 3329 1389 3388 J
1393 3329 1486 3386 oh.
1517 3329 1598 3387 iii.
1630 3330 1666 3387 5
1692 3352 1706 3405 ;
1752 3328 2111 3387 Gubernatio
2142 3328 2439 3402 Ecclesiae,
2472 3329 2609 3389 Act.
2640 3331 2765 3391 xiii.

372 3410 428 3480 2,
461 3413 520 3463 et
548 3425 648 3462 xv.
679 3407 776 3481 28,
807 3414 864 3463 et
895 3427 996 3465 xx.
1027 3410 1104 3465 28
1130 3430 1144 3481 ;
1190 3408 1498 3465 Praedictio
1539 3406 1879 3480 futurorum,
1925 3408 1968 3466 J
1972 3408 2065 3465 oh.
2096 3407 2217 3464 xvi.
2252 3410 2344 3481 13,
2378 3410 2515 3467 Act.
2544 3410 2625 3467 xi.
2657 3413 2763 3486 283

375 3483 620 3543 Collatio
649 3484 946 3561 donorum,
983 3490 1012 3545 1
1040 3487 1170 3546 Cor.
1199 3488 1302 3545 xii.
1334 3492 1405 3561 7;
1440 3486 1815 3560 IlluminatiO,
1849 3486 2003 3563 Eph.
2021 3486 2059 3543 i.
2088 3488 2179 3559 17,
2216 3487 2319 3560 183
2355 3486 2765 3565 SanctificatiO,

374 3568 410 3622 2
433 3564 637 3621 Thess
667 3563 726 3622 ii.
761 3566 852 3639 13,
885 3576 946 3625 et
976 3570 1004 3624 1
1039 3567 1165 3625 Pet.
1195 3567 1231 3624 i.
1263 3571 1299 3625 2
1325 3589 1340 3641 3
1371 3565 1735 3624 Mortuorum
1764 3564 2121 3637 resurrectiO,
2155 3565 2325 3622 Rom.
2354 3564 2475 3623 viii.
2512 3568 2603 3623 11.

979 3646 1122 3705 XV.
1168 3645 1609 3720 Quart0,0ultus
1646 3644 1734 3701 illi
1763 3643 1997 3701 divinus
2024 3643 2312 3715 tribuitur,
2345 3644 2481 3718 quia
2509 3644 2765 3720 baptiza-

450 3708 496 3752 4·
527 3706 575 3753 A
598 3707 766 3753 Cultu.
873 3746 1026 3784 .mur
1065 3724 1126 3782 in
1155 3726 1282 3802 ejus
1321 3725 1552 3783 nomine
1595 3743 1712 3780 non
1741 3722 1931 3780 minus
1974 3741 2145 3798 quam
2178 3721 2368 3779 Patris
2397 3729 2456 3779 et
2486 3722 2659 3797 Filii;
2704 3723 2766 3781 in

373 3806 564 3883 ipsum
592 3805 824 3865 credere
845 3806 1120 3884 jubemur
1145 3805 1206 3861 in
1239 3804 1534 3881 Symbolo,
1578 3823 1697 3861 non
1723 3802 1914 3860 minus
1956 3821 2023 3859 ac
2063 3800 2125 3857 in
2154 3800 2386 3857 Patrem
2426 3810 2487 3859 et
2512 3802 2762 3880 Filium;

374 3887 448 3944 ab
476 3886 604 3963 ipso
627 3887 872 3961 gratiam
900 3893 958 3943 et
985 3904 1202 3961 pacem,
1235 3892 1554 3959 caeteraque
1581 3881 1863 3940 beneficia
1883 3900 1999 3938 non
2028 3880 2217 3938 minus
2238 3879 2505 3957 petimus,
2530 3901 2701 3957 quam
2731 3903 2767 3941 a

379 3965 550 4023 Patre
579 3973 638 4023 et
669 3965 837 4039 Filio,
871 3968 907 4022 2
944 3964 1074 4023 Cor.
1105 3964 1228 4021 xiii.
1264 3966 1354 4038 13,
1387 3971 1446 4021 et
1475 3962 1661 4039 Apoc.
1692 3961 1730 4019 i.
1761 3964 1816 4035 4,
1848 3960 1949 4019 ubi
1988 3959 2204 4037 petitur
2245 3959 2433 4036 gratia
2473 3968 2533 4019 et
2571 3980 2689 4038 pax
2731 3981 2767 4019 a

374 4053 581 4119 septem
607 4044 906 4119 Spiritibus
934 4044 1033 4120 qui
1054 4051 1184 4101 sunt
1208 4052 1337 4101 ante
1366 4044 1624 4100 thronum
1640 4064 1660 4098 .·
1720 4040 1967 4117 Spiritus
2004 4039 2157 4097 enim
2190 4038 2248 4097 S.
2290 4039 2373 4096 sic
2401 4037 2761 4117 describitur,

373 4143 492 4181 non
512 4130 779 4201 respectu
799 4122 1240 4201 personalitatis,
1265 4140 1396 4199 quae
1415 4121 1586 4180 unica
1605 4128 1712 4195 est,
1738 4118 1839 4177 sed
1860 4126 2125 4195 respectu
2146 4118 2552 4195 septemplicis,
2577 4120 2639 4177 id
2659 4130 2763 4196 est,

373 4202 712 4279 multiplicis
740 4203 1021 4261 donorum
1049 4202 1361 4275 varietatis,
1391 4221 1521 4278 quae
1549 4201 1673 4277 ipse
1715 4198 1959 4257 effundit
1997 4198 2059 4256 in
2084 4197 2304 4271 fideles,
2350 4207 2408 4256 et
2442 4200 2765 4276 septenario

373 4302 614 4341 numero
643 4282 838 4357 utitur,
869 4302 988 4340 non
1013 4280 1186 4339 modo
1227 4289 1461 4359 propter
1487 4282 1614 4358 ejus
1641 4278 2068 4356 perfectionem,
2102 4276 2205 4335 sed
2246 4276 2491 4335 allusive
2533 4278 2609 4336 ad
2638 4298 2763 4357 sep-

373 4370 491 4420 tem
514 4362 808 4420 Ecclesias
836 4361 912 4419 ad
932 4380 1076 4437 quas
1105 4361 1319 4437 scribit,
1339 4369 1406 4419 ut
1425 4360 1628 4417 innuat
1644 4356 1925 4416 donorum
1949 4376 2182 4415 suorum
2210 4356 2377 4433 copia
2404 4376 2465 4414 se
2481 4356 2597 4415 illis
2627 4358 2766 4416 affa-

373 4441 480 4499 tim
523 4450 978 4518 prospecturum‚
1031 4460 1098 4499 ac
1142 4440 1192 4499 si
1233 4440 1478 4517 singulis
1525 4438 1809 4496 Ecclesiis'
1848 4436 2157 4512 singularis
2217 4435 2463 4512 Spiritus
2512 4435 2763 4496 daretur.

375 4520 500 4578 Nec
528 4519 644 4578 dici
671 4530 862 4597 potest
889 4540 992 4598 per
1020 4528 1238 4598 septem
1272 4519 1518 4596 Spiritus
1547 4517 1696 4591 illos,
1727 4537 1843 4574 non
1874 4516 2188 4574 Personam
2216 4514 2481 4591 intelligi,
2516 4516 2619 4573 sed
2645 4536 2765 4575 me-

339 4599 534 4657 'dium
578 4600 840 4677 exprimi,
873 4620 987 4677 quo
1033 4599 1278 4677 gratiam
1320 4607 1378 4657 et
1417 4616 1618 4674 pacem
1660 4617 1695 4654 a
1724 4596 1894 4655 Patre
1933 4594 2218 4673 proficisci
2247 4594 2374 4652 vult
2402 4594 2763 4671 Apostolus;

372 4679 509 4756 quia
549 4679 752 4739 eodem
780 4678 954 4738 modo
993 4699 1030 4739 a
1075 4678 1383 4757 Spiritibus
1425 4678 1671 4755 gratiam
1698 4676 1860 4753 petit,
1891 4694 2007 4753 quo
2034 4694 2071 4732 a
2100 4675 2288 4748 Patre,
2335 4676 2437 4730 ἀπὶ
2480 4674 2769 4749 a-nvpcx‘w»

2333 4770 2363 4811 s
