3300 5225
391 318 620 369 QuAEsr.
653 298 856 383 xvn1.]
1281 321 1358 361 nr.
1389 298 1971 364 rmasrmsrioxa.
2686 304 2802 361 373

378 460 554 521 fidem
575 462 638 520 in
657 460 1042 521 conditionem
1061 460 1279 539 salutis,
1301 462 1490 521 media
1509 483 1739 540 quoque
1757 463 1832 521 ad
1851 463 2025 523 fidem
2047 462 2315 522 omnibus
2335 470 2393 521 et
2404 461 2649 539 singulis
2667 482 2800 539 pec·

379 542 671 600 catoribus
697 541 1195 601 indiscriminatim
1224 542 1530 601 ordinavit.
1573 544 1927 601 Postremum
1953 550 2043 603 est
2058 545 2436 619 particulare,
2462 562 2577 619 quo
2600 543 2801 602 statuit

379 620 452 679 de
475 622 836 699 singulorum
864 622 1046 681 salute
1075 620 1173 681 vel
1201 622 1397 698 exitio,
1442 630 1615 699 prout
1663 642 1763 682 eos
1813 623 2149 699 credituros,
2196 623 2293 681 vel
2333 642 2451 680 non
2478 620 2797 681 credituros

376 702 679 778 praevidit3
725 710 898 781 atque
941 702 1024 760 ita
1063 720 1251 760 nexus
1295 702 1420 778 ejus
1465 722 1595 761 cum
1642 702 1930 780 prioribus
1978 722 2096 762 non
2140 710 2228 761 est
2271 702 2646 777 necessariae,
2692 701 2796 760 sed

378 780 722 858 contingens
749 790 808 840 et
835 782 1174 855 eventualis,
1205 790 1488 857 quatenus
1515 782 1640 839 fieri
1680 783 1888 859 potuit,
1931 790 2013 857 ut,
2056 782 2194 841 dato
2224 782 2452 841 Christo
2481 782 2542 838 in
2571 782 2793 839 Media-

381 867 582 936 torem,
614 869 673 920 et
699 861 888 939 posita
914 861 1044 937 lege
1072 860 1210 918 fidei
1226 870 1286 918 et
1300 860 1507 919 mediis
1539 861 1614 919 ad
1636 881 1763 933 eam
1782 862 2212 937 administratis,
2233 862 2429 920 nullus
2456 860 2716 920 crederet
2737 870 2797 920 et

377 948 720 1016 servaretur,
753 940 856 999 sed
883 940 1290 999 damnarentur
1316 934 1610 1017 universi3
1655 942 1792 1018 quia
1832 942 2021 1018 gratia
2047 962 2177 1019 quae
2206 942 2322 1000 illis
2352 940 2659 1016 confertur,
2703 960 2791 999 re-

375 1019 640 1078 sistibilis
669 1040 893 1099 semper
921 1019 1277 1097 supponitur,
1322 1020 1402 1078 id.
1452 1039 1624 1097 quam
1666 1021 1839 1080 homo
1866 1041 1971 1097 pro
1998 1021 2167 1080 libitu
2195 1029 2387 1099 potest
2415 1021 2511 1079 vel
2538 1021 2793 1097 recipere

375 1100 473 1157 vel
499 1100 754 1177 rejicere.
842 1098 939 1159 Sic
982 1100 1440 1158 Remea-strantes
1483 1108 1782 1178 exponunt
1840 1101 2197 1161 Sententiam
2246 1120 2409 1160 suam
2456 1100 2529 1159 de
2574 1100 2789 1161 Ordine

381 1177 758 1239 Decretorum
786 1178 848 1237 in
874 1179 1030 1237 Actis
1055 1180 1267 1255 Synod.
1295 1200 1353 1255 p.
1388 1181 1479 1254 18,
1516 1182 1608 1239 19.

455 1258 603 1317 VII.
649 1258 767 1317 Sed
794 1258 950 1318 Ordo
976 1259 1086 1317 iste
1116 1258 1486 1317 multifariam
1525 1259 1798 1337 impingit
1823 1259 1884 1317 in
1910 1260 2231 1337 veritatem,
2264 1266 2323 1319 et
2360 1278 2627 1319 sanorum
2670 1274 2785 1318 ser-

375 1356 612 1396 monum
641 1337 898 1414 formam,
931 1345 989 1397 et
1017 1338 1394 1415 gravissimos
1421 1358 1642 1397 errores
1668 1347 1800 1417 post
1827 1359 1889 1399 se
1916 1340 2111 1399 trahit.
2197 1343 2249 1398 1.
2294 1339 2367 1398 In
2394 1356 2605 1417 genere
2632 1337 2787 1416 capi-

369 1412 486 1475 tale
514 1426 618 1493 est,
650 1417 808 1495 quod
834 1418 894 1475 in
923 1436 991 1476 eo
1023 1417 1552 1476 Praedestinationis
1579 1418 1847 1495 gratuitae
1876 1418 2138 1478 doctrina
2178 1420 2577 1497 corrumpitur,
2622 1428 2681 1478 et
2708 1416 2786 1477 ad

372 1496 818 1573 Pelagianorum
845 1502 1098 1555 mentem
1125 1496 1387 1571 traditur,
1439 1497 1577 1556 dum
1625 1498 1701 1555 ab
1740 1498 1973 1557 homine
2002 1507 2061 1559 et
2088 1498 2309 1557 viribus
2336 1498 2505 1560 liberi
2534 1498 2785 1560 Arbitrii

373 1576 759 1653 suspenditur,
791 1584 1076 1653 quatenus
1105 1576 1308 1635 electio
1336 1576 1462 1635 fieri
1503 1577 1843 1654 supponitur
1884 1598 1960 1637 ex
1998 1577 2113 1636 fide
2140 1578 2404 1655 praevisa,
2444 1588 2503 1637 et
2530 1596 2607 1636 ex
2632 1577 2787 1637 bono

369 1674 481 1715 usu
507 1654 676 1715 liberi
703 1655 942 1715 arbitrii.
1025 1660 1083 1715 2.
1129 1656 1225 1714 Ex
1251 1656 1354 1713 illa
1379 1657 1693 1735 hypothesi
1734 1657 1961 1716 Electio
1989 1666 2048 1717 et
2078 1658 2428 1735 Reprobatio
2460 1666 2595 1715 sunt
2621 1666 2785 1719 aetus

361 1734 624 1812 justitiae,
657 1736 758 1813 qui
782 1736 1039 1813 pendent
1065 1756 1100 1793 a
1129 1736 1256 1794 Deo
1283 1744 1349 1794 ut
1375 1736 1418 1795 J
1421 1736 1606 1813 udice,
1637 1737 1739 1813 qui
1766 1736 1980 1813 eligere
2008 1736 2221 1796 dicitur
2247 1736 2562 1813 credentes,
2594 1745 2653 1796 et
2692 1756 2781 1795 re-

367 1814 610 1892 probare
639 1814 983 1891 incredulos,
1013 1815 1114 1873 ubi
1141 1814 1382 1892 proinde
1407 1816 1604 1875 nullus
1644 1816 1817 1875 datur
1857 1816 2103 1892 amplius
2142 1818 2307 1875 locus
2336 1816 2778 1894 objectionibus,

368 1913 499 1971 quae
527 1914 562 1951 a
591 1894 774 1953 Paulo
802 1902 1123 1970 moventur,
1157 1894 1326 1953 Rom.
1346 1895 1445 1970 ix„
1478 1916 1580 1954 cur
1605 1896 1760 1955 hunc
1786 1915 1903 1969 non
1929 1897 2093 1971 illum
2123 1897 2365 1974 elegerit
2384 1906 2485 1955 aut
2510 1898 2787 1975 reprobae

367 1973 444 2031 rit
469 1995 483 2033 :
527 1974 672 2034 Cum
700 1982 894 2033 tamen
925 1974 1221 2051 Scriptura
1266 1983 1598 2033 constanter
1623 1983 1859 2051 asserat,
1906 1994 2005 2034 eas
2049 1995 2085 2034 a
2133 1978 2258 2035 sola
2286 1976 2397 2035 Dei
2426 1974 2619 2055 ιῦδοκζᾳ
2636 1997 2775 2055 pen·

368 2052 522 2128 dere,
570 2061 630 2111 et
677 2072 803 2113 esse
847 2060 1011 2112 actus
1059 2053 1202 2111 meri
1244 2053 1590 2130 beneplaciti
1636 2054 1766 2129 Dei,
1796 2064 2071 2131 tanquam
2101 2057 2353 2132 supremi
2384 2058 2635 2131 Domini,
2682 2056 2783 2134 qui

363 2140 557 2210 potest
583 2133 656 2191 de
685 2152 791 2192 suo
819 2132 1005 2191 facere
1034 2132 1190 2210 quod
1215 2132 1375 2191 libet.
1460 2134 1516 2191 3.
1563 2133 1659 2191 Ex
1686 2134 1799 2193 ista
1826 2135 2303 2196 sententia.Deus
2330 2136 2611 2212 praevidet
2650 2144 2777 2194 tan-

365 2220 490 2269 tum
518 2210 710 2287 fidem,
743 2212 846 2270 sed
872 2232 990 2270 non
1017 2210 1170 2285 facit,
1223 2212 1506 2289 siquidem
1536 2213 1725 2289 gratia
1768 2214 2057 2273 sufficiens
2105 2233 2235 2291 quae
2276 2214 2521 2273 conferri
2550 2214 2779 2291 dicitur,

366 2310 498 2350 cum
527 2292 604 2350 sit
631 2292 951 2350 communis
978 2291 1262 2368 omnibus,
1313 2310 1429 2350 non
1468 2301 1661 2369 potest
1701 2293 1965 2351 homines
2005 2294 2148 2352 alios
2176 2294 2251 2351 ab
2278 2294 2408 2353 aliis
2436 2292 2777 2371 discernere,

366 2379 539 2447 atque
568 2372 650 2429 ita
678 2371 948 2431 discretio
975 2371 1090 2429 ista
1129 2372 1238 2430 erit
1265 2390 1410 2447 opus
1438 2380 1677 2448 naturae,
1725 2381 1783 2431 et
1829 2373 1997 2432 liberi
2024 2372 2263 2448 arbitrii,
2314 2392 2431 2432 non
2476 2373 2677 2449 gratiae
2720 2382 2779 2433 et

369 2449 620 2527 Spiritus
653 2451 868 2525 Sancti,
899 2458 1100 2509 contra
1125 2470 1398 2529 expressa
1445 2452 1757 2529 Scripturas
1805 2452 1983 2511 verba
2030 2472 2161 2531 quse
2187 2453 2360 2511 fidem
2406 2453 2622 2511 donum
2666 2452 2778 2511 Dei

362 2537 549 2604 vocat,
601 2537 660 2588 et
703 2550 935 2588 causam
979 2529 1341 2588 discretionis
1383 2530 1700 2606 hominum,
1732 2552 1867 2593 .n0n
1914 2532 2261 2607 hominibus,
2308 2532 2411 2590 sed
2438 2532 2547 2591 soli
2576 2533 2777 2609 gratiae

361 2618 658 2688 acceptam
686 2609 834 2668 ferre
864 2610 1027 2684 solet,
1077 2613 1106 2668 1
1141 2610 1252 2669 Cor
1280 2610 1357 2670 iv.
1389 2615 1422 2668 7
1445 2634 1461 2687 ς
1507 2612 1659 2689 Eph.
1688 2612 1747 2670 ii.
1779 2615 1836 2671 8.
1918 2617 1975 2672 4.
2020 2613 2115 2671 Ex
2143 2613 2257 2672 ista
2280 2613 2587 2692 hypothesi
2614 2614 2778 2672 nulla

365 2689 536 2749 datur
565 2690 791 2749 Electio
820 2689 895 2748 ad
921 2690 1112 2765 fidem,
1145 2689 1248 2748 sed
1275 2699 1499 2748 tantum
1521 2690 1597 2749 ad
1615 2692 1877 2768 salutem,
1899 2713 2030 2751 cum
2048 2702 2242 2752 tamen
2261 2693 2422 2751 Deus
2448 2711 2565 2751 non
2592 2693 2779 2770 possit

363 2769 578 2848 eligere
604 2769 682 2828 ad
709 2770 970 2844 salutem,
1001 2777 1068 2828 ut
1095 2769 1283 2844 finem,
1315 2770 1456 2847 quin
1484 2771 1676 2847 elegat
1696 2773 1869 2831 etiam
1897 2773 1973 2831 ad
1998 2772 2171 2831 fidem
2199 2780 2473 2850 tanquam
2502 2771 2771 2849 medium,

364 2848 461 2907 Ps.
490 2851 614 2908 lxv.
645 2852 684 2908 4
707 2872 723 2926 3
767 2849 905 2908 Act.
935 2849 1060 2910 xiii.
1089 2852 1166 2908 48
1191 2871 1206 2926 ς
1254 2851 1422 2909 Rom.
1472 2851 1594 2910 viii.
1641 2851 1739 2910 30.
1824 2854 1879 2910 5.
1924 2853 2057 2910 Non
2098 2861 2219 2911 tam
2268 2853 2675 2912 salvandorum
2718 2860 2777 2913 et

359 2926 814 2988 damnandorum
835 2929 1104 2988 discretio
1134 2931 1379 3006 ponitur,
1425 2949 1598 3007 quam
1637 2951 1798 2990 mera
1838 2931 2200 3007 conditionis,
2231 2932 2341 2991 sub
2369 2937 2485 3010 qua
2510 2933 2773 2994 homines

358 3006 688 3084 damnandi,
718 3009 814 3067 vel
842 3008 1109 3067 salvandi
1137 3018 1287 3084 sunt,
1331 3009 1695 3087 praestitutiO.
1780 3014 1835 3070 6.
1870 3011 1933 3070 Si
1960 3012 2212 3088 penitius
2238 3011 2373 3070 finis
2389 3011 2575 3071 totius
2596 3011 2772 3086 ‚istius

360 3086 638 3145 doctrinae
667 3087 998 3161 attenditur,
1027 3107 1145 3146 non
1167 3088 1316 3147 alius
1337 3108 1464 3148 esse
1487 3089 1953 3166 deprehenditur,
1978 3109 2151 3168 quam
2181 3091 2689 3167 Pelagianismum,
2713 3099 2771 3152 et

361 3165 697 3242 Papismum
713 3186 868 3225 novo
885 3167 1126 3225 tectorio
1143 3167 1522 3227 incrustatum
1541 3171 1878 3244 instaurare,
1897 3170 2067 3230 liberi
2084 3171 2306 3229 arbitrii
2326 3171 2545 3229 idolum
2564 3171 2624 3229 in
2642 3191 2771 3230 aree

357 3263 651 3322 reponere,
673 3252 732 3304 et
749 3245 996 3322 gratiam
1007 3246 1239 3322 Christi,
1253 3247 1550 3306 subtiliore
1563 3249 1797 3324 quidem
1814 3250 2051 3324 ratione,
2074 3249 2177 3308 sed
2186 3259 2349 3310 tanto
2365 3251 2771 3326 periculosiore

359 3332 1376 3462 qu⁸÷⁰31int31⁸313³t12⁶33²⁸333n32aeh23
1401 3327 2770 3484 ffiffi‘zzusssszfflsstfffflzfiffffigt{2⁶53ss

356 3500 556 3540 veram
580 3490 845 3541 naturam
871 3503 947 3542 ne
973 3483 1154 3540 verbo
1195 3483 1431 3560 quidem
1477 3484 1785 3562 attingant.
1874 3485 2169 3562 Scriptura
2212 3487 2364 3543 enim
2402 3486 2573 3544 docet
2600 3485 2769 3549 Elec-

354 3560 530 3620 tionis
559 3562 852 3622 decretum
879 3581 1006 3620 esse
1036 3570 1330 3640 aeternum,
1361 3563 1736 3638 immutabile,
1780 3563 2125 3640 absolutum,
2169 3565 2429 3641 adeoque
2454 3566 2771 3640 practicam

355 3648 414 3699 et
441 3641 646 3699 efficax
675 3661 778 3700 seu
807 3643 1108 3722 ἔνιςγητικὶν,
1143 3642 1313 3701 Matt.
1343 3643 1424 3700 xi.
1455 3645 1550 3717 25,
1582 3651 1642 3700 et
1659 3641 1783 3700 xiii.
1819 3645 1887 3700 11
1916 3663 1931 3716 3
1964 3642 2101 3702 Act.
2124 3643 2248 3701 xiii.
2284 3645 2361 3702 48
2386 3664 2401 3718 ;
2446 3643 2615 3714 Rom.
2648 3644 2771 3704 viii.

355 3722 450 3795 28,
483 3721 579 3779 29.
667 3721 837 3780 Unde
887 3723 1112 3798 quoties
1153 3721 1271 3780 fere
1299 3721 1556 3798 loquitur
1581 3745 1692 3802 nge
1718 3727 1801 3786 τῖς
1828 3719 2042 3787 abeatis
2069 3722 2269 3794 inhoc
2294 3723 2589 3799 mysterio,
2635 3743 2768 3782 con-

352 3798 516 3858 tinuo
544 3805 626 3866 τῖς
657 3801 882 3880 ἔηςιγιάις
910 3801 1260 3860 mentionem
1287 3800 1541 3876 adhibet,
1573 3819 1689 3878 qua
1712 3802 1873 3861 Deus
1891 3802 2083 3860 omnia
2102 3802 2165 3859 in
2186 3801 2455 3860 omnibus
2478 3811 2766 3878 operatur,

359 3878 510 3954 Eph.
540 3881 578 3938 i.
615 3883 706 3955 ll,
753 3881 904 3938 Phil.
933 3880 994 3939 ii.
1029 3882 1120 3956 13,
1165 3889 1231 3939 ut
1257 3899 1375 3938 non
1423 3899 1550 3940 esse
1581 3881 1693 3940 Dei
1722 3881 2261 3958 contemplationem
2288 3881 2471 3940 otiose
2500 3901 2768 3958 prospec-

350 3958 545 4034 tantis,
577 3959 682 4018 sed
709 3978 834 4019 esse
867 3959 978 4017 Dei
1007 3978 1292 4019 summum
1338 3969 1398 4018 et
1441 3959 1919 4026 efficacissimum,
1944 3979 2196 4022 amorem
2224 3960 2607 4020 infallibiliter
2633 3981 2769 4038 ope,-

352 4038 551 4114 rantis,
603 4039 852 4098 doceret.
942 4037 1058 4097 Sed
1094 4038 1190 4097 hic
1228 4040 1422 4098 omnia
1473 4040 1652 4114 varia,
1692 4039 2061 4114 revocabilia,
2118 4040 2525 4116 conditionata,
2582 4049 2642 4100 et
2696 4041 2770 4099 ab

351 4116 651 4175 hominum
678 4117 793 4177 fide
832 4127 1134 4195 suspensa,
1191 4119 1338 4176 nihil
1391 4117 1505 4178 nisi
1551 4138 1709 4178 mere
1764 4118 2187 4196 speculativum
2225 4127 2285 4178 et
2324 4139 2536 4195 anceps
2578 4120 2771 4196 quoad

351 4204 627 4254 eventum
655 4198 785 4256 Deo
811 4195 1100 4272 tribuitur,
1155 4197 1472 4259 Electionis
1517 4197 1769 4259 efficacis
1806 4205 1866 4257 et
1892 4198 2287 4258 irrevocabilis
2312 4200 2530 4258 mentio
2570 4199 2768 4262 nulla:

353 4275 504 4332 Nam
533 4276 650 4334 duo
679 4277 780 4335 illa
808 4277 1056 4352 decreta,
1085 4295 1216 4354 quse
1242 4277 1530 4355 praecipue
1556 4277 1789 4336 nomine
1813 4277 2345 4338 Praedestinstionis
2362 4278 2478 4336 illis
2507 4279 2766 4354 veniunt,

351 4355 669 4413 secundum
699 4357 918 4415 scilicet
945 4363 1004 4414 et
1031 4364 1317 4433 quartum,
1349 4374 1466 4414 non
1493 4364 1743 4433 possunt⁴
1782 4356 2069 4432 pertinere
2117 4355 2192 4415 ad
2241 4357 2617 4433 Electionem,
2662 4378 2771 4419 nec

350 4443 488 4492 sunt
511 4435 743 4513 proprie
772 4436 1028 4495 actiones
1057 4434 1186 4512 Dei,
1227 4455 1336 4494 nec
1363 4435 1683 4496 secundum
1708 4435 1812 4494 illa
1838 4437 2147 4513 quicquam
2160 4447 2459 4514 operatur.
2544 4436 2769 4516 Quippe

347 4515 622 4587 secunde,
663 4535 780 4592 quo
829 4515 1034 4574 statuit
1079 4514 1380 4575 credentes
1425 4531 1675 4592 servare,
1720 4524 1781 4574 et
1822 4515 2151 4576 incredulos
2198 4515 2489 4588 damnare,
2536 4515 2771 4591 eligitur

349 4600 574 4652 tantum
602 4593 748 4652 fides
775 4595 836 4652 in
863 4594 1253 4653 conditionem
1291 4594 1514 4671 salutis,
1563 4613 1685 4653 non
1728 4614 1866 4654 vero
1895 4595 2225 4656 mortalium
2250 4594 2405 4654 ullus
2428 4615 2452 4665 ι,
2488 4593 2769 4668 Quartum
