3300 5225
580 264 696 321 536
1480 340 1485 345 ⁶
1584 282 1766 325 Locus
1795 284 2004 326 nouus.
2653 266 2936 351 [qums-r.
2969 287 3011 327 1.

609 449 759 499 Ratio
808 452 1027 498 formalis
1178 420 1257 482 V.
1302 422 1459 481 Hinc
1486 424 1748 501 sequitur
1771 424 2052 483 rationem
2093 424 2392 484 formalem
2433 428 2657 503 peceati
2698 428 2762 485 in
2807 432 3018 506 ἐνορᾷ

638 512 826 571 peceati
837 517 912 557 eet
926 514 1020 559 an-
1093 509 1153 560 et
1166 503 1489 579 privatione
1516 503 1848 579 consistere,
1890 516 2022 580 quae
2060 512 2225 563 notat
2264 507 2575 564 carentiam
2615 509 3018 567 rectitudinis

636 576 743 640 βίω
1086 604 1191 645 seu
1226 582 1503 640 bonitatis
1545 582 1861 641 secundum
1903 583 2296 660 proescriptum
2327 584 2506 661 Legis
2539 586 2752 645 debitae
2795 587 3018 646 inesse

576 663 865 722 Creaturae
917 663 1202 738 rationali,
1262 662 1386 719 sive
1440 680 1509 723 ea
1549 668 1771 721 naturae
1821 661 1912 736 sit,
1942 681 2048 722 seu
2093 663 2454 740 qualitatum,
2506 665 2630 723 sive
2683 666 3010 725 actionum

572 742 844 819 ipsarum,
874 744 1067 820 privat
1113 742 1265 802 enim
1292 748 1566 816 utrasque
1607 740 2005 799 conformitate
2047 760 2178 799 cum
2207 741 2385 818 Lege,
2421 750 2595 821 atque
2632 743 2715 802 ita
2753 746 3012 821 peccati

570 840 701 894 reas
742 840 840 879 eas
881 822 1195 882 constituit.
1302 818 1419 876 Sed
1456 819 1708 894 privatio
1751 819 1880 894 ista,
1922 838 2039 877 non
2087 828 2177 879 est
2205 840 2384 895 pura,
2433 822 2531 879 vel
2569 823 2831 899 simplex,
2885 824 3008 882 sed

572 920 953 975 corrumpem,
1009 921 1127 959 non
1168 899 1361 973 otiosa,
1414 897 1519 955 sed
1558 906 1806 972 actuosa,
1853 917 1971 955 non
2013 918 2186 973 purae
2237 901 2562 977 myationis,
2620 902 2725 960 sed
2773 923 3005 978 prauoe

570 980 959 1055 dispositionis,
990 997 1105 1057 qua
1131 998 1247 1036 non
1284 976 1509 1035 tollitur
1546 984 1774 1035 tantum
1813 976 2098 1035 rectitudo
2141 977 2354 1054 debita,
2387 978 2492 1037 sed
2528 980 2764 1055 ponitur
2803 982 3000 1040 etiam

569 1058 905 1117 irrectitudo
934 1059 1205 1131 indebita,
1237 1064 1296 1115 et
1321 1075 1503 1132 prava
1531 1056 1798 1134 qualitas,
1828 1076 1958 1132 quae
1987 1056 2246 1133 singulas
2275 1057 2576 1117 facultates
2601 1059 2806 1118 inficit.
2903 1062 2998 1121 Ut

567 1139 803 1196 morbus
830 1138 1107 1214 physicus
1134 1156 1251 1195 non
1278 1144 1368 1193 est
1395 1142 1620 1193 tantum
1663 1134 1912 1193 sublatio
1953 1136 2250 1211 temperiei
2291 1136 2614 1212 humorum,
2645 1140 2752 1197 sed
2800 1140 2992 1198 etiam

568 1237 751 1295 prava
777 1216 1080 1293 dispositio
1108 1225 1168 1276 et
1194 1213 1481 1295 &vagno-les
1506 1214 1830 1273 humorum.
1916 1214 2012 1271 Ita
2037 1222 2354 1292 peccatum,
2384 1216 2542 1292 quod
2581 1218 2758 1277 habet
2797 1220 2988 1279 ratio·

566 1316 701 1355 nem
728 1296 915 1355 morbi
942 1296 1117 1355 ethici
1143 1296 1337 1369 animi,
1368 1314 1485 1352 non
1529 1301 1618 1352 est
1644 1300 1871 1351 tantum
1897 1294 2130 1369 negatio
2166 1294 2353 1369 bonae,
2385 1295 2489 1353 sed
2527 1297 2736 1373 positio
2779 1317 2986 1374 pravas

566 1376 981 1454 dispositionis.
1068 1375 1151 1434 Ut
1178 1394 1317 1451 ergo
1346 1380 1630 1450 quatenus
1659 1379 1748 1430 est
1776 1372 2029 1431 carentia
2063 1373 2306 1449 justitiae
2334 1373 2544 1433 debitae
2585 1375 2793 1452 inesse,
2824 1377 2982 1437 bene

565 1455 778 1514 dicitur
803 1456 1063 1514 Privatio
1080 1478 1099 1511 .·
1126 1454 1209 1511 ita
1229 1460 1513 1530 quatenus
1541 1452 1792 1509 animam
1831 1450 2015 1509 inficit
2055 1460 2115 1509 et
2141 1454 2472 1530 corrumpit,
2492 1474 2688 1529 prava
2728 1458 2982 1533 qualitas

562 1542 842 1607 vocatur;
874 1542 933 1591 et
958 1553 1062 1610 per
1088 1532 1369 1589 maculam
1400 1539 1458 1589 et
1483 1531 1674 1589 labem
1703 1531 1851 1590 solet
1890 1530 2159 1589 describi.
2243 1531 2402 1592 Hinc
2429 1532 2680 1592 Thomas
2727 1538 2781 1593 1.
2826 1539 2886 1593 2.
2917 1556 2977 1613 q.

562 1614 659 1687 81,
690 1620 797 1671 art.
830 1614 883 1670 1.
970 1614 1007 1644 “
1032 1612 1116 1671 Ut
1143 1608 1424 1687 aegritudo
1452 1610 1765 1687 corporalis
1792 1610 1969 1668 hahet
1993 1609 2216 1686 aliquid
2241 1609 2312 1668 de
2339 1611 2678 1688 privatione,
2702 1613 2764 1671 in
2791 1632 2981 1690 quan·

560 1698 687 1749 tum
731 1690 955 1749 tollitur
1002 1690 1302 1766 aequalitas
1346 1688 1626 1763 sanitatis,
1679 1697 1738 1747 et
1777 1689 2000 1765 aliquid
2041 1690 2218 1749 habet
2255 1691 2511 1767 positivi,
2553 1692 2773 1751 scilicet
2813 1694 2979 1770 ipsos

560 1770 831 1827 humores
858 1768 1183 1827 inordinate
1211 1767 1557 1844 dispositos:
1603 1768 1698 1826 Ita
1724 1776 2024 1846 peccatum
2053 1769 2352 1847 originale,
2385 1769 2495 1829 &Q
2537 1789 2654 1829 non
2695 1780 2786 1830 est
2824 1792 2978 1849 pura

562 1848 828 1926 privatiO,
862 1848 966 1906 sed
986 1848 1221 1924 quidam
1248 1846 1481 1905 habitus
1509 1848 1870 1923 corruptus,”
1902 1846 2011 1906 Sec.

644 1926 757 1985 VI.
802 1926 935 1985 Hoc
961 1934 1224 2003 respectu
1256 1934 1390 1984 sunt
1417 1926 1518 2001 qui
1544 1935 1781 2003 peccato
1811 1926 2046 2004 aliquod
2073 1946 2187 1987 esse
2203 1928 2506 2003 positivum
2540 1927 2821 2005 tribuunt,
2851 1950 2976 1989 non

560 2006 805 2065 absolute
831 2014 891 2065 et
907 2006 1153 2082 physice,
1184 2006 1351 2083 quasi
1379 2005 1454 2062 sit
1482 2006 1805 2065 subsistens
1833 2004 2070 2081 aliquid,
2101 2006 2258 2083 quod
2282 2007 2495 2066 habeat
2521 2008 2821 2067 entitatem
2863 2010 2974 2067 ali-

559 2104 735 2163 quam
761 2086 1079 2163 physicam,
1111 2094 1170 2143 et
1196 2104 1232 2141 a
1262 2084 1387 2142 Deo
1417 2084 1493 2143 sit
1520 2084 1854 2159 conditum;
1890 2082 2008 2145 Sed
2033 2092 2157 2143 tum
2186 2087 2373 2161 logice,
2403 2088 2542 2163 quia
2561 2106 2699 2145 vere
2720 2088 2976 2147 affirma-

556 2172 653 2223 tur
680 2165 752 2223 de
782 2165 1061 2243 subjecte,
1092 2171 1217 2222 tum
1246 2164 1430 2237 ethice,
1460 2172 1747 2240 quatenus
1765 2171 1855 2222 est
1882 2173 2182 2240 corruptus
2199 2164 2432 2241 quidam
2453 2166 2688 2225 habitus
2703 2166 2978 2227 inficiens

555 2243 863 2303 facultates
890 2244 1156 2318 morales,
1188 2252 1247 2301 et
1262 2246 1438 2301 'actus
1467 2262 1542 2300 ex
1570 2242 1689 2300 illis
1710 2251 2132 2318 promanantes,
2164 2244 2426 2321 opposite
2447 2244 2523 2301 ad
2549 2264 2769 2303 merum
2796 2247 2972 2325 nihil,

555 2323 692 2399 quia
720 2322 879 2381 aliud
906 2332 995 2381 est
1020 2321 1168 2379 nihil
1194 2340 1383 2399 agere,
1416 2320 1575 2379 aliud
1600 2321 1752 2379 male
1773 2340 1962 2397 agere,
1985 2322 2083 2379 vel
2110 2322 2186 2380 ad
2215 2322 2533 2399 simplicem
2558 2324 2970 2403 privationem,

555 2421 685 2479 quae
716 2402 1040 2478 subjectum
1069 2401 1302 2477 quidem
1330 2400 1674 2459 rectitudine
1701 2398 2134 2477 debita'privat,
2156 2401 2378 2459 nullam
2403 2409 2598 2464 tamen
2625 2404 2972 2480 qualitatem

557 2480 904 2538 contrariam
972 2481 1114 2538 onit.
1564 2540 1568 2545 ,

634 2560 783 2618 VII.
828 2559 881 2618 N
885 2500 969 2618 οξ
989 2578 1157 2618 omne
1186 2558 1344 2636 quod
1369 2557 1617 2620 includit
1642 2556 1865 2636 aliquid
1889 2555 2128 2636 positivi
2156 2578 2288 2618 cum
2315 2560 2469 2620 bono
2497 2560 2594 2620 vel
2623 2562 2777 2620 Ente
2817 2582 2966 2622 con-

549 2639 834 2699 vertitur:
866 2639 971 2698 sed
998 2639 1156 2716 quod
1181 2640 1410 2716 proprie
1439 2647 1497 2697 et
1538 2637 1890 2697 omnimodo
1910 2645 2002 2696 est
2021 2639 2357 2716 positivum,
2377 2641 2666 2718 praecipue
2687 2642 2964 2700 substan-

550 2719 706 2796 tiale,
737 2726 797 2777 et
822 2719 980 2795 quod
1007 2719 1067 2776 in
1096 2727 1377 2796 conceptu
1408 2737 1510 2776 suo
1538 2738 1655 2776 non
1676 2717 1937 2794 implicat
1955 2717 2356 2795 privationem,
2375 2719 2474 2777 vel
2491 2719 2794 2796 defectum,
2807 2721 2962 2780 Tale

554 2798 729 2858 etiam
758 2797 946 2856 solum
974 2807 1064 2856 est
1092 2817 1127 2854 a
1157 2797 1300 2873 De0,
1333 2806 1391 2856 et
1418 2805 1508 2854 est
1535 2797 1881 2873 expetibile3
1930 2795 2050 2857 Sed
2077 2796 2278 2856 eadem
2308 2817 2426 2855 non
2467 2806 2557 2857 est
2596 2799 2745 2857 ratio
2777 2800 2954 2876 illius,

550 2877 708 2952 quod
733 2877 1049 2954 positivum
1066 2884 1291 2935 tantum
1308 2883 1551 2934 vocatur
1578 2874 1894 2934 secundum
1915 2875 2074 2952 quid,
2096 2876 2195 2934 vel
2210 2877 2418 2954 logice,
2438 2877 2534 2936 vel
2562 2878 2768 2954 ethice,
2788 2880 2960 2957 quale

554 2963 643 3013 est
710 2963 989 3014 eccatum.

630 2975 813 3090 xpm.
840 3033 1005 3091 Licet
1023 3039 1325 3109 peccatum
1346 3031 1409 3089 in
1426 3040 1707 3109 conceptu
1737 3052 1840 3091 suo
1868 3033 2252 3110 privationem
2279 3035 2576 3111 involvat3
2605 3054 2724 3093 non
2744 3035 2958 3096 desinit

548 3119 743 3169 tamen
771 3111 1080 3169 discrimen
1108 3129 1235 3168 esse
1267 3110 1420 3169 inter
1446 3119 1683 3188 peccata
1710 3113 2038 3171 omissionis
2067 3124 2125 3173 et
2165 3115 2621 3174 commissionis:
2665 3115 2815 3173 Nam
2854 3117 2960 3174 illa

547 3191 609 3247 in
636 3197 924 3266 praecepta
952 3189 1329 3266 affirmantia;
1363 3190 1488 3248 Ista
1513 3189 1575 3246 in
1601 3192 1876 3268 negantia
1902 3193 2218 3251 incurrunt.
2292 3195 2365 3251 In
2385 3194 2504 3251 illis
2524 3194 2774 3271 privatio
2801 3195 2956 3256 tollit

546 3276 729 3328 totam
758 3269 1138 3328 substantiam
1165 3278 1347 3344 actus,
1379 3279 1438 3328 et
1452 3269 1769 3328 bonitatem
1791 3271 1949 3330 illius
1971 3272 2354 3350 objectivam3
2387 3273 2461 3330 In
2481 3273 2609 3332 istis
2631 3274 2956 3335 substantia

547 3354 711 3406 actus
738 3368 856 3407 non
882 3349 1121 3423 tollitur,
1166 3349 1270 3407 sed
1311 3351 1440 3426 ejus
1466 3348 1696 3408 bonitas
1737 3357 1965 3409 tantum
1992 3351 2254 3409 actualis.
2339 3352 2599 3410 Privatio
2627 3353 2954 3412 omissionis

544 3427 873 3487 immediate
901 3429 1102 3488 existit
1128 3429 1189 3486 in
1216 3429 1490 3507 potentia,
1520 3447 1624 3508 per
1649 3448 1822 3505 quam
1849 3431 2023 3489 homo
2052 3429 2346 3490 debuisset
2373 3432 2612 3509 operari,
2644 3431 2748 3491 sed
2775 3432 2957 3491 altera

544 3515 633 3565 est
659 3507 988 3567 immediate
1015 3509 1077 3567 in
1104 3509 1348 3585 actione,
1380 3529 1510 3586 quse
1538 3517 1696 3567 caret
1722 3509 1920 3567 debita
1943 3510 2264 3568 honestate.

626 3587 746 3647 IX.
779 3587 1069 3662 Quamvis
1097 3588 1347 3648 infantes
1374 3607 1490 3646 non
1520 3587 1637 3646 sint
1666 3587 1842 3665 Legis
1871 3607 2111 3666 capaces
2138 3588 2332 3665 quoad
2360 3595 2570 3664 actum,
2597 3599 2731 3648 sunt
2757 3597 2952 3649 tamen

541 3667 735 3742 quoad
761 3665 1041 3742 habitum,
1072 3675 1274 3744 utpote
1316 3667 1606 3726 Oreaturae
1647 3667 1975 3742 rationales,
2006 3668 2217 3744 quibus
2248 3667 2374 3726 Lex
2401 3668 2727 3744 praescribit
2767 3671 2951 3728 omni-

540 3744 773 3803 modam
820 3747 1185 3805 sanctitatem
1233 3755 1351 3804 tam
1392 3745 1764 3820 habitualem,
1812 3766 1986 3822 quam
2028 3747 2329 3804 actualem.
2431 3746 2607 3805 Unde
2647 3757 2950 3824 peceatum

539 3823 823 3898 originale
850 3834 1004 3883 recte
1046 3823 1260 3882 dicitur
1306 3844 1432 3882 esse
1482 3833 1682 3882 contra
1724 3824 1960 3902 Legem,
1991 3825 2130 3902 quia
2165 3835 2256 3884 est
2295 3825 2544 3904 privatio
2585 3827 2952 3888 rectitudinis

541 3901 839 3976 originalis
871 3921 1044 3978 quam
1075 3903 1202 3960 Lex
1230 3901 1292 3960 in
1318 3903 1549 3960 homine
1577 3903 1782 3979 exigit.

532 3981 551 3992 ⁵
619 3978 705 4036 X.
747 3979 1011 4038 Virtutes
1030 3981 1350 4040 Gentilium
1378 3989 1621 4056 possunt
1648 4001 1776 4042 esse
1804 3981 2120 4041 secundum
2140 3983 2357 4060 Legem
2384 3984 2606 4043 ratione
2633 3985 2954 4044 substantioe

539 4057 725 4190 osgar-is
740 4080 766 4128 ,·
805 4055 943 4117 licet
970 4059 1087 4117 sint
1114 4067 1316 4118 contra
1345 4059 1565 4136 Legem
1603 4060 1827 4119 ratione
1867 4063 2023 4122 modi
2059 4064 2352 4140 operandi,
2385 4064 2488 4141 qui
2529 4064 2759 4124 aberrat
2798 4065 2946 4123 mul-

542 4133 589 4192 ti
612 4134 809 4195 ariam.
