3300 5225
570 257 688 313 480
1556 271 1741 318 Locus
1769 274 2012 318 sexi-us.
2607 250 2890 334 [cums-r.
2927 272 3038 312 xx.

1090 412 1151 473 in
1201 415 1447 493 Davide,
1499 416 1599 477 Ps.
1627 415 1840 476 xxxix.
1869 418 1906 476 9
1937 439 1953 493 ;
2007 416 2069 475 in
2113 414 2227 492 Eli,
2262 416 2293 473 1
2331 413 2484 473 Sem.
2513 412 2596 471 iii.
2631 414 2727 490 18,
2759 418 2830 493 et
2863 412 3028 473 aliis

1089 495 1338 556 videtur.
1382 501 1439 556 2.
1462 498 1890 575 Dei-speratione,
1921 516 2102 574 quum
2128 495 2192 553 in
2217 494 2387 553 melis
2413 492 2862 571 desperabundi
2903 494 3022 571 ja-

566 580 716 647 cent,
747 570 914 649 qussi
941 579 1135 633 actum
1160 585 1315 643 esset
1341 576 1415 637 de
1440 576 1601 654 ipsis,
1629 597 1738 637 nec
1767 577 1888 636 ulla
1907 576 2142 635 daretur
2167 594 2300 653 spes
2321 573 2776 649 restaurationis,
2807 575 3022 650 cujus

566 653 897 729 exemplum
924 651 986 710 in
1016 654 1217 731 Caino,
1252 656 1443 733 Saule,
1473 657 1516 717 J
1518 657 1652 732 ude,
1683 665 1743 715 et
1768 657 1916 717 aliis.
1999 655 2142 715 Tale
2179 663 2302 715 erat
2349 653 2652 713 Plautinus
2679 653 2786 711 ille
2837 653 3012 712 ado·

562 732 805 806 lescens,
838 732 1004 809 qussi
1031 732 1165 793 fatis
1192 735 1481 814 abreptus,
1513 736 1912 815 desperatione
1949 755 2012 795 se
2058 735 2370 813 projiciens
2411 734 2479 791 in
2519 733 2787 793 exitium.
2881 736 3006 792 In·

563 812 775 870 stabilis
802 821 897 887 est,
926 812 1240 892 inquiebat,
1270 837 1394 875 sors
1420 836 1630 891 rerum,
1650 836 1770 893 pro
1797 816 2020 875 libiam
2029 819 2170 892 fata
2197 822 2374 891 ayunt
2397 814 2676 885 homines,·
2715 816 3004 888 referam

563 909 651 949 me
676 894 761 949 ad
780 895 1083 969 scopulum,
1114 904 1177 953 ut
1198 916 1321 955 rem
1346 896 1467 955 istic
1492 916 1617 955 cum
1642 905 1806 955 (etate
1821 898 2128 973 perduam.
2211 894 2320 953 Cui
2357 893 2702 971 opponenda
2740 902 2836 951 est
2885 893 2998 951 fir-

564 991 661 1030 ma
686 972 749 1029 in
778 972 967 1030 Deum
976 974 1217 1051 fiducia,
1248 995 1377 1053 quse
1406 996 1513 1035 nos
1538 976 1599 1036 in
1628 976 1835 1035 mediis
1861 976 2150 1051 aerumnis,
2181 983 2242 1034 et
2273 973 2666 1033 calamitatum
2693 972 2994 1031 decuma·

560 1050 655 1109 nis
682 1050 968 1127 fluetibus,
999 1072 1179 1131 quum
1207 1056 1399 1115 omnia
1425 1056 1730 1134 desperata
1755 1076 1792 1114 a
1815 1065 1978 1134 parte
2004 1054 2300 1114 hominum
2343 1061 2404 1111 et
2429 1072 2732 1113 causarum
2761 1072 2994 1112 secun·

563 1130 766 1190 darum
794 1130 1081 1208 videntur,
1112 1134 1381 1195 immotos
1410 1145 1469 1195 et
1494 1136 1870 1195 inconcussos
1897 1135 2104 1211 reddit,
2135 1134 2325 1213 qualis
2362 1132 2472 1192 fuit
2497 1132 2542 1192 J
2545 1133 2642 1191 obi
2669 1152 2826 1210 spes,
2861 1136 2990 1195 oc-

562 1211 717 1269 cidat
742 1232 844 1285 me,
876 1211 935 1269 in
961 1232 1087 1271 eum
1110 1216 1366 1292 eperabO,
1416 1215 1664 1275 Davidis
1705 1215 1866 1291 fides,
1912 1216 2126 1274 Psalm.
2171 1213 2337 1272 xxiii.
2361 1216 2417 1288 6,
2459 1212 2636 1273 trium
2677 1213 2988 1273 sociorum

564 1288 825 1351 Danielis
852 1294 1192 1369 constantie,
1226 1296 1377 1356 Dan.
1407 1296 1487 1354 iii.
1523 1298 1613 1371 16,
1652 1299 1744 1354 1⁷.

1166 1376 1287 1435 III.
1311 1376 1525 1449 Tertio,
1544 1379 1816 1435 scelerum
1841 1374 2214 1450 excusatione,
2238 1392 2415 1452 quum
2444 1380 2778 1451 peccatores
2797 1372 2984 1451 flagi·

558 1435 602 1481 ³·
626 1435 1035 1540 ⁸⁰2ff’53351012·
1078 1453 1175 1513 tiis
1197 1456 1317 1514 suis
1340 1456 1453 1514 Dei
1476 1455 1910 1515 Providentiam
1929 1453 2268 1530 obtendunt,
2287 1453 2426 1529 quia
2443 1451 2590 1510 nihil
2610 1452 2676 1511 fit
2697 1453 2816 1512 nisi
2839 1454 2983 1513 Deo

1081 1534 1315 1594 volente
1341 1542 1401 1593 et
1426 1535 1792 1612 permittente
1816 1556 1832 1595 z
1875 1534 2021 1593 Cum
2061 1542 2256 1593 tamen
2288 1532 2399 1591 hac
2425 1532 2776 1609 cogitatione
2821 1534 2986 1592 nihil

558 1613 635 1671 sit
663 1611 935 1690 iniquius.
1019 1613 1170 1671 Nam
1196 1613 1335 1672 licet
1359 1623 1597 1691 peccata
1621 1634 1740 1673 non
1766 1614 1909 1673 fient
1937 1614 2060 1672 sine
2089 1612 2203 1673 Dei
2225 1611 2615 1687 Providentia,
2633 1620 2836 1671 tamen
2861 1634 2982 1672 nec

562 1692 724 1750 Deus
752 1692 812 1750 in
841 1694 1193 1751 consortium
1222 1694 1444 1770 peccati
1471 1693 1649 1769 venit,
1679 1713 1788 1753 nec
1817 1693 2082 1752 scelerati
2105 1693 2369 1752 homines
2396 1712 2433 1751 a
2459 1691 2630 1769 culpa
2661 1702 2984 1771 propterea

556 1770 926 1846 eximuntur3
955 1772 1093 1847 quia
1119 1792 1235 1831 non
1265 1774 1379 1831 Dei
1405 1773 1709 1849 voluntati,
1741 1773 1844 1832 sed
1865 1792 1984 1832 suae
2012 1772 2314 1851 cupiditati
2329 1772 2743 1849 obsequuntur.
2805 1772 2979 1831 Vera

558 1850 713 1909 enim
742 1850 1070 1910 obedientis
1094 1852 1404 1930 respondet
1430 1853 1728 1913 voluntati.
1745 1854 2015 1913 revelatae
2041 1854 2102 1911 in
2130 1852 2328 1911 Verbo
2357 1871 2664 1929 expressae,
2683 1871 2801 1910 non
2825 1872 2976 1911 vero

556 1949 782 1989 arcanae
809 1931 871 1989 in
900 1931 1027 1989 Deo
1052 1932 1295 1993 latenti:
1338 1933 1511 1993 Paret
1536 1934 1635 1992 ille
1667 1933 1811 2009 Deo,
1842 1933 1943 2011 qui
1982 1933 2054 1992 de
2096 1932 2224 2010 ejus
2265 1932 2564 1990 voluntate
2605 1931 2868 2009 edoctus,
2899 1954 2974 1992 eo

558 2010 871 2086 contendit,
903 2030 1019 2088 quo
1060 2011 1135 2070 ab
1176 2033 1247 2072 ea
1285 2022 1564 2088 vocetur3
1612 2013 1730 2073 Sed
1771 2014 1822 2071 si
1863 2013 2004 2091 quid
2037 2013 2317 2072 adversus
2345 2012 2472 2089 ejus
2497 2011 2835 2071 mandatum
2865 2012 2970 2073 de-

558 2090 793 2168 signent
817 2091 1098 2167 homines,
1128 2111 1247 2151 non
1274 2092 1604 2152 obedientie
1638 2101 1746 2169 est,
1777 2092 1880 2152 sed
1909 2091 2268 2171 contumecis
2295 2100 2354 2150 et
2379 2092 2781 2169 transgressi0‚
2822 2092 2972 2152 licet

558 2170 632 2229 de
650 2179 857 2230 caetero
878 2170 1158 2248 impleant
1174 2173 1533 2233 voluntatem
1548 2173 1662 2232 Dei
1680 2173 1994 2249 occultam,
2019 2172 2157 2249 quia
2175 2172 2338 2230 Deus
2355 2180 2566 2250 praeter
2581 2171 2966 2231 intentionem

587 464 633 511 2.
664 463 1030 525 Desperatione.

558 2268 773 2325 eorum,
803 2251 972 2311 malis
1000 2270 1199 2312 eorum
1226 2253 1496 2331 operibus
1538 2252 1964 2331 sapientissime
2003 2261 2061 2310 et
2093 2251 2419 2329 justissima
2454 2251 2814 2311 ordinatione
2857 2272 2968 2312 sua
3057 2316 3066 2324 ,

554 2330 739 2389 utitur
764 2330 842 2389 ad
868 2331 1211 2409 exequenda
1238 2352 1343 2391 sua
1361 2333 1600 2410 judicia,
1629 2341 1698 2393 ut
1724 2352 1897 2410 supra
1923 2330 2160 2391 dictum.

1162 2412 1272 2471 IV.
1304 2412 1507 2487 Quoad
1510 2416 1724 2489 flatura
1741 2418 2014 2490 peccatur
2034 2411 2094 2469 in
2118 2410 2567 2484 Providentiam,
2591 2413 2644 2471 1.
2662 2411 2964 2471 securitate

584 2474 1015 2579 βξὲᾚξζξέζι
1079 2498 1139 2550 et
1158 2493 1434 2567 socordia,
1466 2493 1540 2552 ab
1567 2492 1641 2551 iis
1668 2492 1770 2569 qui
1797 2491 2142 2568 contemptis
2167 2499 2434 2568 proterve
2461 2490 2667 2549 mediis
2693 2511 2732 2549 a
2757 2490 2964 2551 divina

684 2590 916 2636 socordia.
1090 2571 1465 2632 Providentia
1490 2572 1910 2650 sapientissime
1937 2569 2235 2650 institutis,
2254 2570 2506 2648 ignaviae
2525 2590 2595 2628 ee
2614 2571 2833 2648 torpori
2853 2590 2962 2631 suo

1078 2651 1139 2710 in
1168 2652 1531 2712 sanctissima
1556 2653 1667 2710 hac
1693 2651 1956 2711 doctrina
1980 2651 2234 2710 latebras
2261 2645 2543 2728 quierunt,
2573 2658 2634 2709 et
2661 2650 2767 2711 sub
2809 2671 2958 2728 prae·

549 2737 719 2790 textu
745 2730 1111 2790 certitudinis
1136 2741 1449 2792 eventuum
1476 2751 1511 2789 a
1541 2730 1916 2791 Providentia
1941 2731 2410 2808 praestitutorum,
2431 2731 2724 2789 securitati
2741 2731 2960 2789 carnali

550 2831 613 2870 se
640 2811 989 2888 mancipant,
1020 2810 1383 2888 negligentes
1410 2809 1603 2869 media
1627 2810 1706 2868 ad
1732 2811 1822 2870 sui
1849 2810 2345 2870 conservationem
2371 2819 2432 2869 et
2471 2809 2716 2868 salutem
2756 2829 2958 2870 neces·

551 2891 736 2950 sarie:
767 2890 949 2965 Quasi
975 2891 1259 2949 certitudo
1285 2889 1420 2948 finis
1444 2889 1676 2948 tolleret
1701 2889 2020 2948 mediorum
2047 2890 2466 2964 necessitatem,
2497 2897 2556 2948 et
2596 2888 2749 2947 idem
2792 2889 2957 2948 Deus

550 2969 651 3047 qui
684 2977 958 3028 eventum
998 2969 1251 3046 aliquem
1289 2969 1547 3028 futurum
1584 2969 2011 3046 praeordinavit,
2041 2989 2159 3028 non
2197 2967 2511 3048 praefixerit
2550 2968 2725 3027 etiam
2763 2969 2958 3028 media

549 3048 897 3123 hominibus,
929 3047 1139 3125 quibus
1166 3067 1244 3106 ex
1272 3049 1385 3107 Dei
1410 3056 1698 3126 praecepto
1721 3056 1780 3108 et
1795 3049 2093 3108 voluntate
2109 3057 2384 3109 utantur:
2417 3048 2482 3107 Si
2502 3047 2682 3106 vitam
2701 3049 2954 3108 hominis

549 3127 722 3186 certis
748 3127 1010 3186 terminis
1036 3127 1327 3204 limitavit,
1358 3147 1554 3188 curam
1582 3129 1710 3205 ejus
1737 3128 1893 3205 apud
1919 3129 2210 3188 hominem
2238 3128 2522 3206 deposuit,
2552 3128 2794 3206 ejusque
2814 3147 2951 3188 con-

549 3205 849 3267 servandae
876 3207 1197 3266 rationibus
1224 3207 1611 3284 subsidiisque
1640 3227 1774 3266 eum
1801 3208 2092 3284 instruxit,
2115 3208 2498 3286 periculorum
2517 3227 2747 3286 quoque
2773 3227 2949 3286 praes-

548 3286 701 3347 cium
730 3285 882 3362 fecit,
902 3305 977 3345 ne
998 3286 1293 3346 incautum
1311 3288 1715 3366 opprimerent,
1741 3287 2038 3347 cautiones
2059 3295 2118 3346 et
2136 3287 2390 3346 remedia
2406 3289 2717 3364 suggessit,
2736 3288 2948 3367 quibus

544 3373 819 3426 uteretur.
904 3365 1039 3425 Huc
1056 3367 1305 3445 pertinet
1326 3367 1606 3426 temeritas
1626 3387 1842 3443 eorum,
1873 3367 1974 3444 qui
1999 3366 2180 3426 nimia
2205 3367 2578 3444 praefidentis,
2610 3367 2734 3427 sine
2775 3387 2947 3426 voca-

543 3447 699 3507 tione
726 3452 785 3505 et
812 3446 1171 3524 necessitate,
1195 3447 1451 3525 pericula
1470 3447 1694 3525 quisvis
1721 3447 1882 3506 adire
1907 3467 2025 3506 non
2051 3456 2336 3522 recusant,
2356 3455 2416 3506 et
2441 3447 2632 3506 causis
2659 3447 2945 3524 secundis,

542 3547 673 3606 quae
713 3533 924 3604 praesto
966 3535 1118 3603 sunt,
1148 3527 1467 3606 mediisque
1494 3545 1531 3586 a
1560 3527 1689 3586 Deo
1730 3526 2009 3586 institutis
2049 3525 2137 3586 uti
2177 3527 2409 3604 nolunt3
2453 3527 2613 3605 quod
2639 3535 2729 3586 est
2757 3527 2944 3585 Deum

540 3613 781 3667 tentare.
867 3605 1145 3680 Quamvis
1172 3608 1327 3666 enim
1352 3607 1537 3684 possit
1562 3626 1682 3665 non
1707 3607 1900 3666 minus
1941 3606 2066 3665 sine
2103 3606 2312 3666 mediis
2353 3625 2527 3683 quem
2567 3625 2700 3664 cum
2740 3607 2944 3666 mediis

540 3707 649 3746 nos
678 3705 924 3762 servare,
955 3687 1093 3765 quia
1118 3695 1311 3746 tamen
1339 3687 1415 3745 ad
1442 3685 1521 3762 id,
1544 3687 1798 3746 studium
1821 3684 1995 3745 etiam
2010 3692 2071 3745 et
2091 3704 2286 3744 curam
2311 3694 2570 3744 nostram
2588 3685 2944 3746 intercedere

540 3767 669 3824 vult
698 3764 1001 3840 ordinarie,
1031 3785 1149 3826 non
1176 3785 1483 3844 possumus
1512 3767 1635 3825 sine
1666 3765 1903 3825 crimine
1929 3784 1999 3824 ea
2017 3760 2332 3842 negligere,
2351 3785 2482 3842 quae
2509 3764 2586 3824 ad
2611 3777 2780 3824 usum
2809 3785 2940 3824 nos-

541 3853 713 3919 trum,
744 3843 869 3902 sive
906 3843 985 3902 ad
1024 3846 1282 3922 pericula
1325 3844 1724 3924 praecavenda,
1769 3846 1895 3904 sive
1938 3844 2016 3902 ad
2059 3845 2214 3903 mela
2253 3844 2611 3922 depellenda,
2642 3844 2940 3905 instituere

642 3980 691 4026 A
764 3980 777 3992 ,
864 3982 887 4024 t
1068 3925 1272 3984 voluit.
1336 3929 1395 3984 2.
1423 3925 1726 3983 Anxietate
1753 3932 1813 3984 et
1837 3925 2163 3998 diffidentia,
2193 3943 2372 4001 quum
2394 3924 2628 3983 solliciti
2656 3943 2855 3983 sumus
2882 3925 2940 3984 in

578 3981 622 4027 ²·
645 3983 926 4083 &³2¹2ssssss
936 3984 989 4026 ⁶¹²
1068 4004 1383 4064 crastinum
1410 4003 1483 4062 de
1510 4003 1674 4062 victu
1716 4010 1776 4062 et
1801 4003 2036 4078 vestitu,
2065 4003 2354 4080 rebusque
2405 4003 2480 4061 ad
2521 4004 2704 4063 vitam
2743 4023 2938 4064 neces-

1064 4083 1247 4158 sariis,
1278 4082 1444 4160 quasi
1476 4083 1637 4140 Deus
1670 4101 1789 4140 non
1829 4091 1982 4142 esset
2026 4082 2200 4141 Pater
2225 4082 2522 4160 providus,
2545 4083 2648 4160 qui
2675 4083 2940 4144 omnibus

536 4159 767 4223 abunde
812 4162 1183 4239 prospiceret.
1268 4161 1405 4220 Huc
1444 4160 1666 4220 faciunt
1710 4161 1966 4240 apprime
2011 4161 2194 4220 verba
2239 4162 2472 4238 Christi,
2525 4163 2670 4222 Mat.
2721 4163 2801 4221 vi.
2841 4165 2934 4223 25.

539 4247 577 4278 ‘⁶
601 4243 913 4318 Propterea
955 4241 1103 4314 dice,
1133 4259 1208 4298 ne
1240 4238 1366 4299 sitis
1410 4238 1644 4300 solliciti
1690 4240 1764 4300 dc
1805 4241 1999 4300 anima
2036 4249 2250 4318 vestre,
2282 4242 2425 4320 quid
2463 4241 2619 4301 esuri
2659 4243 2804 4318 sitis,
2839 4251 2937 4302 aut

535 4320 793 4395 bibituri,
822 4339 1013 4398 neque
1040 4320 1114 4378 de
1140 4339 1380 4396 corpore
1406 4329 1619 4396 vestre,
1648 4321 1862 4398 quibus
1903 4321 2254 4380 indumentis
2281 4321 2472 4396 usuri;
2517 4341 2707 4380 nonne
2749 4322 2938 4380 anime

531 4402 717 4481 pluris
744 4408 833 4459 est
860 4419 1035 4476 quem
1062 4399 1242 4474 cibuS,
1274 4408 1332 4459 et
1360 4419 1583 4479 corpus,
1602 4402 1736 4480 plus
1754 4419 1926 4479 quam
1943 4399 2339 4460 indumentum
2361 4402 2428 4460 ?''
2459 4400 2560 4459 ubi
2577 4420 2694 4460 non
2711 4419 2934 4460 omnem

532 4483 767 4542 omnino
797 4480 919 4540 suis
959 4499 1155 4541 curam
1182 4481 1313 4540 vult
1339 4479 1609 4556 eximere,
1640 4480 1926 4559 siquidem
1953 4499 2024 4538 ea
2062 4478 2196 4557 lege
2223 4479 2344 4538 nati
2387 4488 2524 4539 sunt
2565 4480 2846 4556 homines,
2873 4489 2937 4540 ut

530 4560 752 4641 aliquid
780 4581 933 4622 curae
974 4559 1310 4637 sustineant,
1354 4559 1471 4620 imo
1510 4560 1637 4620 haec
1678 4579 1795 4619 non
1835 4556 2042 4619 ultima
2080 4577 2216 4637 pars
2257 4568 2347 4620 est
2387 4559 2764 4642 miser-ieram,
2795 4581 2934 4640 quas

3196 19 3225 164 l

3208 170 3239 299 'l
