3300 5225
469 305 585 392 3¹?
1430 321 1613 365 Locus
1643 321 1932 373 anxurus.
2507 299 2757 382 [ocaesr.
2790 319 2879 361 ix.

471 483 598 524 esse
626 463 876 539 tertium,
907 469 967 522 et
994 462 1076 523 sic
1104 462 1395 542 deinceps,
1481 465 1576 524 Ita
1615 464 1753 542 quia
1779 464 1839 522 in
1880 462 2219 524 executione
2247 463 2431 541 primo
2460 471 2632 537 creat,
2664 467 2721 522 2.
2750 482 2879 539 per-

471 543 652 604 mittit
692 541 937 622 lapsm,
995 546 1052 602 3.
1100 542 1348 620 redimit,
1405 546 1463 603 4.
1503 552 1693 620 vocat,
1740 543 2074 619 sanctificat,
2125 551 2185 602 ct
2230 542 2532 621 glorificat,
2590 551 2883 620 oporteret

475 624 666 684 Deum
692 623 877 701 primo
905 621 1220 683 intendisse
1235 623 1486 683 hominis
1504 623 1982 702 glorificationem
1998 631 2058 682 et
2076 623 2545 701 redemptionem,
2570 631 2881 699 antequam

474 702 788 780 cogitasset
814 702 887 762 de
915 703 1044 781 ejus
1069 700 1463 781 productione,
1487 703 1586 762 vel
1603 703 1804 782 lapsus
1822 703 2216 781 permissione,
2239 702 2395 796 quod
2417 701 2731 762 absurdum
2752 719 2883 760 esse

473 801 644 844 nemo
671 801 789 842 non
815 780 994 841 videt.
1077 783 1122 843 J
1123 803 1216 842 am
1241 783 1552 842 illustratio
1579 782 1987 842 misericordiae
2014 791 2075 842 et
2092 782 2337 860 justitias
2364 782 2427 841 in
2450 781 2748 841 hominum
2792 800 2883 840 sa-

474 863 597 923 lute
621 863 726 922 vel·
763 862 1147 938 damnatione,
1177 881 1294 921 non
1338 871 1427 921 est
1467 861 1602 921 finis
1643 862 1884 922 ultimus
1924 861 2260 941 simpliciter
2295 869 2355 922 et
2380 861 2661 938 absolute,
2692 859 2887 937 quoad

473 943 725 1003 hominis
772 940 1246 1020 gubernationem
1283 941 1346 1000 in
1386 961 1615 1019 genere,
1647 941 1753 1002 sed
1800 941 2115 1002 secundum
2157 941 2299 1020 quid
2345 950 2405 1001 et
2450 941 2648 1016 relate,
2692 939 2887 1018 quoad

477 1017 952 1101 gubernationem
977 1021 1146 1098 lapsi.
1231 1021 1396 1080 Finis
1439 1021 1593 1080 enim
1633 1020 1892 1098 ultimus,
1922 1030 1988 1081 ut
2020 1022 2147 1100 jam
2188 1021 2330 1097 dixi,
2360 1021 2471 1080 fuit
2496 1019 2885 1079 manifestatio

477 1103 679 1180 gloriae
709 1101 823 1160 Dei
848 1098 910 1158 in
937 1100 1228 1160 communi
1253 1119 1358 1180 per
1379 1101 1632 1160 hominis
1667 1101 2013 1160 creationem
2054 1108 2115 1160 et
2138 1101 2366 1179 lapsum
2390 1123 2405 1162 ε
2467 1100 2641 1160 Unde
2672 1099 2884 1160 Decre-

478 1191 602 1242 tum
632 1180 950 1241 Electionis
977 1179 1189 1241 dicitur
1213 1179 1462 1258 primum
1502 1181 1563 1239 in
1589 1181 1926 1257 intentione,
1954 1199 2073 1240 non
2112 1181 2393 1256 absolute,
2425 1180 2591 1258 quasi
2638 1179 2887 1258 primum

479 1263 556 1330 sit
583 1261 839 1320 omnium
866 1259 1226 1320 decretorum
1252 1259 1470 1338 ordine,
1501 1260 1677 1320 etiam
1703 1269 1837 1320 ante
1865 1261 2214 1320 creationem
2257 1269 2318 1320 et
2341 1260 2587 1338 lapsum,
2618 1257 2723 1319 sed
2760 1267 2887 1318 tum

477 1343 538 1400 in
567 1360 778 1420 genere
805 1338 1184 1415 decretorum,
1209 1359 1340 1417 quse
1367 1348 1503 1399 sunt
1527 1339 1602 1399 de
1630 1340 1817 1399 salute
1836 1340 2087 1399 hominis
2113 1340 2448 1418 peccatoris,
2471 1347 2596 1398 tum
2621 1347 2889 1417 respectu

479 1420 798 1480 mediorum
827 1417 882 1478 ei
908 1418 1431 1479 subordinatorum.
1517 1419 1803 1496 Secunde,
1827 1420 1985 1478 valet
2011 1427 2237 1479 tantum
2263 1419 2325 1477 in
2352 1422 2545 1478 eodem
2570 1437 2765 1478 rerum
2792 1439 2887 1478 or·

480 1503 628 1577 dine,
658 1508 718 1560 et
743 1498 847 1560 ubi
871 1498 1197 1558 necessaria
1223 1506 1282 1557 et
1309 1499 1610 1558 essentialis
1637 1499 1886 1559 occurrit
1910 1519 2103 1558 rerum
2128 1499 2513 1559 subm-dinatio
2528 1522 2555 1574 ,·
2592 1498 2751 1576 quod
2770 1517 2889 1558 non

480 1579 798 1639 diffitentur
823 1577 912 1636 illi
939 1597 1071 1637 cum
1098 1578 1309 1654 quibus
1336 1578 1580 1655 agimus,
1609 1578 1711 1656 qui
1738 1578 1946 1638 volunt
1969 1587 2193 1638 tantum
2213 1579 2409 1638 valere
2436 1580 2499 1638 in
2524 1588 2739 1638 natura
2762 1579 2886 1638 sub-

482 1660 776 1720 ordinatis.
864 1657 983 1716 Sed
1007 1657 1169 1717 nulla
1195 1657 1367 1718 datur
1407 1658 1734 1717 necessaria
1772 1657 1926 1718 inter
1949 1658 2297 1718 creationem
2337 1667 2398 1718 et
2422 1659 2668 1736 lapsum,
2698 1667 2758 1717 ct
2796 1677 2887 1718 re·

482 1738 873 1817 demptionem
900 1736 1184 1796 connexio
1211 1743 1270 1796 et
1298 1736 1710 1812 subordinatio,
1732 1738 1850 1797 imo
1870 1737 2021 1798 inter
2037 1757 2107 1797 ea
2125 1755 2295 1797 nemo
2315 1757 2433 1797 non
2454 1737 2617 1798 videt
2643 1738 2881 1812 hiatum,

482 1828 544 1880 et
566 1819 707 1896 μίγη
732 1816 940 1894 χόα-μαι,
970 1823 1204 1894 propter
1247 1824 1546 1896 peccatum
1590 1817 1748 1895 quod
1788 1816 2095 1877 creationis
2136 1817 2395 1878 ordinem
2424 1817 2671 1896 abrupit,
2703 1825 2763 1878 ct
2799 1837 2890 1877 re·-

483 1897 833 1976 demptionis
880 1895 1214 1956 oeconomiae
1259 1895 1452 1955 locum
1498 1895 1698 1974 dedit3
1757 1904 2058 1974 peccatum
2100 1907 2191 1958 est
2230 1905 2431 1957 contra
2472 1905 2754 1972 naturam,
2783 1917 2891 1957 nec

482 1978 738 2038 medium
785 1976 882 2034 vel
925 1982 1189 2053 respectu
1233 1975 1452 2051 salutis,
1482 1975 1596 2034 nisi
1643 1995 1747 2054 per
1786 1975 2071 2054 accidens,
2102 1976 2183 2037 id.
2212 1977 2455 2054 occasio,
2486 1977 2585 2036 vel
2622 1986 2889 2055 respectu

483 2055 908 2132 damnationis3
952 2054 1244 2114 damnatio
1271 2055 1425 2113 enim
1453 2063 1543 2114 est
1567 2063 1803 2134 propter
1828 2065 2144 2134 peccatum,
2174 2076 2294 2116 non
2332 2065 2632 2135 peccatum
2660 2065 2893 2135 propter

483 2135 930 2197 damnationem.
1015 2133 1147 2192 Non
1175 2133 1592 2194 confimdendae
1632 2154 1774 2213 ergo
1800 2136 1898 2194 hic
1940 2145 2075 2196 sunt
2100 2137 2213 2196 viae
2241 2146 2301 2197 et
2328 2137 2640 2197 oeconomioe
2664 2137 2796 2214 Dei,
2831 2136 2893 2194 in

483 2225 698 2277 natura
723 2223 779 2274 et
807 2215 1020 2292 qratia,
1051 2213 1425 2290 providentioe
1450 2223 1506 2273 et
1531 2216 2063 2292 proedoetimtt'omk,
2092 2217 2232 2294 quia
2274 2236 2406 2276 cum
2448 2216 2526 2276 sit
2551 2217 2701 2277 alius
2726 2215 2889 2292 finis,

484 2297 600 2356 alia
625 2295 800 2357 etiam
826 2311 1063 2354 necesse
1091 2302 1181 2353 est
1206 2312 1334 2352 esse
1360 2293 1569 2353 media.
1654 2293 1913 2354 Axioma
1952 2314 2092 2372 ergo
2118 2305 2311 2374 potest
2348 2296 2542 2356 locum
2578 2295 2792 2356 habere
2832 2297 2893 2354 in

485 2376 690 2436 eodem
717 2373 934 2448 ordine,
963 2382 1032 2432 ut
1077 2372 1236 2450 quod
1259 2373 1529 2433 ultimum
1572 2382 1665 2433 est
1706 2375 1768 2431 in
1808 2375 2151 2435 executione
2198 2376 2260 2434 in
2301 2375 2502 2434 ordine
2528 2383 2766 2452 naturae,
2796 2376 2893 2434 vel

485 2455 706 2535 gratim,
737 2454 813 2512 sit
839 2453 1022 2511 etiam·
1039 2453 1289 2530 primum
1315 2453 1377 2511 in
1417 2452 1735 2512 intentione
1759 2476 1775 2530 ;
1836 2453 1940 2512 sed
1979 2474 2097 2512 non
2123 2456 2281 2514 valet
2324 2456 2427 2515 ubi
2453 2455 2646 2534 agitur
2671 2455 2745 2514 de
2773 2453 2887 2514 dis-

485 2534 719 2616 paratis,
749 2539 808 2591 et
833 2531 936 2590 ubi
961 2531 1030 2590 fit
1057 2531 1239 2590 saltus
1266 2530 1341 2590 ab
1367 2551 1484 2590 una
1511 2530 1937 2610 dispensatione
1965 2533 2041 2592 ad
2073 2533 2264 2610 aliam,
2295 2535 2369 2594 ab
2410 2535 2611 2595 ordine
2638 2535 2892 2594 nuturali

484 2612 882 2755 flmbtidenfioe'
929 2610 1005 2670 ad
1049 2609 1308 2670 ordinem
1352 2613 1844 2689 supernaturalem
1888 2613 2426 2692 praedestinationis,
2472 2624 2539 2676 ut
2576 2616 2673 2673 hic
2710 2634 2803 2675 res
2831 2636 2893 2675 se

528 2714 564 2755 a
637 2701 681 2754 t.

569 2771 820 2832 XXIV.
849 2772 959 2867 'It-a
986 2778 1178 2865 autern
1205 2768 1581 2865 concipienda
1608 2779 1697 2833 est
1724 2772 1836 2832 ista
1860 2774 2259 2867 sapor-dignatio,
2289 2784 2355 2867 ut
2386 2754 2502 2867 nori
2526 2775 2817 2849 subjective
2842 2786 2899 2834 et

487 2850 1402 3007 Zssffmffi‘rfffminfflssngssffsse
1413 2871 1606 2990 ff.
1623 2870 1819 2991 {¹1¹3ss
1818 2852 2894 3011 339123333‘3552'3223'2‘25323

487 3014 571 3073 tio
597 3012 696 3071 hic
719 3011 913 3070 locum
938 3010 1132 3085 habet,
1161 3029 1334 3087 quam
1363 3010 1729 3088 com-dinatio,
1748 3030 1852 3089 per
1878 3032 2052 3090 quam
2071 3011 2233 3071 varia
2250 3011 2365 3071 ista
2390 3010 2618 3089 objecta
2638 3008 2813 3069 simul
2831 3018 2894 3070 ct

489 3089 669 3152 semel
712 3089 892 3149 menti
934 3088 1148 3149 divinae
1191 3090 1572 3150 obversantur
1614 3100 1675 3151 et
1713 3091 1947 3151 unicum
1988 3092 2282 3152 decretum
2312 3090 2707 3166 constituunt3
2776 3089 2895 3149 Sed

487 3179 713 3232 tantum
741 3169 996 3247 objectiva
1021 3177 1082 3228 et
1121 3188 1162 3229 a
1197 3179 1372 3246 parte
1410 3172 1602 3247 nostri,
1634 3179 1919 3248 quatenus
1963 3172 2039 3229 ad
2082 3170 2394 3231 faciliorem
2432 3165 2894 3247 intelligentiam,-

488 3250 844 3329 concipimw
873 3248 1242 3309 subordinate
1261 3250 1436 3328 juxta
1461 3250 1683 3309 variam
1709 3251 1877 3327 σχίσιν
1902 3259 1961 3311 et
2002 3250 2463 3328 dependentium,
2486 3268 2659 3327 quam
2674 3268 2769 3308 res
2796 3248 2894 3308 de·

487 3339 660 3391 cretae
686 3328 904 3389 habent
929 3328 1005 3388 ad
1033 3348 1094 3389 se
1122 3329 1387 3405 invicem,
1418 3348 1548 3407 quae
1575 3330 1636 3389 in
1667 3331 1794 3390 Deo
1822 3341 2017 3391 tamen
2044 3337 2180 3389 sunt
2204 3330 2385 3389 unita.

797 3462 809 3473 ,
1091 3406 1306 3467 XXV.
1351 3408 1512 3469 Deus
1540 3429 1655 3469 non
1682 3410 1822 3471 fecit
1860 3409 2185 3488 improbum
2226 3429 2342 3485 qua
2378 3407 2720 3486 improbum,
2763 3426 2896 3487 pro·

566 3464 711 3509 va·
731 3476 826 3507 ¹'¹'
845 3462 890 3507 ‘¹'
1009 3486 1280 3547 ductione
1306 3488 1564 3567 physica,
1595 3490 1876 3551 malitiam
1915 3488 2004 3548 illi
2043 3487 2396 3563 instillando,
2430 3488 2533 3547 sed
2572 3506 2746 3564 quem
2788 3488 2893 3545 im-

485 3569 731 3649 probum
757 3567 988 3646 propria
1013 3566 1185 3645 culpa
1212 3567 1605 3646 deprehendit,
1622 3570 1767 3645 fecit
1790 3569 1869 3629 id.
1892 3568 2179 3628 ordinavit
2201 3566 2584 3627 destinatione
2610 3567 2817 3625 morali
2838 3575 2897 3626 et

480 3647 734 3729 juridica
762 3646 838 3706 ad
865 3647 1011 3706 diem
1037 3647 1191 3723 mali,
1214 3647 1294 3707 id.
1324 3648 1399 3707 ad
1420 3648 1573 3708 diem
1601 3648 1948 3709 calamitatis
1974 3656 2035 3707 et
2059 3647 2342 3724 interitus,
2367 3646 2525 3723 quod
2546 3646 2688 3705 alibi
2708 3646 2751 3705 J
2752 3646 2899 3706 udas

487 3726 630 3787 dicit
655 3726 864 3805 impios
891 3745 1017 3785 esse
1047 3728 1290 3805 scriptos
1318 3727 1394 3787 ad
1426 3728 1714 3805 judicium
1737 3751 1752 3807 3
1798 3729 1881 3788 sic
1907 3732 1963 3787 τὶ
1992 3731 2141 3787 ποιῶ
2167 3746 2319 3805 saepe
2347 3726 2409 3784 in
2442 3725 2751 3804 Scriptura,
2794 3744 2900 3803 pro

489 3805 846 3864 ordinatione
875 3805 1137 3865 sumitur.
2618 3822 2625 3829 ·

571 3882 822 3941 XXVI.
867 3882 1032 3942 Licet
1073 3884 1363 3961 objectum
1409 3885 1944 3946 Praedestinationis
1988 3894 2274 3947 statuatur
2316 3886 2490 3944 homo
2538 3884 2753 3961 lapsus,
2783 3902 2901 3942 non

488 3961 747 4038 sequitur
775 3961 1344 4022 Praedestinationem
1392 3962 1623 4024 demum
1652 3966 1863 4025 factam
1889 3966 1950 4024 in
1998 3974 2288 4043 tempore3
2339 3964 2478 4043 quia
2500 3963 2677 4022 homo
2702 3962 2902 4041 lapsus

488 4039 850 4117 intelligitur,
880 4040 1074 4118 quoad
1116 4060 1243 4100 esse
1287 4042 1585 4118 cognitum
1628 4052 1689 4103 et
1730 4045 2057 4122 praevisum,
2088 4063 2205 4105 non
2253 4044 2447 4121 quoad
2474 4060 2601 4101 esse
2628 4042 2798 4117 reale,
2842 4050 2902 4100 et

489 4119 852 4213 praescientia
877 4120 1075 4211 lapsps
1103 4128 1162 4211 ej:
1189 4120 1484 4179 decretum
1511 4122 1640 4199 ejus
1681 4123 2087 4203 permissivum
2130 4144 2248 4183 non
2275 4123 2468 4181 minus
2495 4130 2772 4181 ueternum
2813 4130 2903 4180 est

491 4220 558 4259 ac
572 4197 1198 4353 {Xigrffdffissli}
1225 4277 1387 4339 Deus
1414 4278 1639 4340 dicatur
1665 4281 1951 4341 excitasse
1982 4282 2341 4342 Pharaonem
2383 4279 2458 4339 ad
2483 4280 2595 4338 hoc
2623 4280 2813 4358 ipsum
2839 4288 2905 4339 ut

489 4358 552 4415 in
577 4357 705 4435 ipso
725 4356 1042 4434 potentiam
1071 4376 1234 4416 suam
1261 4368 1537 4435 exereret,
1572 4360 1740 4419 Rom.
1770 4362 1852 4419 ix.
1886 4365 1979 4437 17,
2009 4381 2127 4420 non
2156 4361 2418 4439 sequitur
2443 4378 2575 4418 eum
2620 4360 2681 4417 in
2708 4376 2901 4436 repro-

488 4436 721 4497 batione
767 4455 872 4495 sua
915 4436 1092 4496 fuisse
1137 4437 1558 4499 consideratum
1601 4448 1735 4499 ante
1779 4440 2143 4516 creationem,
2176 4449 2235 4500 et
2280 4441 2507 4532 lapsum
2532 4461 2546 4513 ;
2608 4438 2745 4516 quia
2786 4456 2903 4496 non

489 4516 682 4593 agitur
729 4516 801 4574 de
834 4516 1019 4594 prima
1061 4515 1365 4592 creatione,
1411 4520 1514 4577 sed
1556 4519 1629 4577 dc
1670 4518 2046 4597 productione
2096 4540 2171 4578 ex
2214 4537 2431 4579 semine
2460 4516 2775 4592 immundo,
2807 4517 2903 4575 vel

489 4595 774 4655 erectione
821 4596 894 4654 ad
943 4596 1227 4670 Regnum,
1260 4616 1430 4675 quam
1459 4618 1562 4674 per
1611 4598 2045 4658 Providentiam
2074 4618 2237 4659 suam
2266 4597 2599 4675 procuravit
2628 4597 2807 4671 Deus,
2838 4606 2904 4654 ut
