<?xml version="1.0" encoding="UTF-8"?>
<!DOCTYPE html PUBLIC "-//W3C//DTD XHTML 1.0 Transitional//EN"
    "http://www.w3.org/TR/xhtml1/DTD/xhtml1-transitional.dtd">
<html xmlns="http://www.w3.org/1999/xhtml" xml:lang="en" lang="en">
 <head>
  <title>
</title>
<meta http-equiv="Content-Type" content="text/html;charset=utf-8" />
  <meta name='ocr-system' content='tesseract 3.04.00' />
  <meta name='ocr-capabilities' content='ocr_page ocr_carea ocr_par ocr_line ocrx_word'/>
</head>
<body>
  <div class='ocr_page' id='page_1' title='image "./institutiotheol00turrgoog_0243.png"; bbox 0 0 3300 5225; ppageno 0'>
   <div class='ocr_carea' id='block_1_1' title="bbox 364 316 2782 400">
    <p class='ocr_par' dir='ltr' id='par_1_1' title="bbox 364 316 2782 400">
     <span class='ocr_line' id='line_1_1' title="bbox 364 316 2782 400; baseline 0.001 -21"><span class='ocrx_word' id='word_1_1' title='bbox 364 338 595 387; x_wconf 60' lang='lat' dir='ltr'><strong>ouissr.</strong></span> <span class='ocrx_word' id='word_1_2' title='bbox 627 316 766 400; x_wconf 87' lang='lat' dir='ltr'><strong>xn.]</strong></span> <span class='ocrx_word' id='word_1_3' title='bbox 1226 338 1305 379; x_wconf 75' lang='lat' dir='ltr'><strong>ni:</strong></span> <span class='ocrx_word' id='word_1_4' title='bbox 1334 338 1453 379; x_wconf 73' lang='lat' dir='ltr'><strong>nso</strong></span> <span class='ocrx_word' id='word_1_5' title='bbox 1482 338 1617 397; x_wconf 70' lang='grc' dir='ltr'>ιιιῑο,</span> <span class='ocrx_word' id='word_1_6' title='bbox 1648 338 1726 379; x_wconf 72' lang='grc' dir='ltr'><strong>ει·</strong></span> <span class='ocrx_word' id='word_1_7' title='bbox 1755 337 1954 380; x_wconf 73' lang='lat' dir='ltr'><strong>ramo.</strong></span> <span class='ocrx_word' id='word_1_8' title='bbox 2670 323 2782 383; x_wconf 88' lang='grc'><strong>191</strong></span> 
     </span>
    </p>
   </div>
   <div class='ocr_carea' id='block_1_2' title="bbox 350 476 2789 4710">
    <p class='ocr_par' dir='ltr' id='par_1_2' title="bbox 362 476 2786 955">
     <span class='ocr_line' id='line_1_2' title="bbox 448 476 2783 557; baseline 0.001 -21"><span class='ocrx_word' id='word_1_9' title='bbox 448 477 645 537; x_wconf 86' lang='lat' dir='ltr'>XXI.</span> <span class='ocrx_word' id='word_1_10' title='bbox 687 476 873 537; x_wconf 86' lang='lat' dir='ltr'><strong>Aliud</strong></span> <span class='ocrx_word' id='word_1_11' title='bbox 912 484 1005 538; x_wconf 87' lang='lat' dir='ltr'><strong>est</strong></span> <span class='ocrx_word' id='word_1_12' title='bbox 1030 496 1153 538; x_wconf 88' lang='lat' dir='ltr'><strong>rein</strong></span> <span class='ocrx_word' id='word_1_13' title='bbox 1192 497 1363 557; x_wconf 87' lang='lat' dir='ltr'><strong>posse</strong></span> <span class='ocrx_word' id='word_1_14' title='bbox 1388 478 1533 556; x_wconf 86' lang='lat' dir='ltr'><strong>fieri,</strong></span> <span class='ocrx_word' id='word_1_15' title='bbox 1560 478 1659 539; x_wconf 76' lang='lat' dir='ltr'><strong>vel</strong></span> <span class='ocrx_word' id='word_1_16' title='bbox 1688 498 1806 539; x_wconf 87' lang='lat' dir='ltr'><strong>non</strong></span> <span class='ocrx_word' id='word_1_17' title='bbox 1830 478 1976 555; x_wconf 87' lang='lat' dir='ltr'><strong>fieri,</strong></span> <span class='ocrx_word' id='word_1_18' title='bbox 2017 477 2098 538; x_wconf 90' lang='lat' dir='ltr'><strong>id.</strong></span> <span class='ocrx_word' id='word_1_19' title='bbox 2126 497 2246 538; x_wconf 89' lang='lat' dir='ltr'><strong>rem</strong></span> <span class='ocrx_word' id='word_1_20' title='bbox 2275 496 2404 539; x_wconf 88' lang='lat' dir='ltr'><strong>esse</strong></span> <span class='ocrx_word' id='word_1_21' title='bbox 2428 478 2783 557; x_wconf 87' lang='lat' dir='ltr'><strong>possibilem,</strong></span> 
     </span>
     <span class='ocr_line' id='line_1_3' title="bbox 364 557 2784 637; baseline 0.001 -20"><span class='ocrx_word' id='word_1_22' title='bbox 364 558 465 619; x_wconf 78' lang='lat' dir='ltr'><strong>vel</strong></span> <span class='ocrx_word' id='word_1_23' title='bbox 489 577 609 617; x_wconf 89' lang='lat' dir='ltr'><strong>non</strong></span> <span class='ocrx_word' id='word_1_24' title='bbox 636 576 766 617; x_wconf 87' lang='lat' dir='ltr'><strong>esse</strong></span> <span class='ocrx_word' id='word_1_25' title='bbox 802 557 1053 619; x_wconf 72' lang='lat' dir='ltr'><strong>futui-am</strong></span> <span class='ocrx_word' id='word_1_26' title='bbox 1094 577 1171 618; x_wconf 86' lang='lat' dir='ltr'><strong>ex</strong></span> <span class='ocrx_word' id='word_1_27' title='bbox 1205 559 1553 637; x_wconf 83' lang='lat' dir='ltr'><strong>hypothesi3</strong></span> <span class='ocrx_word' id='word_1_28' title='bbox 1587 560 1784 626; x_wconf 66' lang='lat' dir='ltr'><strong>,Aliud</strong></span> <span class='ocrx_word' id='word_1_29' title='bbox 1817 578 1940 619; x_wconf 89' lang='lat' dir='ltr'><strong>rem</strong></span> <span class='ocrx_word' id='word_1_30' title='bbox 1979 578 2151 637; x_wconf 88' lang='lat' dir='ltr'><strong>posse</strong></span> <span class='ocrx_word' id='word_1_31' title='bbox 2177 578 2305 619; x_wconf 87' lang='lat' dir='ltr'><strong>esse</strong></span> <span class='ocrx_word' id='word_1_32' title='bbox 2333 558 2507 619; x_wconf 86' lang='lat' dir='ltr'><strong>simul</strong></span> <span class='ocrx_word' id='word_1_33' title='bbox 2531 558 2784 620; x_wconf 84' lang='lat' dir='ltr'><strong>fiituram</strong></span> 
     </span>
     <span class='ocr_line' id='line_1_4' title="bbox 362 638 2786 718; baseline 0 -21"><span class='ocrx_word' id='word_1_34' title='bbox 362 646 425 698; x_wconf 90' lang='lat' dir='ltr'><strong>et</strong></span> <span class='ocrx_word' id='word_1_35' title='bbox 450 658 569 697; x_wconf 89' lang='lat' dir='ltr'><strong>non</strong></span> <span class='ocrx_word' id='word_1_36' title='bbox 594 638 847 698; x_wconf 85' lang='lat' dir='ltr'><strong>futuram</strong></span> <span class='ocrx_word' id='word_1_37' title='bbox 868 660 885 698; x_wconf 74' lang='grc' dir='ltr'>ι</span> <span class='ocrx_word' id='word_1_38' title='bbox 928 638 1099 698; x_wconf 89' lang='lat' dir='ltr'><strong>Prius</strong></span> <span class='ocrx_word' id='word_1_39' title='bbox 1118 647 1281 698; x_wconf 84' lang='lat' dir='ltr'><strong>notat</strong></span> <span class='ocrx_word' id='word_1_40' title='bbox 1308 648 1533 699; x_wconf 87' lang='lat' dir='ltr'><strong>tantum</strong></span> <span class='ocrx_word' id='word_1_41' title='bbox 1552 640 1886 699; x_wconf 61' lang='lat' dir='ltr'><strong>simultatem</strong></span> <span class='ocrx_word' id='word_1_42' title='bbox 1893 638 2159 717; x_wconf 75' lang='lat' dir='ltr'><strong>potentioe</strong></span> <span class='ocrx_word' id='word_1_43' title='bbox 2179 646 2463 717; x_wconf 86' lang='lat' dir='ltr'><strong>quatenus</strong></span> <span class='ocrx_word' id='word_1_44' title='bbox 2483 658 2576 698; x_wconf 88' lang='lat' dir='ltr'><strong>res</strong></span> <span class='ocrx_word' id='word_1_45' title='bbox 2594 642 2786 718; x_wconf 87' lang='lat' dir='ltr'><strong>potuit</strong></span> 
     </span>
     <span class='ocr_line' id='line_1_5' title="bbox 362 717 2780 797; baseline 0.001 -21"><span class='ocrx_word' id='word_1_46' title='bbox 362 717 492 777; x_wconf 82' lang='lat' dir='ltr'><strong>fieri</strong></span> <span class='ocrx_word' id='word_1_47' title='bbox 518 718 615 777; x_wconf 85' lang='lat' dir='ltr'><strong>vel</strong></span> <span class='ocrx_word' id='word_1_48' title='bbox 640 738 760 777; x_wconf 90' lang='lat' dir='ltr'><strong>non</strong></span> <span class='ocrx_word' id='word_1_49' title='bbox 800 717 963 794; x_wconf 87' lang='lat' dir='ltr'><strong>fieri;</strong></span> <span class='ocrx_word' id='word_1_50' title='bbox 1010 718 1306 779; x_wconf 76' lang='lat' dir='ltr'>Posterius</span> <span class='ocrx_word' id='word_1_51' title='bbox 1341 718 1515 779; x_wconf 86' lang='lat' dir='ltr'><strong>infert</strong></span> <span class='ocrx_word' id='word_1_52' title='bbox 1543 720 1860 797; x_wconf 75' lang='lat' dir='ltr'><strong>potentiam</strong></span> <span class='ocrx_word' id='word_1_53' title='bbox 1895 720 2208 795; x_wconf 62' lang='lat' dir='ltr'><strong>simulantis,</strong></span> <span class='ocrx_word' id='word_1_54' title='bbox 2252 720 2390 796; x_wconf 90' lang='lat' dir='ltr'><strong>quia</strong></span> <span class='ocrx_word' id='word_1_55' title='bbox 2421 720 2780 797; x_wconf 83' lang='lat' dir='ltr'><strong>supponitur,</strong></span> 
     </span>
     <span class='ocr_line' id='line_1_6' title="bbox 364 796 2786 879; baseline 0 -22"><span class='ocrx_word' id='word_1_56' title='bbox 364 796 589 875; x_wconf 84' lang='lat' dir='ltr'><strong>aliquid</strong></span> <span class='ocrx_word' id='word_1_57' title='bbox 616 797 790 857; x_wconf 85' lang='lat' dir='ltr'><strong>simul</strong></span> <span class='ocrx_word' id='word_1_58' title='bbox 814 817 987 875; x_wconf 88' lang='lat' dir='ltr'><strong>posse</strong></span> <span class='ocrx_word' id='word_1_59' title='bbox 1014 816 1141 858; x_wconf 85' lang='lat' dir='ltr'><strong>esse</strong></span> <span class='ocrx_word' id='word_1_60' title='bbox 1169 806 1230 857; x_wconf 89' lang='lat' dir='ltr'><strong>et</strong></span> <span class='ocrx_word' id='word_1_61' title='bbox 1254 818 1373 858; x_wconf 89' lang='lat' dir='ltr'><strong>non</strong></span> <span class='ocrx_word' id='word_1_62' title='bbox 1396 818 1565 859; x_wconf 83' lang='lat' dir='ltr'><strong>esse:</strong></span> <span class='ocrx_word' id='word_1_63' title='bbox 1608 800 1968 879; x_wconf 87' lang='lat' dir='ltr'><strong>Contingens</strong></span> <span class='ocrx_word' id='word_1_64' title='bbox 1993 799 2206 859; x_wconf 86' lang='lat' dir='ltr'><strong>dicitur</strong></span> <span class='ocrx_word' id='word_1_65' title='bbox 2230 799 2418 877; x_wconf 91' lang='lat' dir='ltr'><strong>primo</strong></span> <span class='ocrx_word' id='word_1_66' title='bbox 2443 798 2636 877; x_wconf 87' lang='lat' dir='ltr'><strong>modo,</strong></span> <span class='ocrx_word' id='word_1_67' title='bbox 2665 818 2786 858; x_wconf 88' lang='lat' dir='ltr'><strong>non</strong></span> 
     </span>
     <span class='ocr_line' id='line_1_7' title="bbox 366 876 1323 955; baseline -0.002 -16"><span class='ocrx_word' id='word_1_68' title='bbox 366 876 640 953; x_wconf 82' lang='lat' dir='ltr'><strong>secundo,</strong></span> <span class='ocrx_word' id='word_1_69' title='bbox 671 878 773 955; x_wconf 89' lang='lat' dir='ltr'><strong>qui</strong></span> <span class='ocrx_word' id='word_1_70' title='bbox 801 886 891 937; x_wconf 88' lang='lat' dir='ltr'><strong>est</strong></span> <span class='ocrx_word' id='word_1_71' title='bbox 918 876 1213 945; x_wconf 61' lang='grc' dir='ltr'><strong>ἀνύω-επις.</strong></span> <span class='ocrx_word' id='word_1_72' title='bbox 1316 894 1323 899; x_wconf 88' lang='grc'><em>·</em></span> 
     </span>
    </p>

    <p class='ocr_par' dir='ltr' id='par_1_3' title="bbox 350 954 2786 1515">
     <span class='ocr_line' id='line_1_8' title="bbox 446 954 2784 1037; baseline 0.001 -22"><span class='ocrx_word' id='word_1_73' title='bbox 446 956 675 1016; x_wconf 88' lang='lat' dir='ltr'>XXII.</span> <span class='ocrx_word' id='word_1_74' title='bbox 720 958 907 1018; x_wconf 84' lang='lat' dir='ltr'><strong>Datur</strong></span> <span class='ocrx_word' id='word_1_75' title='bbox 934 958 1315 1018; x_wconf 73' lang='lat' dir='ltr'><strong>contradictio</strong></span> <span class='ocrx_word' id='word_1_76' title='bbox 1340 956 1492 1017; x_wconf 87' lang='lat' dir='ltr'><strong>inter</strong></span> <span class='ocrx_word' id='word_1_77' title='bbox 1516 954 1662 1017; x_wconf 82' lang='lat' dir='ltr'><strong>istas</strong></span> <span class='ocrx_word' id='word_1_78' title='bbox 1689 957 1834 1017; x_wconf 86' lang='lat' dir='ltr'><strong>duas</strong></span> <span class='ocrx_word' id='word_1_79' title='bbox 1861 957 2300 1037; x_wconf 79' lang='lat' dir='ltr'><strong>propositiones,</strong></span> <span class='ocrx_word' id='word_1_80' title='bbox 2343 958 2518 1017; x_wconf 88' lang='lat' dir='ltr'><strong>homo</strong></span> <span class='ocrx_word' id='word_1_81' title='bbox 2547 966 2636 1017; x_wconf 88' lang='lat' dir='ltr'><strong>est</strong></span> <span class='ocrx_word' id='word_1_82' title='bbox 2663 978 2784 1017; x_wconf 88' lang='lat' dir='ltr'><strong>am-</strong></span> 
     </span>
     <span class='ocr_line' id='line_1_9' title="bbox 363 1035 2784 1114; baseline 0 -18"><span class='ocrx_word' id='word_1_83' title='bbox 363 1035 686 1113; x_wconf 87' lang='lat' dir='ltr'><strong>bulaturus,</strong></span> <span class='ocrx_word' id='word_1_84' title='bbox 732 1046 791 1096; x_wconf 91' lang='lat' dir='ltr'><strong>et</strong></span> <span class='ocrx_word' id='word_1_85' title='bbox 828 1038 1004 1099; x_wconf 89' lang='lat' dir='ltr'><strong>homo</strong></span> <span class='ocrx_word' id='word_1_86' title='bbox 1032 1058 1151 1098; x_wconf 89' lang='lat' dir='ltr'><strong>non</strong></span> <span class='ocrx_word' id='word_1_87' title='bbox 1189 1048 1281 1098; x_wconf 87' lang='lat' dir='ltr'><strong>est</strong></span> <span class='ocrx_word' id='word_1_88' title='bbox 1320 1037 1751 1114; x_wconf 79' lang='lat' dir='ltr'><strong>ambulaturus3</strong></span> <span class='ocrx_word' id='word_1_89' title='bbox 1795 1038 1900 1097; x_wconf 88' lang='lat' dir='ltr'><strong>sed</strong></span> <span class='ocrx_word' id='word_1_90' title='bbox 1935 1056 2054 1096; x_wconf 89' lang='lat' dir='ltr'><strong>non</strong></span> <span class='ocrx_word' id='word_1_91' title='bbox 2093 1038 2244 1103; x_wconf 86' lang='lat' dir='ltr'><strong>inter</strong></span> <span class='ocrx_word' id='word_1_92' title='bbox 2279 1040 2438 1113; x_wconf 84' lang='lat' dir='ltr'><strong>istas,</strong></span> <span class='ocrx_word' id='word_1_93' title='bbox 2479 1038 2652 1097; x_wconf 91' lang='lat' dir='ltr'><strong>homo</strong></span> <span class='ocrx_word' id='word_1_94' title='bbox 2693 1046 2784 1097; x_wconf 89' lang='lat' dir='ltr'><strong>est</strong></span> 
     </span>
     <span class='ocr_line' id='line_1_10' title="bbox 364 1116 2786 1196; baseline 0.001 -21"><span class='ocrx_word' id='word_1_95' title='bbox 364 1117 780 1193; x_wconf 87' lang='lat' dir='ltr'><strong>ambulaturus,</strong></span> <span class='ocrx_word' id='word_1_96' title='bbox 828 1126 887 1177; x_wconf 91' lang='lat' dir='ltr'><strong>et</strong></span> <span class='ocrx_word' id='word_1_97' title='bbox 922 1128 1112 1195; x_wconf 78' lang='lat' dir='ltr'><strong>potest</strong></span> <span class='ocrx_word' id='word_1_98' title='bbox 1160 1139 1273 1177; x_wconf 80' lang='lat' dir='ltr'><strong>non</strong></span> <span class='ocrx_word' id='word_1_99' title='bbox 1326 1120 1618 1177; x_wconf 77' lang='lat' dir='ltr'><strong>ambulare</strong></span> <span class='ocrx_word' id='word_1_100' title='bbox 1638 1142 1659 1176; x_wconf 94' lang='grc'><strong>.·</strong></span> <span class='ocrx_word' id='word_1_101' title='bbox 1707 1117 1844 1196; x_wconf 86' lang='lat' dir='ltr'><strong>quia</strong></span> <span class='ocrx_word' id='word_1_102' title='bbox 1884 1118 2072 1195; x_wconf 87' lang='lat' dir='ltr'><strong>prima</strong></span> <span class='ocrx_word' id='word_1_103' title='bbox 2114 1117 2372 1194; x_wconf 91' lang='lat' dir='ltr'><strong>loquitur</strong></span> <span class='ocrx_word' id='word_1_104' title='bbox 2418 1116 2492 1177; x_wconf 90' lang='lat' dir='ltr'><strong>de</strong></span> <span class='ocrx_word' id='word_1_105' title='bbox 2551 1119 2786 1177; x_wconf 75' lang='lat' dir='ltr'><strong>veritate</strong></span> 
     </span>
     <span class='ocr_line' id='line_1_11' title="bbox 350 1196 2785 1290; baseline 0 -35"><span class='ocrx_word' id='word_1_106' title='bbox 350 1197 721 1272; x_wconf 68' lang='lat' dir='ltr'><strong>fian-itiom&#39;s,</strong></span> <span class='ocrx_word' id='word_1_107' title='bbox 751 1198 1035 1290; x_wconf 74' lang='lat' dir='ltr'><strong>posterior</strong></span> <span class='ocrx_word' id='word_1_108' title='bbox 1056 1197 1129 1257; x_wconf 88' lang='lat' dir='ltr'><strong>de</strong></span> <span class='ocrx_word' id='word_1_109' title='bbox 1154 1198 1388 1257; x_wconf 77' lang='lat' dir='ltr'><strong>veritate</strong></span> <span class='ocrx_word' id='word_1_110' title='bbox 1398 1198 1784 1273; x_wconf 53' lang='lat' dir='ltr'><strong>possibilitatis</strong></span> <span class='ocrx_word' id='word_1_111' title='bbox 1803 1221 1827 1271; x_wconf 88' lang='lat'><strong>,·</strong></span> <span class='ocrx_word' id='word_1_112' title='bbox 1867 1197 1951 1256; x_wconf 88' lang='lat' dir='ltr'><strong>ita</strong></span> <span class='ocrx_word' id='word_1_113' title='bbox 1973 1216 2092 1256; x_wconf 89' lang='lat' dir='ltr'><strong>non</strong></span> <span class='ocrx_word' id='word_1_114' title='bbox 2119 1205 2381 1279; x_wconf 84' lang='lat' dir='ltr'><strong>pugnant</strong></span> <span class='ocrx_word' id='word_1_115' title='bbox 2407 1196 2558 1256; x_wconf 89' lang='lat' dir='ltr'><strong>inter</strong></span> <span class='ocrx_word' id='word_1_116' title='bbox 2578 1218 2638 1256; x_wconf 86' lang='lat' dir='ltr'><strong>se</strong></span> <span class='ocrx_word' id='word_1_117' title='bbox 2657 1198 2785 1257; x_wconf 80' lang='lat' dir='ltr'><strong>istae</strong></span> 
     </span>
     <span class='ocr_line' id='line_1_12' title="bbox 364 1276 2781 1355; baseline 0 -20"><span class='ocrx_word' id='word_1_118' title='bbox 364 1276 496 1336; x_wconf 71' lang='lat' dir='ltr'><strong>duae</strong></span> <span class='ocrx_word' id='word_1_119' title='bbox 534 1276 974 1355; x_wconf 70' lang='lat' dir='ltr'><strong>propositiones,</strong></span> <span class='ocrx_word' id='word_1_120' title='bbox 1018 1285 1079 1337; x_wconf 87' lang='lat' dir='ltr'><strong>et</strong></span> <span class='ocrx_word' id='word_1_121' title='bbox 1116 1286 1361 1355; x_wconf 87' lang='lat' dir='ltr'><strong>possunt</strong></span> <span class='ocrx_word' id='word_1_122' title='bbox 1386 1296 1514 1337; x_wconf 87' lang='lat' dir='ltr'><strong>esse</strong></span> <span class='ocrx_word' id='word_1_123' title='bbox 1552 1278 1726 1337; x_wconf 89' lang='lat' dir='ltr'><strong>simul</strong></span> <span class='ocrx_word' id='word_1_124' title='bbox 1751 1296 1940 1352; x_wconf 79' lang='lat' dir='ltr'><strong>verse3</strong></span> <span class='ocrx_word' id='word_1_125' title='bbox 1982 1278 2174 1335; x_wconf 80' lang='lat' dir='ltr'><strong>Adam</strong></span> <span class='ocrx_word' id='word_1_126' title='bbox 2201 1286 2352 1335; x_wconf 79' lang='lat' dir='ltr'><strong>certo</strong></span> <span class='ocrx_word' id='word_1_127' title='bbox 2367 1300 2374 1305; x_wconf 95' lang='lat'>·</span> <span class='ocrx_word' id='word_1_128' title='bbox 2389 1286 2470 1334; x_wconf 66' lang='lat' dir='ltr'><strong>est</strong></span> <span class='ocrx_word' id='word_1_129' title='bbox 2500 1280 2781 1353; x_wconf 70' lang='lat' dir='ltr'><strong>lapsurus,</strong></span> 
     </span>
     <span class='ocr_line' id='line_1_13' title="bbox 368 1354 2782 1435; baseline 0 -20"><span class='ocrx_word' id='word_1_130' title='bbox 368 1363 427 1416; x_wconf 90' lang='lat' dir='ltr'><strong>et</strong></span> <span class='ocrx_word' id='word_1_131' title='bbox 444 1356 641 1415; x_wconf 78' lang='lat' dir='ltr'><strong>Adam</strong></span> <span class='ocrx_word' id='word_1_132' title='bbox 669 1357 861 1433; x_wconf 67' lang='lat' dir='ltr'><strong>pontit</strong></span> <span class='ocrx_word' id='word_1_133' title='bbox 884 1376 999 1417; x_wconf 76' lang='lat' dir='ltr'><strong>non</strong></span> <span class='ocrx_word' id='word_1_134' title='bbox 1025 1358 1142 1417; x_wconf 73' lang='lat' dir='ltr'><strong>labi</strong></span> <span class='ocrx_word' id='word_1_135' title='bbox 1152 1382 1179 1431; x_wconf 86' lang='lat'><strong>,·</strong></span> <span class='ocrx_word' id='word_1_136' title='bbox 1219 1354 1358 1434; x_wconf 87' lang='lat' dir='ltr'><strong>quia</strong></span> <span class='ocrx_word' id='word_1_137' title='bbox 1382 1357 1540 1435; x_wconf 88' lang='lat' dir='ltr'><strong>prior</strong></span> <span class='ocrx_word' id='word_1_138' title='bbox 1563 1357 1822 1435; x_wconf 89' lang='lat' dir='ltr'><strong>loquitur</strong></span> <span class='ocrx_word' id='word_1_139' title='bbox 1847 1356 1920 1415; x_wconf 88' lang='lat' dir='ltr'><strong>de</strong></span> <span class='ocrx_word' id='word_1_140' title='bbox 1947 1357 2034 1415; x_wconf 86' lang='lat' dir='ltr'><strong>rei</strong></span> <span class='ocrx_word' id='word_1_141' title='bbox 2073 1356 2408 1416; x_wconf 82' lang='lat' dir='ltr'><strong>futuritione</strong></span> <span class='ocrx_word' id='word_1_142' title='bbox 2435 1375 2511 1414; x_wconf 85' lang='lat' dir='ltr'><strong>ex</strong></span> <span class='ocrx_word' id='word_1_143' title='bbox 2531 1357 2782 1433; x_wconf 88' lang='lat' dir='ltr'><strong>decreto,</strong></span> 
     </span>
     <span class='ocr_line' id='line_1_14' title="bbox 366 1435 2331 1515; baseline -0.001 -19"><span class='ocrx_word' id='word_1_144' title='bbox 366 1436 653 1515; x_wconf 88' lang='lat' dir='ltr'><strong>posterior</strong></span> <span class='ocrx_word' id='word_1_145' title='bbox 680 1435 754 1495; x_wconf 87' lang='lat' dir='ltr'><strong>de</strong></span> <span class='ocrx_word' id='word_1_146' title='bbox 780 1436 865 1495; x_wconf 91' lang='lat' dir='ltr'><strong>rei</strong></span> <span class='ocrx_word' id='word_1_147' title='bbox 890 1437 1275 1515; x_wconf 85' lang='lat' dir='ltr'><strong>possibilitate</strong></span> <span class='ocrx_word' id='word_1_148' title='bbox 1316 1456 1391 1496; x_wconf 89' lang='lat' dir='ltr'><strong>ex</strong></span> <span class='ocrx_word' id='word_1_149' title='bbox 1420 1456 1611 1496; x_wconf 73' lang='lat' dir='ltr'><strong>causae</strong></span> <span class='ocrx_word' id='word_1_150' title='bbox 1638 1436 1907 1497; x_wconf 69' lang='lat' dir='ltr'><strong>secundae</strong></span> <span class='ocrx_word' id='word_1_151' title='bbox 1935 1436 2331 1514; x_wconf 81' lang='lat' dir='ltr'><strong>dispositione.</strong></span> 
     </span>
    </p>

    <p class='ocr_par' dir='ltr' id='par_1_4' title="bbox 367 1514 2785 2232">
     <span class='ocr_line' id='line_1_15' title="bbox 446 1514 2782 1593; baseline 0.001 -21"><span class='ocrx_word' id='word_1_152' title='bbox 446 1515 711 1574; x_wconf 86' lang='lat' dir='ltr'>XXIII.</span> <span class='ocrx_word' id='word_1_153' title='bbox 758 1516 1158 1577; x_wconf 82' lang='lat' dir='ltr'><strong>Infallibilitas</strong></span> <span class='ocrx_word' id='word_1_154' title='bbox 1198 1526 1259 1577; x_wconf 91' lang='lat' dir='ltr'><strong>et</strong></span> <span class='ocrx_word' id='word_1_155' title='bbox 1298 1517 1583 1577; x_wconf 79' lang='lat' dir='ltr'><strong>certitudo</strong></span> <span class='ocrx_word' id='word_1_156' title='bbox 1626 1525 1888 1593; x_wconf 85' lang='lat' dir='ltr'><strong>eventus,</strong></span> <span class='ocrx_word' id='word_1_157' title='bbox 1929 1536 2050 1575; x_wconf 91' lang='lat' dir='ltr'><strong>non</strong></span> <span class='ocrx_word' id='word_1_158' title='bbox 2074 1517 2231 1576; x_wconf 81' lang='lat' dir='ltr'><strong>tollit</strong></span> <span class='ocrx_word' id='word_1_159' title='bbox 2265 1523 2530 1575; x_wconf 83' lang='lat' dir='ltr'><strong>naturam</strong></span> <span class='ocrx_word' id='word_1_160' title='bbox 2557 1514 2782 1575; x_wconf 88' lang='lat' dir='ltr'><strong>contin-</strong></span> 
     </span>
     <span class='ocr_line' id='line_1_16' title="bbox 368 1595 2784 1675; baseline -0 -21"><span class='ocrx_word' id='word_1_161' title='bbox 368 1596 579 1674; x_wconf 76' lang='lat' dir='ltr'><strong>gentiae</strong></span> <span class='ocrx_word' id='word_1_162' title='bbox 605 1614 797 1655; x_wconf 85' lang='lat' dir='ltr'><strong>rerum</strong></span> <span class='ocrx_word' id='word_1_163' title='bbox 820 1618 835 1673; x_wconf 89' lang='lat'><strong>;</strong></span> <span class='ocrx_word' id='word_1_164' title='bbox 878 1597 1016 1674; x_wconf 90' lang='lat' dir='ltr'><strong>quia</strong></span> <span class='ocrx_word' id='word_1_165' title='bbox 1050 1616 1145 1657; x_wconf 91' lang='lat' dir='ltr'><strong>res</strong></span> <span class='ocrx_word' id='word_1_166' title='bbox 1184 1605 1429 1675; x_wconf 88' lang='lat' dir='ltr'><strong>possunt</strong></span> <span class='ocrx_word' id='word_1_167' title='bbox 1454 1597 1581 1659; x_wconf 75' lang='lat' dir='ltr'><strong>fieri</strong></span> <span class='ocrx_word' id='word_1_168' title='bbox 1606 1597 1932 1656; x_wconf 86' lang='lat' dir='ltr'><strong>necessario</strong></span> <span class='ocrx_word' id='word_1_169' title='bbox 1961 1595 2155 1675; x_wconf 88' lang='lat' dir='ltr'><strong>quoad</strong></span> <span class='ocrx_word' id='word_1_170' title='bbox 2181 1604 2471 1671; x_wconf 85' lang='lat' dir='ltr'><strong>eventum,</strong></span> <span class='ocrx_word' id='word_1_171' title='bbox 2501 1604 2561 1655; x_wconf 91' lang='lat' dir='ltr'><strong>et</strong></span> <span class='ocrx_word' id='word_1_172' title='bbox 2587 1602 2784 1654; x_wconf 90' lang='lat' dir='ltr'><strong>tamen</strong></span> 
     </span>
     <span class='ocr_line' id='line_1_17' title="bbox 368 1675 2784 1755; baseline -0.001 -20"><span class='ocrx_word' id='word_1_173' title='bbox 368 1676 769 1753; x_wconf 79' lang='lat' dir='ltr'><strong>contingenter</strong></span> <span class='ocrx_word' id='word_1_174' title='bbox 795 1676 989 1754; x_wconf 86' lang='lat' dir='ltr'><strong>quoad</strong></span> <span class='ocrx_word' id='word_1_175' title='bbox 1014 1676 1251 1737; x_wconf 89' lang='lat' dir='ltr'><strong>modum</strong></span> <span class='ocrx_word' id='word_1_176' title='bbox 1286 1676 1700 1755; x_wconf 80' lang='lat' dir='ltr'><strong>productionis.</strong></span> <span class='ocrx_word' id='word_1_177' title='bbox 1789 1677 1853 1737; x_wconf 89' lang='lat' dir='ltr'><strong>Si</strong></span> <span class='ocrx_word' id='word_1_178' title='bbox 1879 1676 2050 1737; x_wconf 85' lang='lat' dir='ltr'><strong>datur</strong></span> <span class='ocrx_word' id='word_1_179' title='bbox 2075 1676 2436 1753; x_wconf 75' lang='lat' dir='ltr'><strong>praescientia</strong></span> <span class='ocrx_word' id='word_1_180' title='bbox 2463 1675 2784 1735; x_wconf 85' lang='lat' dir='ltr'><strong>futurorum</strong></span> 
     </span>
     <span class='ocr_line' id='line_1_18' title="bbox 368 1754 2784 1833; baseline 0 -20"><span class='ocrx_word' id='word_1_181' title='bbox 368 1755 843 1833; x_wconf 86' lang='lat' dir='ltr'><strong>contingentium,</strong></span> <span class='ocrx_word' id='word_1_182' title='bbox 888 1757 1082 1815; x_wconf 88' lang='lat' dir='ltr'><strong>omnia</strong></span> <span class='ocrx_word' id='word_1_183' title='bbox 1114 1756 1255 1815; x_wconf 89' lang='lat' dir='ltr'><strong>fient</strong></span> <span class='ocrx_word' id='word_1_184' title='bbox 1290 1758 1614 1816; x_wconf 90' lang='lat' dir='ltr'><strong>necessario</strong></span> <span class='ocrx_word' id='word_1_185' title='bbox 1652 1758 1972 1816; x_wconf 74' lang='lat' dir='ltr'><strong>necessitate</strong></span> <span class='ocrx_word' id='word_1_186' title='bbox 2011 1758 2424 1833; x_wconf 67' lang='lat' dir='ltr'><strong>consequentia,</strong></span> <span class='ocrx_word' id='word_1_187' title='bbox 2466 1754 2784 1815; x_wconf 87' lang='lat' dir='ltr'><strong>secundum</strong></span> 
     </span>
     <span class='ocr_line' id='line_1_19' title="bbox 369 1834 2783 1914; baseline -0 -20"><span class='ocrx_word' id='word_1_188' title='bbox 369 1834 527 1913; x_wconf 86' lang='lat' dir='ltr'><strong>quid,</strong></span> <span class='ocrx_word' id='word_1_189' title='bbox 558 1834 1021 1912; x_wconf 79' lang='lat' dir='ltr'><strong>infallibilitatis3</strong></span> <span class='ocrx_word' id='word_1_190' title='bbox 1064 1855 1182 1895; x_wconf 90' lang='lat' dir='ltr'><strong>non</strong></span> <span class='ocrx_word' id='word_1_191' title='bbox 1209 1838 1586 1913; x_wconf 76' lang='lat' dir='ltr'><strong>con-sequentis</strong></span> <span class='ocrx_word' id='word_1_192' title='bbox 1606 1845 1666 1895; x_wconf 89' lang='lat' dir='ltr'><strong>et</strong></span> <span class='ocrx_word' id='word_1_193' title='bbox 1693 1837 1977 1895; x_wconf 86' lang='lat' dir='ltr'><strong>absoluta.</strong></span> <span class='ocrx_word' id='word_1_194' title='bbox 2062 1837 2266 1895; x_wconf 89' lang='lat' dir='ltr'><strong>Manet</strong></span> <span class='ocrx_word' id='word_1_195' title='bbox 2293 1855 2432 1914; x_wconf 87' lang='lat' dir='ltr'><strong>ergo</strong></span> <span class='ocrx_word' id='word_1_196' title='bbox 2473 1835 2783 1894; x_wconf 88' lang='lat' dir='ltr'><strong>discrimen</strong></span> 
     </span>
     <span class='ocr_line' id='line_1_20' title="bbox 369 1914 2784 1993; baseline -0.001 -19"><span class='ocrx_word' id='word_1_197' title='bbox 369 1933 597 1992; x_wconf 86' lang='lat' dir='ltr'><strong>semper</strong></span> <span class='ocrx_word' id='word_1_198' title='bbox 621 1914 773 1973; x_wconf 89' lang='lat' dir='ltr'><strong>inter</strong></span> <span class='ocrx_word' id='word_1_199' title='bbox 797 1915 1123 1975; x_wconf 89' lang='lat' dir='ltr'><strong>necessaria</strong></span> <span class='ocrx_word' id='word_1_200' title='bbox 1158 1923 1217 1975; x_wconf 89' lang='lat' dir='ltr'><strong>et</strong></span> <span class='ocrx_word' id='word_1_201' title='bbox 1244 1916 1655 1993; x_wconf 85' lang='lat' dir='ltr'><strong>contingentia,</strong></span> <span class='ocrx_word' id='word_1_202' title='bbox 1699 1916 1857 1993; x_wconf 90' lang='lat' dir='ltr'><strong>quod</strong></span> <span class='ocrx_word' id='word_1_203' title='bbox 1881 1916 1986 1974; x_wconf 89' lang='lat' dir='ltr'><strong>illa</strong></span> <span class='ocrx_word' id='word_1_204' title='bbox 2009 1916 2227 1975; x_wconf 88' lang='lat' dir='ltr'><strong>habent</strong></span> <span class='ocrx_word' id='word_1_205' title='bbox 2267 1915 2668 1975; x_wconf 86' lang='lat' dir='ltr'><strong>necessitatem</strong></span> <span class='ocrx_word' id='word_1_206' title='bbox 2696 1915 2784 1972; x_wconf 92' lang='lat' dir='ltr'><strong>in-</strong></span> 
     </span>
     <span class='ocr_line' id='line_1_21' title="bbox 367 1994 2784 2073; baseline -0 -19"><span class='ocrx_word' id='word_1_207' title='bbox 367 1994 693 2069; x_wconf 85' lang='lat' dir='ltr'><strong>trinsecam,</strong></span> <span class='ocrx_word' id='word_1_208' title='bbox 724 1994 863 2071; x_wconf 89' lang='lat' dir='ltr'><strong>quia</strong></span> <span class='ocrx_word' id='word_1_209' title='bbox 888 1996 1152 2055; x_wconf 88' lang='lat' dir='ltr'><strong>oriuntur</strong></span> <span class='ocrx_word' id='word_1_210' title='bbox 1177 2015 1214 2054; x_wconf 89' lang='lat' dir='ltr'><strong>a</strong></span> <span class='ocrx_word' id='word_1_211' title='bbox 1240 1996 1429 2055; x_wconf 87' lang='lat' dir='ltr'><strong>causis</strong></span> <span class='ocrx_word' id='word_1_212' title='bbox 1456 1994 1738 2073; x_wconf 88' lang='lat' dir='ltr'><strong>proximis</strong></span> <span class='ocrx_word' id='word_1_213' title='bbox 1778 1995 2136 2071; x_wconf 88' lang='lat' dir='ltr'><strong>necessariis,</strong></span> <span class='ocrx_word' id='word_1_214' title='bbox 2167 2004 2226 2055; x_wconf 90' lang='lat' dir='ltr'><strong>et</strong></span> <span class='ocrx_word' id='word_1_215' title='bbox 2251 1995 2393 2053; x_wconf 85' lang='lat' dir='ltr'><strong>talia</strong></span> <span class='ocrx_word' id='word_1_216' title='bbox 2427 2003 2564 2054; x_wconf 87' lang='lat' dir='ltr'><strong>sunt</strong></span> <span class='ocrx_word' id='word_1_217' title='bbox 2587 1996 2652 2053; x_wconf 89' lang='lat' dir='ltr'><strong>in</strong></span> <span class='ocrx_word' id='word_1_218' title='bbox 2679 2014 2742 2053; x_wconf 87' lang='lat' dir='ltr'><strong>se</strong></span> <span class='ocrx_word' id='word_1_219' title='bbox 2765 2017 2784 2054; x_wconf 71' lang='grc' dir='ltr'>ι</span> 
     </span>
     <span class='ocr_line' id='line_1_22' title="bbox 370 2074 2785 2151; baseline -0.001 -17"><span class='ocrx_word' id='word_1_220' title='bbox 370 2074 779 2151; x_wconf 86' lang='lat' dir='ltr'><strong>Contingentia</strong></span> <span class='ocrx_word' id='word_1_221' title='bbox 826 2094 985 2151; x_wconf 80' lang='lat' dir='ltr'><strong>vero,</strong></span> <span class='ocrx_word' id='word_1_222' title='bbox 1037 2094 1167 2151; x_wconf 77' lang='lat' dir='ltr'><strong>quse</strong></span> <span class='ocrx_word' id='word_1_223' title='bbox 1203 2074 1341 2134; x_wconf 87' lang='lat' dir='ltr'><strong>licet</strong></span> <span class='ocrx_word' id='word_1_224' title='bbox 1377 2074 1780 2134; x_wconf 86' lang='lat' dir='ltr'><strong>necessitatem</strong></span> <span class='ocrx_word' id='word_1_225' title='bbox 1818 2074 2070 2134; x_wconf 88' lang='lat' dir='ltr'><strong>habeant</strong></span> <span class='ocrx_word' id='word_1_226' title='bbox 2119 2074 2520 2150; x_wconf 79' lang='lat' dir='ltr'><strong>extrinsecam,</strong></span> <span class='ocrx_word' id='word_1_227' title='bbox 2562 2074 2785 2133; x_wconf 88' lang='lat' dir='ltr'><strong>ratione</strong></span> 
     </span>
     <span class='ocr_line' id='line_1_23' title="bbox 369 2154 2207 2232; baseline -0.001 -18"><span class='ocrx_word' id='word_1_228' title='bbox 369 2162 633 2231; x_wconf 84' lang='lat' dir='ltr'><strong>eventus,</strong></span> <span class='ocrx_word' id='word_1_229' title='bbox 663 2162 857 2213; x_wconf 87' lang='lat' dir='ltr'><strong>tamen</strong></span> <span class='ocrx_word' id='word_1_230' title='bbox 883 2163 1089 2214; x_wconf 89' lang='lat' dir='ltr'><strong>natura</strong></span> <span class='ocrx_word' id='word_1_231' title='bbox 1117 2174 1223 2214; x_wconf 87' lang='lat' dir='ltr'><strong>sua</strong></span> <span class='ocrx_word' id='word_1_232' title='bbox 1248 2174 1353 2232; x_wconf 90' lang='lat' dir='ltr'><strong>pei·</strong></span> <span class='ocrx_word' id='word_1_233' title='bbox 1380 2172 1583 2213; x_wconf 88' lang='lat' dir='ltr'><strong>causas</strong></span> <span class='ocrx_word' id='word_1_234' title='bbox 1612 2154 2015 2231; x_wconf 82' lang='lat' dir='ltr'><strong>contingentes</strong></span> <span class='ocrx_word' id='word_1_235' title='bbox 2041 2154 2207 2213; x_wconf 87' lang='lat' dir='ltr'><strong>fiunt.</strong></span> 
     </span>
    </p>

    <p class='ocr_par' dir='ltr' id='par_1_5' title="bbox 369 2230 2787 2935">
     <span class='ocr_line' id='line_1_24' title="bbox 452 2230 2784 2311; baseline -0.002 -18"><span class='ocrx_word' id='word_1_236' title='bbox 452 2234 703 2293; x_wconf 87' lang='lat' dir='ltr'>XXIV.</span> <span class='ocrx_word' id='word_1_237' title='bbox 748 2234 1015 2293; x_wconf 77' lang='lat' dir='ltr'><strong>Libertas</strong></span> <span class='ocrx_word' id='word_1_238' title='bbox 1036 2234 1355 2294; x_wconf 81' lang='lat' dir='ltr'><strong>voluntatis</strong></span> <span class='ocrx_word' id='word_1_239' title='bbox 1372 2233 1652 2293; x_wconf 88' lang='lat' dir='ltr'><strong>evertitur</strong></span> <span class='ocrx_word' id='word_1_240' title='bbox 1672 2233 1907 2311; x_wconf 91' lang='lat' dir='ltr'><strong>quidem</strong></span> <span class='ocrx_word' id='word_1_241' title='bbox 1933 2252 2038 2311; x_wconf 89' lang='lat' dir='ltr'><strong>per</strong></span> <span class='ocrx_word' id='word_1_242' title='bbox 2061 2232 2461 2292; x_wconf 87' lang='lat' dir='ltr'><strong>necessitatem</strong></span> <span class='ocrx_word' id='word_1_243' title='bbox 2483 2230 2784 2310; x_wconf 78' lang='lat' dir='ltr'><strong>physicam</strong></span> 
     </span>
     <span class='ocr_line' id='line_1_25' title="bbox 372 2310 2783 2391; baseline -0.002 -17"><span class='ocrx_word' id='word_1_244' title='bbox 372 2321 433 2374; x_wconf 86' lang='lat' dir='ltr'><strong>et</strong></span> <span class='ocrx_word' id='word_1_245' title='bbox 461 2313 789 2389; x_wconf 73' lang='lat' dir='ltr'><strong>coactionis,</strong></span> <span class='ocrx_word' id='word_1_246' title='bbox 823 2333 953 2391; x_wconf 78' lang='lat' dir='ltr'><strong>quae</strong></span> <span class='ocrx_word' id='word_1_247' title='bbox 990 2322 1215 2391; x_wconf 90' lang='lat' dir='ltr'><strong>pugnat</strong></span> <span class='ocrx_word' id='word_1_248' title='bbox 1242 2334 1371 2373; x_wconf 89' lang='lat' dir='ltr'><strong>cum</strong></span> <span class='ocrx_word' id='word_1_249' title='bbox 1400 2313 1627 2371; x_wconf 83' lang='lat' dir='ltr'><strong>formali</strong></span> <span class='ocrx_word' id='word_1_250' title='bbox 1654 2313 1876 2373; x_wconf 90' lang='lat' dir='ltr'><strong>ratione</strong></span> <span class='ocrx_word' id='word_1_251' title='bbox 1902 2313 2221 2389; x_wconf 87' lang='lat' dir='ltr'><strong>libertatis;</strong></span> <span class='ocrx_word' id='word_1_252' title='bbox 2266 2310 2370 2370; x_wconf 90' lang='lat' dir='ltr'><strong>sed</strong></span> <span class='ocrx_word' id='word_1_253' title='bbox 2395 2331 2513 2369; x_wconf 92' lang='lat' dir='ltr'><strong>non</strong></span> <span class='ocrx_word' id='word_1_254' title='bbox 2553 2331 2658 2389; x_wconf 88' lang='lat' dir='ltr'><strong>per</strong></span> <span class='ocrx_word' id='word_1_255' title='bbox 2683 2330 2783 2369; x_wconf 85' lang='lat' dir='ltr'><strong>ne-</strong></span> 
     </span>
     <span class='ocr_line' id='line_1_26' title="bbox 370 2390 2787 2471; baseline -0.002 -18"><span class='ocrx_word' id='word_1_256' title='bbox 370 2394 698 2453; x_wconf 86' lang='lat' dir='ltr'><strong>cessitatem</strong></span> <span class='ocrx_word' id='word_1_257' title='bbox 724 2394 1158 2471; x_wconf 81' lang='lat' dir='ltr'><strong>hypotheticam</strong></span> <span class='ocrx_word' id='word_1_258' title='bbox 1182 2402 1243 2453; x_wconf 93' lang='lat' dir='ltr'><strong>et</strong></span> <span class='ocrx_word' id='word_1_259' title='bbox 1267 2392 1697 2453; x_wconf 84' lang='lat' dir='ltr'><strong>infallibilitatis</strong></span> <span class='ocrx_word' id='word_1_260' title='bbox 1723 2400 1985 2469; x_wconf 81' lang='lat' dir='ltr'><strong>eventus,</strong></span> <span class='ocrx_word' id='word_1_261' title='bbox 2021 2390 2175 2451; x_wconf 91' lang='lat' dir='ltr'><strong>idem</strong></span> <span class='ocrx_word' id='word_1_262' title='bbox 2204 2391 2357 2451; x_wconf 88' lang='lat' dir='ltr'><strong>enim</strong></span> <span class='ocrx_word' id='word_1_263' title='bbox 2383 2392 2495 2450; x_wconf 91' lang='lat' dir='ltr'><strong>hoc</strong></span> <span class='ocrx_word' id='word_1_264' title='bbox 2522 2398 2787 2469; x_wconf 88' lang='lat' dir='ltr'><strong>respectu</strong></span> 
     </span>
     <span class='ocr_line' id='line_1_27' title="bbox 370 2470 2786 2551; baseline -0.002 -19"><span class='ocrx_word' id='word_1_265' title='bbox 370 2481 565 2551; x_wconf 88' lang='lat' dir='ltr'><strong>potest</strong></span> <span class='ocrx_word' id='word_1_266' title='bbox 590 2492 718 2533; x_wconf 89' lang='lat' dir='ltr'><strong>esse</strong></span> <span class='ocrx_word' id='word_1_267' title='bbox 744 2473 992 2533; x_wconf 90' lang='lat' dir='ltr'><strong>liberum</strong></span> <span class='ocrx_word' id='word_1_268' title='bbox 1021 2482 1080 2533; x_wconf 92' lang='lat' dir='ltr'><strong>et</strong></span> <span class='ocrx_word' id='word_1_269' title='bbox 1100 2474 1524 2533; x_wconf 87' lang='lat' dir='ltr'><strong>necessarium:</strong></span> <span class='ocrx_word' id='word_1_270' title='bbox 1570 2473 1744 2534; x_wconf 90' lang='lat' dir='ltr'><strong>Unde</strong></span> <span class='ocrx_word' id='word_1_271' title='bbox 1771 2472 2040 2551; x_wconf 86' lang='lat' dir='ltr'><strong>quamvis</strong></span> <span class='ocrx_word' id='word_1_272' title='bbox 2066 2472 2322 2531; x_wconf 79' lang='lat' dir='ltr'><strong>actiones</strong></span> <span class='ocrx_word' id='word_1_273' title='bbox 2340 2470 2640 2530; x_wconf 90' lang='lat' dir='ltr'><strong>hominum</strong></span> <span class='ocrx_word' id='word_1_274' title='bbox 2669 2470 2786 2529; x_wconf 88' lang='lat' dir='ltr'><strong>sint</strong></span> 
     </span>
     <span class='ocr_line' id='line_1_28' title="bbox 369 2551 2786 2635; baseline -0.002 -23"><span class='ocrx_word' id='word_1_275' title='bbox 369 2552 585 2629; x_wconf 76' lang='lat' dir='ltr'><strong>liberae,</strong></span> <span class='ocrx_word' id='word_1_276' title='bbox 616 2552 753 2632; x_wconf 89' lang='lat' dir='ltr'><strong>quia</strong></span> <span class='ocrx_word' id='word_1_277' title='bbox 780 2561 986 2632; x_wconf 85' lang='lat' dir='ltr'><strong>sponte</strong></span> <span class='ocrx_word' id='word_1_278' title='bbox 1014 2553 1161 2615; x_wconf 89' lang='lat' dir='ltr'><strong>fiunt</strong></span> <span class='ocrx_word' id='word_1_279' title='bbox 1188 2562 1247 2614; x_wconf 90' lang='lat' dir='ltr'><strong>et</strong></span> <span class='ocrx_word' id='word_1_280' title='bbox 1271 2554 1491 2635; x_wconf 79' lang='lat' dir='ltr'><strong>praevio</strong></span> <span class='ocrx_word' id='word_1_281' title='bbox 1516 2554 1757 2614; x_wconf 87' lang='lat' dir='ltr'><strong>rationis</strong></span> <span class='ocrx_word' id='word_1_282' title='bbox 1778 2552 2018 2632; x_wconf 79' lang='lat' dir='ltr'><strong>judicio,</strong></span> <span class='ocrx_word' id='word_1_283' title='bbox 2059 2572 2177 2612; x_wconf 90' lang='lat' dir='ltr'><strong>non</strong></span> <span class='ocrx_word' id='word_1_284' title='bbox 2217 2551 2490 2612; x_wconf 85' lang='lat' dir='ltr'><strong>desinunt</strong></span> <span class='ocrx_word' id='word_1_285' title='bbox 2521 2570 2648 2609; x_wconf 87' lang='lat' dir='ltr'><strong>esse</strong></span> <span class='ocrx_word' id='word_1_286' title='bbox 2685 2570 2786 2608; x_wconf 89' lang='lat' dir='ltr'><strong>ne-</strong></span> 
     </span>
     <span class='ocr_line' id='line_1_29' title="bbox 371 2631 2787 2713; baseline -0.002 -19"><span class='ocrx_word' id='word_1_287' title='bbox 371 2635 634 2694; x_wconf 81' lang='lat' dir='ltr'><strong>cessariae</strong></span> <span class='ocrx_word' id='word_1_288' title='bbox 671 2634 891 2694; x_wconf 88' lang='lat' dir='ltr'><strong>ratione</strong></span> <span class='ocrx_word' id='word_1_289' title='bbox 920 2633 1138 2694; x_wconf 89' lang='lat' dir='ltr'><strong>decreti</strong></span> <span class='ocrx_word' id='word_1_290' title='bbox 1165 2642 1224 2694; x_wconf 91' lang='lat' dir='ltr'><strong>et</strong></span> <span class='ocrx_word' id='word_1_291' title='bbox 1255 2634 1631 2713; x_wconf 66' lang='lat' dir='ltr'><strong>praescientia</strong></span> <span class='ocrx_word' id='word_1_292' title='bbox 1663 2635 1793 2695; x_wconf 90' lang='lat' dir='ltr'><strong>Dei.</strong></span> <span class='ocrx_word' id='word_1_293' title='bbox 1852 2633 2223 2693; x_wconf 79' lang='lat' dir='ltr'><strong>Praescientia</strong></span> <span class='ocrx_word' id='word_1_294' title='bbox 2249 2640 2444 2691; x_wconf 89' lang='lat' dir='ltr'><strong>autem</strong></span> <span class='ocrx_word' id='word_1_295' title='bbox 2470 2631 2586 2690; x_wconf 90' lang='lat' dir='ltr'><strong>Dei</strong></span> <span class='ocrx_word' id='word_1_296' title='bbox 2612 2631 2787 2690; x_wconf 83' lang='lat' dir='ltr'><strong>infert</strong></span> 
     </span>
     <span class='ocr_line' id='line_1_30' title="bbox 370 2713 2786 2792; baseline -0.002 -19"><span class='ocrx_word' id='word_1_297' title='bbox 370 2713 604 2792; x_wconf 86' lang='lat' dir='ltr'><strong>quidem</strong></span> <span class='ocrx_word' id='word_1_298' title='bbox 632 2713 985 2773; x_wconf 85' lang='lat' dir='ltr'><strong>futuritionis</strong></span> <span class='ocrx_word' id='word_1_299' title='bbox 1022 2723 1081 2774; x_wconf 90' lang='lat' dir='ltr'><strong>et</strong></span> <span class='ocrx_word' id='word_1_300' title='bbox 1108 2724 1353 2774; x_wconf 83' lang='lat' dir='ltr'><strong>eventus</strong></span> <span class='ocrx_word' id='word_1_301' title='bbox 1380 2713 1866 2789; x_wconf 79' lang='lat' dir='ltr'><strong>infallibilitatem,</strong></span> <span class='ocrx_word' id='word_1_302' title='bbox 1899 2722 1958 2773; x_wconf 92' lang='lat' dir='ltr'><strong>et</strong></span> <span class='ocrx_word' id='word_1_303' title='bbox 1993 2714 2395 2772; x_wconf 86' lang='lat' dir='ltr'><strong>necessitatem</strong></span> <span class='ocrx_word' id='word_1_304' title='bbox 2432 2730 2786 2788; x_wconf 90' lang='lat' dir='ltr'><strong>consequen·</strong></span> 
     </span>
     <span class='ocr_line' id='line_1_31' title="bbox 370 2791 2785 2871; baseline -0.002 -18"><span class='ocrx_word' id='word_1_305' title='bbox 370 2794 485 2870; x_wconf 79' lang='lat' dir='ltr'><strong>tiae,</strong></span> <span class='ocrx_word' id='word_1_306' title='bbox 525 2813 643 2853; x_wconf 92' lang='lat' dir='ltr'><strong>non</strong></span> <span class='ocrx_word' id='word_1_307' title='bbox 670 2803 863 2853; x_wconf 89' lang='lat' dir='ltr'><strong>tamen</strong></span> <span class='ocrx_word' id='word_1_308' title='bbox 890 2794 1064 2860; x_wconf 85' lang='lat' dir='ltr'><strong>infert</strong></span> <span class='ocrx_word' id='word_1_309' title='bbox 1092 2795 1449 2854; x_wconf 78' lang='lat' dir='ltr'><strong>coactionem</strong></span> <span class='ocrx_word' id='word_1_310' title='bbox 1484 2803 1589 2856; x_wconf 89' lang='lat' dir='ltr'><strong>aut</strong></span> <span class='ocrx_word' id='word_1_311' title='bbox 1612 2794 1970 2871; x_wconf 85' lang='lat' dir='ltr'><strong>violentiam,</strong></span> <span class='ocrx_word' id='word_1_312' title='bbox 2013 2812 2122 2853; x_wconf 89' lang='lat' dir='ltr'><strong>nec</strong></span> <span class='ocrx_word' id='word_1_313' title='bbox 2157 2791 2346 2852; x_wconf 84' lang='lat' dir='ltr'><strong>aufert</strong></span> <span class='ocrx_word' id='word_1_314' title='bbox 2383 2791 2672 2850; x_wconf 82' lang='lat' dir='ltr'><strong>voluntati</strong></span> <span class='ocrx_word' id='word_1_315' title='bbox 2697 2791 2785 2849; x_wconf 89' lang='lat' dir='ltr'><strong>in·</strong></span> 
     </span>
     <span class='ocr_line' id='line_1_32' title="bbox 370 2873 1052 2935; baseline 0.001 -2"><span class='ocrx_word' id='word_1_316' title='bbox 370 2873 681 2933; x_wconf 86' lang='lat' dir='ltr'><strong>trinsecam</strong></span> <span class='ocrx_word' id='word_1_317' title='bbox 706 2874 1052 2935; x_wconf 86' lang='lat' dir='ltr'><strong>libertatem.</strong></span> 
     </span>
    </p>

    <p class='ocr_par' dir='ltr' id='par_1_6' title="bbox 369 2952 2786 3508">
     <span class='ocr_line' id='line_1_33' title="bbox 452 2952 2786 3027; baseline -0.002 -14"><span class='ocrx_word' id='word_1_318' title='bbox 452 2953 667 3013; x_wconf 89' lang='lat' dir='ltr'><strong>XXV.</strong></span> <span class='ocrx_word' id='word_1_319' title='bbox 714 2953 1086 3014; x_wconf 85' lang='lat' dir='ltr'><strong>Praescientia</strong></span> <span class='ocrx_word' id='word_1_320' title='bbox 1114 2953 1228 3014; x_wconf 91' lang='lat' dir='ltr'><strong>Dei</strong></span> <span class='ocrx_word' id='word_1_321' title='bbox 1254 2953 1575 3014; x_wconf 81' lang='lat' dir='ltr'><strong>infallibilis</strong></span> <span class='ocrx_word' id='word_1_322' title='bbox 1600 2973 1721 3013; x_wconf 91' lang='lat' dir='ltr'><strong>non</strong></span> <span class='ocrx_word' id='word_1_323' title='bbox 1747 2952 1921 3013; x_wconf 81' lang='lat' dir='ltr'><strong>insert</strong></span> <span class='ocrx_word' id='word_1_324' title='bbox 1950 2953 2140 3012; x_wconf 89' lang='lat' dir='ltr'><strong>Deum</strong></span> <span class='ocrx_word' id='word_1_325' title='bbox 2167 2971 2296 3012; x_wconf 85' lang='lat' dir='ltr'><strong>esse</strong></span> <span class='ocrx_word' id='word_1_326' title='bbox 2323 2970 2556 3010; x_wconf 88' lang='lat' dir='ltr'><strong>causam</strong></span> <span class='ocrx_word' id='word_1_327' title='bbox 2581 2968 2786 3027; x_wconf 87' lang='lat' dir='ltr'><strong>pecca-</strong></span> 
     </span>
     <span class='ocr_line' id='line_1_34' title="bbox 369 3029 2784 3112; baseline -0.002 -20"><span class='ocrx_word' id='word_1_328' title='bbox 369 3039 577 3111; x_wconf 85' lang='lat' dir='ltr'><strong>torum,</strong></span> <span class='ocrx_word' id='word_1_329' title='bbox 622 3034 761 3111; x_wconf 85' lang='lat' dir='ltr'><strong>quia</strong></span> <span class='ocrx_word' id='word_1_330' title='bbox 804 3035 968 3093; x_wconf 90' lang='lat' dir='ltr'><strong>Deus</strong></span> <span class='ocrx_word' id='word_1_331' title='bbox 1007 3034 1239 3112; x_wconf 68' lang='lat' dir='ltr'><strong>praescit</strong></span> <span class='ocrx_word' id='word_1_332' title='bbox 1276 3043 1515 3111; x_wconf 85' lang='lat' dir='ltr'><strong>peccata</strong></span> <span class='ocrx_word' id='word_1_333' title='bbox 1554 3043 1623 3094; x_wconf 89' lang='lat' dir='ltr'><strong>ut</strong></span> <span class='ocrx_word' id='word_1_334' title='bbox 1663 3042 1820 3094; x_wconf 90' lang='lat' dir='ltr'><strong>certo</strong></span> <span class='ocrx_word' id='word_1_335' title='bbox 1863 3042 2156 3109; x_wconf 80' lang='lat' dir='ltr'><strong>eventura,</strong></span> <span class='ocrx_word' id='word_1_336' title='bbox 2188 3052 2246 3091; x_wconf 83' lang='lat' dir='ltr'><strong>v.</strong></span> <span class='ocrx_word' id='word_1_337' title='bbox 2290 3051 2350 3109; x_wconf 89' lang='lat' dir='ltr'><strong>g.</strong></span> <span class='ocrx_word' id='word_1_338' title='bbox 2391 3029 2784 3090; x_wconf 81' lang='lat' dir='ltr'><strong>venditionem</strong></span> 
     </span>
     <span class='ocr_line' id='line_1_35' title="bbox 370 3111 2783 3191; baseline -0.002 -19"><span class='ocrx_word' id='word_1_339' title='bbox 370 3112 413 3171; x_wconf 90' lang='lat' dir='ltr'><strong>J</strong></span> <span class='ocrx_word' id='word_1_340' title='bbox 416 3114 618 3190; x_wconf 92' lang='lat' dir='ltr'><strong>osephi</strong></span> <span class='ocrx_word' id='word_1_341' title='bbox 645 3122 704 3173; x_wconf 91' lang='lat' dir='ltr'><strong>et</strong></span> <span class='ocrx_word' id='word_1_342' title='bbox 730 3113 1099 3174; x_wconf 84' lang='lat' dir='ltr'><strong>traditionem</strong></span> <span class='ocrx_word' id='word_1_343' title='bbox 1128 3114 1359 3190; x_wconf 84' lang='lat' dir='ltr'><strong>Christi,</strong></span> <span class='ocrx_word' id='word_1_344' title='bbox 1402 3133 1521 3173; x_wconf 90' lang='lat' dir='ltr'><strong>non</strong></span> <span class='ocrx_word' id='word_1_345' title='bbox 1562 3122 1838 3191; x_wconf 86' lang='lat' dir='ltr'><strong>tanquam</strong></span> <span class='ocrx_word' id='word_1_346' title='bbox 1865 3133 1901 3171; x_wconf 91' lang='lat' dir='ltr'><strong>a</strong></span> <span class='ocrx_word' id='word_1_347' title='bbox 1936 3132 1997 3172; x_wconf 89' lang='lat' dir='ltr'><strong>se</strong></span> <span class='ocrx_word' id='word_1_348' title='bbox 2035 3111 2335 3172; x_wconf 87' lang='lat' dir='ltr'><strong>efficienda</strong></span> <span class='ocrx_word' id='word_1_349' title='bbox 2374 3131 2490 3188; x_wconf 88' lang='lat' dir='ltr'><strong>qua</strong></span> <span class='ocrx_word' id='word_1_350' title='bbox 2527 3119 2783 3188; x_wconf 86' lang='lat' dir='ltr'><strong>peccata,</strong></span> 
     </span>
     <span class='ocr_line' id='line_1_36' title="bbox 371 3191 2784 3270; baseline -0.001 -20"><span class='ocrx_word' id='word_1_351' title='bbox 371 3191 477 3251; x_wconf 89' lang='lat' dir='ltr'><strong>sed</strong></span> <span class='ocrx_word' id='word_1_352' title='bbox 502 3201 569 3251; x_wconf 88' lang='lat' dir='ltr'><strong>ut</strong></span> <span class='ocrx_word' id='word_1_353' title='bbox 594 3193 995 3269; x_wconf 79' lang='lat' dir='ltr'><strong>permittenda,</strong></span> <span class='ocrx_word' id='word_1_354' title='bbox 1024 3213 1061 3252; x_wconf 88' lang='lat' dir='ltr'><strong>a</strong></span> <span class='ocrx_word' id='word_1_355' title='bbox 1087 3213 1149 3254; x_wconf 86' lang='lat' dir='ltr'><strong>se</strong></span> <span class='ocrx_word' id='word_1_356' title='bbox 1190 3213 1331 3253; x_wconf 84' lang='lat' dir='ltr'><strong>vero</strong></span> <span class='ocrx_word' id='word_1_357' title='bbox 1372 3193 1724 3270; x_wconf 83' lang='lat' dir='ltr'><strong>ordinanda;</strong></span> <span class='ocrx_word' id='word_1_358' title='bbox 1769 3192 1870 3270; x_wconf 92' lang='lat' dir='ltr'><strong>qui</strong></span> <span class='ocrx_word' id='word_1_359' title='bbox 1909 3191 2117 3251; x_wconf 89' lang='lat' dir='ltr'><strong>modus</strong></span> <span class='ocrx_word' id='word_1_360' title='bbox 2145 3211 2275 3251; x_wconf 87' lang='lat' dir='ltr'><strong>non</strong></span> <span class='ocrx_word' id='word_1_361' title='bbox 2311 3191 2499 3268; x_wconf 85' lang='lat' dir='ltr'><strong>magis</strong></span> <span class='ocrx_word' id='word_1_362' title='bbox 2535 3191 2598 3247; x_wconf 89' lang='lat' dir='ltr'><strong>in</strong></span> <span class='ocrx_word' id='word_1_363' title='bbox 2635 3209 2784 3267; x_wconf 81' lang='lat' dir='ltr'><strong>prae·</strong></span> 
     </span>
     <span class='ocr_line' id='line_1_37' title="bbox 372 3269 2782 3366; baseline -0 -38"><span class='ocrx_word' id='word_1_364' title='bbox 372 3271 614 3328; x_wconf 86' lang='lat' dir='ltr'><strong>scientia</strong></span> <span class='ocrx_word' id='word_1_365' title='bbox 638 3278 699 3330; x_wconf 90' lang='lat' dir='ltr'><strong>et</strong></span> <span class='ocrx_word' id='word_1_366' title='bbox 725 3270 974 3346; x_wconf 89' lang='lat' dir='ltr'><strong>decreto,</strong></span> <span class='ocrx_word' id='word_1_367' title='bbox 1004 3293 1177 3366; x_wconf 76' lang='lat' dir='ltr'><strong>quam</strong></span> <span class='ocrx_word' id='word_1_368' title='bbox 1205 3273 1267 3331; x_wconf 87' lang='lat' dir='ltr'><strong>in</strong></span> <span class='ocrx_word' id='word_1_369' title='bbox 1283 3273 1625 3333; x_wconf 84' lang='lat' dir='ltr'><strong>executione</strong></span> <span class='ocrx_word' id='word_1_370' title='bbox 1653 3291 1786 3331; x_wconf 89' lang='lat' dir='ltr'><strong>eum</strong></span> <span class='ocrx_word' id='word_1_371' title='bbox 1807 3291 1968 3331; x_wconf 92' lang='lat' dir='ltr'><strong>reum</strong></span> <span class='ocrx_word' id='word_1_372' title='bbox 1995 3272 2151 3347; x_wconf 87' lang='lat' dir='ltr'><strong>facit,</strong></span> <span class='ocrx_word' id='word_1_373' title='bbox 2182 3271 2320 3349; x_wconf 88' lang='lat' dir='ltr'><strong>quia</strong></span> <span class='ocrx_word' id='word_1_374' title='bbox 2337 3291 2446 3329; x_wconf 90' lang='lat' dir='ltr'><strong>nec</strong></span> <span class='ocrx_word' id='word_1_375' title='bbox 2467 3269 2782 3345; x_wconf 87' lang='lat' dir='ltr'><strong>decretum,</strong></span> 
     </span>
     <span class='ocr_line' id='line_1_38' title="bbox 371 3349 2786 3427; baseline -0.001 -20"><span class='ocrx_word' id='word_1_376' title='bbox 371 3367 481 3408; x_wconf 87' lang='lat' dir='ltr'><strong>nec</strong></span> <span class='ocrx_word' id='word_1_377' title='bbox 507 3350 868 3427; x_wconf 69' lang='lat' dir='ltr'><strong>praescientia</strong></span> <span class='ocrx_word' id='word_1_378' title='bbox 906 3351 1276 3412; x_wconf 77' lang='lat' dir='ltr'><strong>intrinsecam</strong></span> <span class='ocrx_word' id='word_1_379' title='bbox 1314 3352 1716 3412; x_wconf 80' lang='lat' dir='ltr'><strong>necessitatem</strong></span> <span class='ocrx_word' id='word_1_380' title='bbox 1745 3349 1992 3410; x_wconf 82' lang='lat' dir='ltr'><strong>afferunt</strong></span> <span class='ocrx_word' id='word_1_381' title='bbox 2014 3351 2254 3427; x_wconf 89' lang='lat' dir='ltr'><strong>homini,</strong></span> <span class='ocrx_word' id='word_1_382' title='bbox 2299 3349 2404 3408; x_wconf 89' lang='lat' dir='ltr'><strong>sed</strong></span> <span class='ocrx_word' id='word_1_383' title='bbox 2429 3357 2654 3408; x_wconf 88' lang='lat' dir='ltr'><strong>tantum</strong></span> <span class='ocrx_word' id='word_1_384' title='bbox 2682 3369 2786 3408; x_wconf 86' lang='lat' dir='ltr'><strong>ex-</strong></span> 
     </span>
     <span class='ocr_line' id='line_1_39' title="bbox 370 3429 1796 3508; baseline 0.003 -20"><span class='ocrx_word' id='word_1_385' title='bbox 370 3429 679 3489; x_wconf 87' lang='lat' dir='ltr'><strong>trinsecam</strong></span> <span class='ocrx_word' id='word_1_386' title='bbox 706 3429 901 3508; x_wconf 86' lang='lat' dir='ltr'><strong>quoad</strong></span> <span class='ocrx_word' id='word_1_387' title='bbox 925 3441 1217 3492; x_wconf 87' lang='lat' dir='ltr'><strong>eventum.</strong></span> <span class='ocrx_word' id='word_1_388' title='bbox 1787 3477 1796 3486; x_wconf 87' lang='lat'>.</span> 
     </span>
    </p>

    <p class='ocr_par' dir='ltr' id='par_1_7' title="bbox 370 3504 2789 4370">
     <span class='ocr_line' id='line_1_40' title="bbox 454 3504 2784 3586; baseline -0.002 -19"><span class='ocrx_word' id='word_1_389' title='bbox 454 3509 706 3569; x_wconf 89' lang='lat' dir='ltr'>XXVI.</span> <span class='ocrx_word' id='word_1_390' title='bbox 751 3511 913 3570; x_wconf 88' lang='lat' dir='ltr'><strong>Deus</strong></span> <span class='ocrx_word' id='word_1_391' title='bbox 938 3512 1202 3571; x_wconf 88' lang='lat' dir='ltr'><strong>homines</strong></span> <span class='ocrx_word' id='word_1_392' title='bbox 1228 3531 1347 3570; x_wconf 90' lang='lat' dir='ltr'><strong>non</strong></span> <span class='ocrx_word' id='word_1_393' title='bbox 1386 3517 1573 3570; x_wconf 86' lang='lat' dir='ltr'><strong>tentat</strong></span> <span class='ocrx_word' id='word_1_394' title='bbox 1599 3529 1677 3569; x_wconf 83' lang='lat' dir='ltr'><strong>ex</strong></span> <span class='ocrx_word' id='word_1_395' title='bbox 1703 3507 2046 3586; x_wconf 82' lang='lat' dir='ltr'><strong>ignorantia,</strong></span> <span class='ocrx_word' id='word_1_396' title='bbox 2088 3514 2156 3566; x_wconf 90' lang='lat' dir='ltr'><strong>ut</strong></span> <span class='ocrx_word' id='word_1_397' title='bbox 2181 3526 2252 3564; x_wconf 89' lang='lat' dir='ltr'><strong>ea</strong></span> <span class='ocrx_word' id='word_1_398' title='bbox 2289 3504 2511 3565; x_wconf 87' lang='lat' dir='ltr'><strong>ratione</strong></span> <span class='ocrx_word' id='word_1_399' title='bbox 2539 3525 2784 3582; x_wconf 89' lang='lat' dir='ltr'><strong>cognos-</strong></span> 
     </span>
     <span class='ocr_line' id='line_1_41' title="bbox 372 3584 2788 3682; baseline -0.002 -34"><span class='ocrx_word' id='word_1_400' title='bbox 372 3597 469 3648; x_wconf 90' lang='lat' dir='ltr'><strong>cat</strong></span> <span class='ocrx_word' id='word_1_401' title='bbox 486 3588 646 3666; x_wconf 92' lang='lat' dir='ltr'><strong>quod</strong></span> <span class='ocrx_word' id='word_1_402' title='bbox 672 3599 842 3650; x_wconf 86' lang='lat' dir='ltr'><strong>antea</strong></span> <span class='ocrx_word' id='word_1_403' title='bbox 866 3593 1153 3667; x_wconf 88' lang='lat' dir='ltr'><strong>nescierit,</strong></span> <span class='ocrx_word' id='word_1_404' title='bbox 1184 3589 1291 3650; x_wconf 88' lang='lat' dir='ltr'><strong>sed</strong></span> <span class='ocrx_word' id='word_1_405' title='bbox 1317 3609 1393 3649; x_wconf 86' lang='lat' dir='ltr'><strong>ex</strong></span> <span class='ocrx_word' id='word_1_406' title='bbox 1421 3589 1846 3682; x_wconf 87' lang='lat' dir='ltr'><strong>sapientissima</strong></span> <span class='ocrx_word' id='word_1_407' title='bbox 1871 3585 2251 3664; x_wconf 86' lang='lat' dir='ltr'><strong>providentia,</strong></span> <span class='ocrx_word' id='word_1_408' title='bbox 2281 3593 2349 3644; x_wconf 90' lang='lat' dir='ltr'><strong>ut</strong></span> <span class='ocrx_word' id='word_1_409' title='bbox 2375 3585 2505 3642; x_wconf 86' lang='lat' dir='ltr'><strong>aliis</strong></span> <span class='ocrx_word' id='word_1_410' title='bbox 2532 3584 2788 3642; x_wconf 82' lang='lat' dir='ltr'><strong>declaret</strong></span> 
     </span>
     <span class='ocr_line' id='line_1_42' title="bbox 371 3662 2783 3746; baseline -0.001 -20"><span class='ocrx_word' id='word_1_411' title='bbox 371 3667 530 3746; x_wconf 90' lang='lat' dir='ltr'><strong>quod</strong></span> <span class='ocrx_word' id='word_1_412' title='bbox 550 3677 722 3728; x_wconf 85' lang='lat' dir='ltr'><strong>antea</strong></span> <span class='ocrx_word' id='word_1_413' title='bbox 740 3689 840 3728; x_wconf 92' lang='lat' dir='ltr'><strong>eos</strong></span> <span class='ocrx_word' id='word_1_414' title='bbox 860 3671 1095 3730; x_wconf 84' lang='lat' dir='ltr'><strong>latebat.</strong></span> <span class='ocrx_word' id='word_1_415' title='bbox 1183 3670 1277 3729; x_wconf 86' lang='lat' dir='ltr'><strong>Ita</strong></span> <span class='ocrx_word' id='word_1_416' title='bbox 1296 3677 1547 3728; x_wconf 86' lang='lat' dir='ltr'><strong>tentavit</strong></span> <span class='ocrx_word' id='word_1_417' title='bbox 1563 3667 1980 3741; x_wconf 87' lang='lat' dir='ltr'><strong>Abrahamum,</strong></span> <span class='ocrx_word' id='word_1_418' title='bbox 2004 3684 2122 3723; x_wconf 90' lang='lat' dir='ltr'><strong>non</strong></span> <span class='ocrx_word' id='word_1_419' title='bbox 2136 3672 2204 3722; x_wconf 89' lang='lat' dir='ltr'><strong>ut</strong></span> <span class='ocrx_word' id='word_1_420' title='bbox 2221 3671 2594 3740; x_wconf 89' lang='lat' dir='ltr'><strong>cognosceret</strong></span> <span class='ocrx_word' id='word_1_421' title='bbox 2608 3662 2783 3723; x_wconf 85' lang='lat' dir='ltr'><strong>fidem</strong></span> 
     </span>
     <span class='ocr_line' id='line_1_43' title="bbox 372 3744 2783 3880; baseline -0.002 -74"><span class='ocrx_word' id='word_1_422' title='bbox 372 3758 433 3807; x_wconf 92' lang='lat' dir='ltr'><strong>et</strong></span> <span class='ocrx_word' id='word_1_423' title='bbox 459 3747 847 3808; x_wconf 83' lang='lat' dir='ltr'><strong>obedientiam</strong></span> <span class='ocrx_word' id='word_1_424' title='bbox 866 3751 995 3828; x_wconf 90' lang='lat' dir='ltr'><strong>ejus</strong></span> <span class='ocrx_word' id='word_1_425' title='bbox 1020 3751 1133 3810; x_wconf 87' lang='lat' dir='ltr'><strong>hoc</strong></span> <span class='ocrx_word' id='word_1_426' title='bbox 1156 3748 1553 3826; x_wconf 87' lang='lat' dir='ltr'><strong>experimento</strong></span> <span class='ocrx_word' id='word_1_427' title='bbox 1574 3766 1750 3824; x_wconf 89' lang='lat' dir='ltr'><strong>quam</strong></span> <span class='ocrx_word' id='word_1_428' title='bbox 1765 3755 1938 3805; x_wconf 87' lang='lat' dir='ltr'><strong>antea</strong></span> <span class='ocrx_word' id='word_1_429' title='bbox 1963 3745 2272 3824; x_wconf 86' lang='lat' dir='ltr'><strong>ignoraret,</strong></span> <span class='ocrx_word' id='word_1_430' title='bbox 2298 3763 2428 3802; x_wconf 89' lang='lat' dir='ltr'><strong>cum</strong></span> <span class='ocrx_word' id='word_1_431' title='bbox 2437 3744 2575 3880; x_wconf 55' lang='lat' dir='ltr'><strong>d&#39;am</strong></span> <span class='ocrx_word' id='word_1_432' title='bbox 2593 3751 2783 3820; x_wconf 88' lang='lat' dir='ltr'><strong>antea,</strong></span> 
     </span>
     <span class='ocr_line' id='line_1_44' title="bbox 374 3824 2784 3909; baseline -0.002 -22"><span class='ocrx_word' id='word_1_433' title='bbox 374 3825 553 3907; x_wconf 82' lang='lat' dir='ltr'><strong>(Gen.</strong></span> <span class='ocrx_word' id='word_1_434' title='bbox 584 3828 749 3887; x_wconf 85' lang='lat' dir='ltr'><strong>xviii.</strong></span> <span class='ocrx_word' id='word_1_435' title='bbox 783 3829 885 3909; x_wconf 82' lang='lat'><strong>19)</strong></span> <span class='ocrx_word' id='word_1_436' title='bbox 930 3830 1093 3889; x_wconf 86' lang='lat' dir='ltr'><strong>Deus</strong></span> <span class='ocrx_word' id='word_1_437' title='bbox 1118 3829 1415 3908; x_wconf 87' lang='lat' dir='ltr'><strong>professus</strong></span> <span class='ocrx_word' id='word_1_438' title='bbox 1444 3836 1598 3887; x_wconf 87' lang='lat' dir='ltr'><strong>esset</strong></span> <span class='ocrx_word' id='word_1_439' title='bbox 1624 3846 1688 3886; x_wconf 89' lang='lat' dir='ltr'><strong>se</strong></span> <span class='ocrx_word' id='word_1_440' title='bbox 1703 3837 1886 3885; x_wconf 78' lang='lat' dir='ltr'><strong>&#39;nosse</strong></span> <span class='ocrx_word' id='word_1_441' title='bbox 1907 3826 2036 3903; x_wconf 79' lang='lat' dir='ltr'><strong>ejus</strong></span> <span class='ocrx_word' id='word_1_442' title='bbox 2051 3824 2341 3903; x_wconf 84' lang='lat' dir='ltr'><strong>pietatem,</strong></span> <span class='ocrx_word' id='word_1_443' title='bbox 2373 3843 2434 3882; x_wconf 87' lang='lat' dir='ltr'><strong>se</strong></span> <span class='ocrx_word' id='word_1_444' title='bbox 2495 3832 2562 3882; x_wconf 88' lang='lat' dir='ltr'><strong>ut</strong></span> <span class='ocrx_word' id='word_1_445' title='bbox 2588 3831 2784 3882; x_wconf 88' lang='lat' dir='ltr'><strong>notam</strong></span> 
     </span>
     <span class='ocr_line' id='line_1_45' title="bbox 372 3903 2781 3985; baseline -0.002 -19"><span class='ocrx_word' id='word_1_446' title='bbox 372 3907 641 3967; x_wconf 89' lang='lat' dir='ltr'><strong>redderet</strong></span> <span class='ocrx_word' id='word_1_447' title='bbox 679 3910 897 3968; x_wconf 88' lang='lat' dir='ltr'><strong>mundo</strong></span> <span class='ocrx_word' id='word_1_448' title='bbox 924 3918 984 3968; x_wconf 90' lang='lat' dir='ltr'><strong>et</strong></span> <span class='ocrx_word' id='word_1_449' title='bbox 1012 3908 1299 3968; x_wconf 74' lang='lat' dir='ltr'><strong>Ecclesiae</strong></span> <span class='ocrx_word' id='word_1_450' title='bbox 1324 3907 1613 3984; x_wconf 87' lang='lat' dir='ltr'><strong>insignem</strong></span> <span class='ocrx_word' id='word_1_451' title='bbox 1652 3906 1780 3985; x_wconf 90' lang='lat' dir='ltr'><strong>ejus</strong></span> <span class='ocrx_word' id='word_1_452' title='bbox 1820 3904 1994 3964; x_wconf 89' lang='lat' dir='ltr'><strong>fidem</strong></span> <span class='ocrx_word' id='word_1_453' title='bbox 2017 3907 2060 3965; x_wconf 86' lang='lat'><strong>:&#39;</strong></span> <span class='ocrx_word' id='word_1_454' title='bbox 2116 3905 2240 3964; x_wconf 89' lang='lat' dir='ltr'><strong>Nec</strong></span> <span class='ocrx_word' id='word_1_455' title='bbox 2281 3903 2331 3962; x_wconf 87' lang='lat' dir='ltr'><strong>si</strong></span> <span class='ocrx_word' id='word_1_456' title='bbox 2371 3903 2598 3980; x_wconf 89' lang='lat' dir='ltr'><strong>dicitur,</strong></span> <span class='ocrx_word' id='word_1_457' title='bbox 2631 3905 2781 3964; x_wconf 84' lang='lat' dir='ltr'><strong>Gen.</strong></span> 
     </span>
     <span class='ocr_line' id='line_1_46' title="bbox 370 3985 2789 4067; baseline -0.001 -21"><span class='ocrx_word' id='word_1_458' title='bbox 370 3988 519 4048; x_wconf 82' lang='lat' dir='ltr'><strong>xxii.</strong></span> <span class='ocrx_word' id='word_1_459' title='bbox 554 3991 647 4047; x_wconf 73' lang='lat'><strong>12.</strong></span> <span class='ocrx_word' id='word_1_460' title='bbox 676 3997 815 4048; x_wconf 89' lang='lat' dir='ltr'><strong>tunc</strong></span> <span class='ocrx_word' id='word_1_461' title='bbox 842 3989 1076 4049; x_wconf 81' lang='lat' dir='ltr'><strong>novisse</strong></span> <span class='ocrx_word' id='word_1_462' title='bbox 1107 3989 1269 4048; x_wconf 90' lang='lat' dir='ltr'><strong>Deus</strong></span> <span class='ocrx_word' id='word_1_463' title='bbox 1294 3986 1454 4067; x_wconf 88' lang='lat' dir='ltr'><strong>quod</strong></span> <span class='ocrx_word' id='word_1_464' title='bbox 1479 3985 1670 4066; x_wconf 83' lang='lat' dir='ltr'><strong>ipsum</strong></span> <span class='ocrx_word' id='word_1_465' title='bbox 1697 3985 1943 4062; x_wconf 89' lang='lat' dir='ltr'><strong>timeret,</strong></span> <span class='ocrx_word' id='word_1_466' title='bbox 1984 3989 2158 4044; x_wconf 79' lang='lat' dir='ltr'><strong>Nunc</strong></span> <span class='ocrx_word' id='word_1_467' title='bbox 2183 3985 2416 4062; x_wconf 68' lang='lat' dir='ltr'><strong>coynovi&#39;</strong></span> <span class='ocrx_word' id='word_1_468' title='bbox 2451 3987 2606 4062; x_wconf 77' lang='lat' dir='ltr'><strong>quod</strong></span> <span class='ocrx_word' id='word_1_469' title='bbox 2629 3985 2789 4044; x_wconf 67' lang='lat' dir='ltr'><strong>times</strong></span> 
     </span>
     <span class='ocr_line' id='line_1_47' title="bbox 372 4065 2786 4148; baseline -0.001 -22"><span class='ocrx_word' id='word_1_470' title='bbox 372 4070 579 4144; x_wconf 81' lang='lat' dir='ltr'><strong>Deum,</strong></span> <span class='ocrx_word' id='word_1_471' title='bbox 610 4071 766 4146; x_wconf 75' lang='lat' dir='ltr'><strong>quod</strong></span> <span class='ocrx_word' id='word_1_472' title='bbox 786 4089 900 4128; x_wconf 76' lang='lat' dir='ltr'><strong>noa</strong></span> <span class='ocrx_word' id='word_1_473' title='bbox 919 4068 1225 4146; x_wconf 54' lang='lat' dir='ltr'><strong>pepercisti</strong></span> <span class='ocrx_word' id='word_1_474' title='bbox 1246 4068 1525 4146; x_wconf 74' lang='lat' dir='ltr'><strong>uniyerii‘to</strong></span> <span class='ocrx_word' id='word_1_475' title='bbox 1546 4067 1678 4148; x_wconf 78' lang='lat' dir='ltr'><strong>filio</strong></span> <span class='ocrx_word' id='word_1_476' title='bbox 1705 4077 1800 4127; x_wconf 70' lang='lat' dir='ltr'><strong>tuo</strong></span> <span class='ocrx_word' id='word_1_477' title='bbox 1829 4077 2074 4144; x_wconf 78' lang='lat' dir='ltr'><strong>propter</strong></span> <span class='ocrx_word' id='word_1_478' title='bbox 2099 4085 2188 4124; x_wconf 80' lang='lat' dir='ltr'><strong>me</strong></span> <span class='ocrx_word' id='word_1_479' title='bbox 2201 4088 2227 4139; x_wconf 87' lang='lat'><strong>,·</strong></span> <span class='ocrx_word' id='word_1_480' title='bbox 2265 4065 2378 4124; x_wconf 93' lang='lat' dir='ltr'><strong>hoc</strong></span> <span class='ocrx_word' id='word_1_481' title='bbox 2404 4065 2668 4125; x_wconf 82' lang='lat' dir='ltr'><strong>absolute</strong></span> <span class='ocrx_word' id='word_1_482' title='bbox 2694 4065 2786 4123; x_wconf 87' lang='lat' dir='ltr'><strong>in-</strong></span> 
     </span>
     <span class='ocr_line' id='line_1_48' title="bbox 372 4144 2788 4228; baseline -0.002 -20"><span class='ocrx_word' id='word_1_483' title='bbox 372 4148 755 4226; x_wconf 84' lang='lat' dir='ltr'><strong>telligendum</strong></span> <span class='ocrx_word' id='word_1_484' title='bbox 800 4157 889 4209; x_wconf 86' lang='lat' dir='ltr'><strong>est</strong></span> <span class='ocrx_word' id='word_1_485' title='bbox 932 4149 1006 4209; x_wconf 89' lang='lat' dir='ltr'><strong>de</strong></span> <span class='ocrx_word' id='word_1_486' title='bbox 1050 4149 1380 4228; x_wconf 84' lang='lat' dir='ltr'><strong>cognitione</strong></span> <span class='ocrx_word' id='word_1_487' title='bbox 1422 4167 1597 4226; x_wconf 88' lang='lat' dir='ltr'><strong>quam</strong></span> <span class='ocrx_word' id='word_1_488' title='bbox 1646 4147 1810 4208; x_wconf 87' lang='lat' dir='ltr'><strong>Deus</strong></span> <span class='ocrx_word' id='word_1_489' title='bbox 1857 4146 2187 4221; x_wconf 88' lang='lat' dir='ltr'><strong>obtinuerit,</strong></span> <span class='ocrx_word' id='word_1_490' title='bbox 2233 4144 2339 4204; x_wconf 87' lang='lat' dir='ltr'><strong>sed</strong></span> <span class='ocrx_word' id='word_1_491' title='bbox 2379 4146 2667 4204; x_wconf 61' lang='lat' dir='ltr'><strong>transitive</strong></span> <span class='ocrx_word' id='word_1_492' title='bbox 2709 4146 2788 4204; x_wconf 90' lang='lat' dir='ltr'><strong>de</strong></span> 
     </span>
     <span class='ocr_line' id='line_1_49' title="bbox 372 4225 2786 4370; baseline -0.002 -82"><span class='ocrx_word' id='word_1_493' title='bbox 372 4227 705 4370; x_wconf 54' lang='lat' dir='ltr'><strong>‹gognitione</strong></span> <span class='ocrx_word' id='word_1_494' title='bbox 746 4248 939 4308; x_wconf 86' lang='lat' dir='ltr'><strong>quam·</strong></span> <span class='ocrx_word' id='word_1_495' title='bbox 960 4230 1093 4290; x_wconf 89' lang='lat' dir='ltr'><strong>aliis</strong></span> <span class='ocrx_word' id='word_1_496' title='bbox 1132 4228 1374 4305; x_wconf 86' lang='lat' dir='ltr'><strong>dederit,</strong></span> <span class='ocrx_word' id='word_1_497' title='bbox 1416 4239 1484 4289; x_wconf 89' lang='lat' dir='ltr'><strong>ut</strong></span> <span class='ocrx_word' id='word_1_498' title='bbox 1526 4249 1680 4309; x_wconf 81' lang='lat' dir='ltr'><strong>saepe</strong></span> <span class='ocrx_word' id='word_1_499' title='bbox 1721 4228 1904 4290; x_wconf 84' lang='lat' dir='ltr'><strong>verba</strong></span> <span class='ocrx_word' id='word_1_500' title='bbox 1937 4227 2150 4288; x_wconf 85' lang='lat' dir='ltr'><strong>similia</strong></span> <span class='ocrx_word' id='word_1_501' title='bbox 2180 4226 2446 4304; x_wconf 79' lang='lat' dir='ltr'><strong>usurpari</strong></span> <span class='ocrx_word' id='word_1_502' title='bbox 2487 4226 2677 4286; x_wconf 90' lang='lat' dir='ltr'><strong>solent</strong></span> <span class='ocrx_word' id='word_1_503' title='bbox 2722 4225 2786 4283; x_wconf 86' lang='lat' dir='ltr'><strong>in</strong></span> 
     </span>
    </p>

    <p class='ocr_par' dir='ltr' id='par_1_8' title="bbox 422 4309 691 4369">
     <span class='ocr_line' id='line_1_50' title="bbox 422 4309 691 4369; baseline 0.004 -1"><span class='ocrx_word' id='word_1_504' title='bbox 422 4309 504 4368; x_wconf 89' lang='lat' dir='ltr'><strong>cri</strong></span> <span class='ocrx_word' id='word_1_505' title='bbox 544 4318 691 4369; x_wconf 86' lang='lat' dir='ltr'><strong>tura.</strong></span> 
     </span>
    </p>

    <p class='ocr_par' dir='ltr' id='par_1_9' title="bbox 372 4329 2788 4710">
     <span class='ocr_line' id='line_1_51' title="bbox 455 4329 2788 4466; baseline -0.003 -18"><span class='ocrx_word' id='word_1_506' title='bbox 455 4329 745 4449; x_wconf 71' lang='lat' dir='ltr'>XPXVII.</span> <span class='ocrx_word' id='word_1_507' title='bbox 788 4389 955 4450; x_wconf 89' lang='lat' dir='ltr'><strong>Licet</strong></span> <span class='ocrx_word' id='word_1_508' title='bbox 998 4387 1177 4466; x_wconf 87' lang='lat' dir='ltr'><strong>Deus,</strong></span> <span class='ocrx_word' id='word_1_509' title='bbox 1221 4389 1372 4450; x_wconf 84' lang='lat' dir='ltr'><strong>Gen.</strong></span> <span class='ocrx_word' id='word_1_510' title='bbox 1414 4388 1579 4448; x_wconf 85' lang='lat' dir='ltr'><strong>xviii.</strong></span> <span class='ocrx_word' id='word_1_511' title='bbox 1622 4391 1722 4448; x_wconf 81' lang='lat'><strong>21.</strong></span> <span class='ocrx_word' id='word_1_512' title='bbox 1749 4395 1994 4448; x_wconf 85' lang='lat' dir='ltr'><strong>testetur</strong></span> <span class='ocrx_word' id='word_1_513' title='bbox 2033 4405 2097 4447; x_wconf 83' lang='lat' dir='ltr'><strong>se</strong></span> <span class='ocrx_word' id='word_1_514' title='bbox 2138 4384 2487 4446; x_wconf 85' lang='lat' dir='ltr'><strong>descendere</strong></span> <span class='ocrx_word' id='word_1_515' title='bbox 2513 4384 2668 4444; x_wconf 80' lang='lat' dir='ltr'><strong>velle</strong></span> <span class='ocrx_word' id='word_1_516' title='bbox 2708 4383 2788 4442; x_wconf 85' lang='lat' dir='ltr'><strong>ad</strong></span> 
     </span>
     <span class='ocr_line' id='line_1_52' title="bbox 372 4467 2786 4548; baseline -0.002 -21"><span class='ocrx_word' id='word_1_517' title='bbox 372 4468 710 4548; x_wconf 82' lang='lat' dir='ltr'><strong>videndum,</strong></span> <span class='ocrx_word' id='word_1_518' title='bbox 759 4489 835 4528; x_wconf 90' lang='lat' dir='ltr'><strong>an</strong></span> <span class='ocrx_word' id='word_1_519' title='bbox 878 4470 1097 4530; x_wconf 83' lang='lat' dir='ltr'><strong>clamor</strong></span> <span class='ocrx_word' id='word_1_520' title='bbox 1141 4469 1411 4530; x_wconf 69' lang='lat' dir='ltr'><strong>Sodomae</strong></span> <span class='ocrx_word' id='word_1_521' title='bbox 1454 4467 1560 4547; x_wconf 81' lang='lat' dir='ltr'><strong>qui&#39;</strong></span> <span class='ocrx_word' id='word_1_522' title='bbox 1598 4469 1676 4528; x_wconf 87' lang='lat' dir='ltr'><strong>ad</strong></span> <span class='ocrx_word' id='word_1_523' title='bbox 1717 4469 1908 4547; x_wconf 88' lang='lat' dir='ltr'><strong>ipsum</strong></span> <span class='ocrx_word' id='word_1_524' title='bbox 1949 4475 2190 4527; x_wconf 87' lang='lat' dir='ltr'><strong>venerat</strong></span> <span class='ocrx_word' id='word_1_525' title='bbox 2234 4485 2411 4526; x_wconf 82' lang='lat' dir='ltr'><strong>verus</strong></span> <span class='ocrx_word' id='word_1_526' title='bbox 2453 4472 2624 4538; x_wconf 85' lang='lat' dir='ltr'><strong>esset,</strong></span> <span class='ocrx_word' id='word_1_527' title='bbox 2667 4483 2786 4522; x_wconf 89' lang='lat' dir='ltr'><strong>non</strong></span> 
     </span>
     <span class='ocr_line' id='line_1_53' title="bbox 374 4543 2784 4629; baseline -0.003 -21"><span class='ocrx_word' id='word_1_528' title='bbox 374 4551 635 4628; x_wconf 88' lang='lat' dir='ltr'><strong>sequitur</strong></span> <span class='ocrx_word' id='word_1_529' title='bbox 682 4569 816 4611; x_wconf 91' lang='lat' dir='ltr'><strong>eum</strong></span> <span class='ocrx_word' id='word_1_530' title='bbox 856 4558 1029 4610; x_wconf 85' lang='lat' dir='ltr'><strong>antea</strong></span> <span class='ocrx_word' id='word_1_531' title='bbox 1068 4551 1369 4629; x_wconf 86' lang='lat' dir='ltr'><strong>ignorasse</strong></span> <span class='ocrx_word' id='word_1_532' title='bbox 1394 4550 1585 4628; x_wconf 86' lang='lat' dir='ltr'><strong>qualis</strong></span> <span class='ocrx_word' id='word_1_533' title='bbox 1626 4559 1686 4609; x_wconf 87' lang='lat' dir='ltr'><strong>et</strong></span> <span class='ocrx_word' id='word_1_534' title='bbox 1725 4557 1942 4626; x_wconf 65' lang='lat' dir='ltr'><strong>quanm</strong></span> <span class='ocrx_word' id='word_1_535' title='bbox 1981 4555 2134 4608; x_wconf 88' lang='lat' dir='ltr'><strong>e&#39;sset</strong></span> <span class='ocrx_word' id='word_1_536' title='bbox 2173 4546 2342 4607; x_wconf 87' lang='lat' dir='ltr'><strong>istius</strong></span> <span class='ocrx_word' id='word_1_537' title='bbox 2381 4545 2636 4605; x_wconf 85' lang='lat' dir='ltr'><strong>civitatis</strong></span> <span class='ocrx_word' id='word_1_538' title='bbox 2677 4543 2784 4600; x_wconf 89' lang='lat' dir='ltr'><strong>im-</strong></span> 
     </span>
     <span class='ocr_line' id='line_1_54' title="bbox 375 4625 2788 4710; baseline -0.003 -22"><span class='ocrx_word' id='word_1_539' title='bbox 375 4629 579 4709; x_wconf 71' lang='lat' dir='ltr'><strong>pietas,</strong></span> <span class='ocrx_word' id='word_1_540' title='bbox 622 4631 759 4710; x_wconf 88' lang='lat' dir='ltr'><strong>quia</strong></span> <span class='ocrx_word' id='word_1_541' title='bbox 794 4629 917 4710; x_wconf 86' lang='lat' dir='ltr'><strong>jam</strong></span> <span class='ocrx_word' id='word_1_542' title='bbox 963 4631 1207 4708; x_wconf 78' lang='lat' dir='ltr'><strong>dixerat,</strong></span> <span class='ocrx_word' id='word_1_543' title='bbox 1242 4631 1567 4692; x_wconf 80' lang='lat' dir='ltr'><strong>Clamorem</strong></span> <span class='ocrx_word' id='word_1_544' title='bbox 1609 4631 1872 4690; x_wconf 72' lang='lat' dir='ltr'><strong>Sodom</strong></span> <span class='ocrx_word' id='word_1_545' title='bbox 1909 4639 1963 4688; x_wconf 74' lang='lat' dir='ltr'><strong>et</strong></span> <span class='ocrx_word' id='word_1_546' title='bbox 1993 4629 2328 4690; x_wconf 71' lang='lat' dir='ltr'><strong>Gomorrhoe</strong></span> <span class='ocrx_word' id='word_1_547' title='bbox 2365 4625 2788 4701; x_wconf 72' lang='lat' dir='ltr'><strong>nucui&#39;plicatum</strong></span> 
     </span>
    </p>
   </div>
  </div>
 </body>
</html>
