3300 5225
376 319 603 368 Qun-:sn
632 301 747 383 1x.]
1316 348 1334 363 .
1373 326 1451 364 ns
1480 325 1752 366 Axenus
2659 310 2774 367 509

370 461 633 519 Judicem
662 462 823 519 totius
852 472 1034 538 terroe,
1066 484 1123 523 v,
1156 466 1251 523 25.
1325 466 1473 525 Gen.
1503 466 1692 524 xxxii.
1717 464 1984 542 Angelus
2001 466 2099 542 qui
2118 466 2368 523 luctatur
2396 485 2526 523 cum
2548 467 2773 527 Jacobo

375 540 536 599 Deus
564 541 673 599 fuit
700 561 775 599 ex
808 543 986 601 Hose.
1018 543 1119 603 xii.
1151 548 1206 620 4,
1236 545 1337 603 ubi
1366 545 1576 604 dicitur
1603 546 1794 605 Jacob
1811 545 2128 621 principem
2148 566 2206 603 se
2228 546 2456 621 yemis-se
2485 566 2608 604 cum
2625 550 2770 623 Dee,

371 620 527 697 quod
553 640 765 679 nomen
794 622 1025 681 Israe'lis
1053 623 1366 700 confirmat,
1399 632 1458 684 et
1484 625 1810 684 benedictio
1831 644 2004 702 quam
2032 624 2106 684 ab
2133 624 2258 701 ipso
2286 625 2556 701 postulat,
2588 635 2646 684 et
2673 627 2769 685 de-

371 700 687 759 nominatio
714 700 829 760 loci
870 704 1001 763 bat-⁴³2
1018 704 1225 779 Pem'el,
1250 705 1387 781 quia
1412 705 1613 763 vidisse
1640 705 1852 763 dicitur
1868 707 2058 762 Deum
2067 706 2228 778 facie
2247 706 2569 779 adfaciem,
2595 726 2651 765 v.
2673 709 2769 766 30.

371 780 520 838 Gen.
552 780 737 839 xlviii.
773 784 863 857 16,
908 783 1097 842 Jacob
1124 784 1379 860 loquitur
1419 784 1491 843 de
1521 783 1756 861 Angelo
1800 784 1962 859 Goe'l,
1995 785 2096 861 qui
2137 804 2267 842 eum
2306 784 2380 842 ab
2422 784 2578 842 omni
2619 786 2772 843 malo

368 859 654 934 liberavit,
685 868 744 919 et
772 880 805 919 a
832 882 947 939 quo
964 862 1423 923 benedictionem
1446 862 1754 923 salutarem
1775 864 1920 940 petit
1946 883 2050 940 pro
2078 863 2214 922 filiis
2234 863 2278 923 J
2280 864 2497 939 osephi,
2528 865 2628 941 qui
2655 885 2772 923 non

368 947 559 1014 potest
585 940 734 999 alius
762 960 906 1017 esse,
938 961 1110 1019 quam
1138 942 1442 1002 increatus.
1527 943 1571 1003 J
1573 964 1656 1001 oe.
1686 964 1744 1001 v.
1780 946 1871 1017 14,
1903 943 1947 1002 J
1950 950 2089 1001 osne
2117 942 2318 1001 adorat
2345 941 2640 1019 Angelum
2682 945 2768 1002 in-
2829 974 2832 979 ·

368 1026 639 1093 creatum,
671 1019 807 1096 quia
847 1019 1059 1080 dicitur
1084 1022 1357 1099 Princeps
1404 1024 1613 1081 militia
1650 1025 1897 1097 Jehovoe,
1929 1021 2086 1098 quod
2132 1022 2347 1080 nemini
2387 1022 2499 1081 nisi
2541 1022 2771 1082 Christo

370 1098 659 1171 convenit,
690 1100 789 1175 qui
834 1100 1021 1177 Caput
1061 1110 1149 1160 est
1191 1100 1552 1179 Angelorum
1599 1110 1658 1161 et
1699 1101 2012 1175 hominum,
2048 1099 2232 1177 Apoc.
2277 1102 2402 1161 xix,
2448 1104 2540 1176 11,
2577 1106 2667 1177 12,
2713 1113 2773 1163 et

362 1176 603 1252 jubetur
642 1177 686 1236 J
688 1183 826 1237 osue'
868 1180 1094 1238 solvere
1143 1182 1530 1241 calceamenta
1574 1180 1647 1239 ob
1692 1181 2054 1258 praesentiam
2092 1180 2378 1255 Numinis,
2415 1181 2573 1257 quod
2615 1183 2769 1241 Mosi

368 1256 698 1333 praecipitur
724 1258 783 1315 in
812 1258 1034 1318 visione
1066 1260 1194 1335 Dei,
1226 1260 1417 1318 Exod.
1447 1261 1528 1318 iii.

454 1334 714 1394 XXIII.
758 1338 981 1413 Septem
1006 1340 1250 1414 Spiritm
1279 1338 1351 1397 de
1379 1340 1591 1416 quibus
1618 1340 1810 1416 agitur
1851 1337 2038 1416 Apoc.
2072 1338 2107 1397 i.
2139 1342 2193 1413 4,
2239 1358 2354 1396 non
2397 1348 2531 1398 sunt
2572 1340 2765 1411 creati,

372 1413 474 1471 sed
508 1414 755 1491 Spiritus
787 1417 1051 1491 Sanetus,
1084 1418 1184 1494 qui
1213 1418 1287 1477 ob
1316 1418 1696 1495 multiplicem
1724 1418 2004 1475 donorum
2034 1418 2372 1477 varietatem
2401 1427 2460 1476 et
2487 1419 2665 1477 relate
2694 1418 2768 1476 ad

372 1501 593 1569 septem
623 1494 917 1555 Ecclesiae
945 1496 1254 1573 Asiaticae,
1286 1497 1499 1574 quibus
1528 1497 1936 1557 communicari
1965 1496 2180 1569 debuit,
2213 1497 2294 1555 ita
2320 1506 2577 1556 vocatur.
2657 1497 2768 1555 Pa·-

368 1581 452 1631 tet
486 1576 536 1631 1.
568 1574 705 1650 quia
730 1575 793 1632 in.
820 1574 1020 1635 eodem
1051 1576 1249 1635 ordine
1279 1577 1635 1635 collocantur
1662 1595 1792 1635 cum
1822 1577 1994 1635 Patre
2023 1584 2081 1634 et
2110 1575 2264 1633 Filio
2293 1576 2352 1633 in
2382 1576 2764 1650 invocatione,

369 1672 472 1728 per
500 1672 672 1729 quam
700 1656 916 1730 petitur
957 1657 1152 1731 qratia
1180 1666 1233 1713 et
1246 1676 1381 1731 pax
1410 1655 1706 1731 EcclesiiS,
1755 1655 1833 1713 id.
1874 1656 2180 1731 omnigena
2224 1655 2565 1729 benedictiO,
2613 1656 2770 1731 quod

372 1732 481 1789 soli
510 1730 639 1790 Deo
668 1736 975 1811 competit;
1020 1739 1076 1793 2.
1110 1736 1530 1813 Praeponuntur
1558 1735 1670 1811 ipsi
1701 1735 1852 1793 Filio
1879 1754 1994 1792 non
2024 1735 2099 1792 ob
2137 1735 2500 1809 prioritatem
2526 1743 2765 1809 namroe,

370 1812 465 1868 vel
494 1812 941 1872 anterioritatem
970 1814 1187 1873 ordinis
1216 1815 1520 1889 existendi,
1554 1815 1659 1873 sed
1685 1822 1806 1873 tum
1829 1815 1903 1872 ob
1932 1814 2290 1873 oeconomiam
2319 1813 2490 1872 officii
2518 1834 2553 1871 a
2575 1814 2766 1873 Chris-

368 1900 428 1949 to
459 1892 726 1968 suscepti,
758 1893 858 1969 qui
885 1893 1280 1953 consideratur
1304 1902 1370 1953 ut
1396 1894 1814 1971 primogenitus
1843 1914 1878 1952 a
1913 1894 2170 1968 mortuis,
2218 1892 2319 1970 qui
2365 1902 2602 1971 peccata
2637 1913 2766 1953 suo-

367 1990 493 2028 rum
527 1969 674 2029 lavit
715 1990 819 2030 suo
862 1972 1159 2049 sanguine,
1204 1994 1261 2032 v.
1307 1976 1361 2047 5,
1408 1976 1462 2047 6,
1506 1980 1629 2031 tum
1673 1973 1748 2030 ob
1791 1973 1996 2031 seriem
2037 1974 2344 2031 verborum
2385 1975 2766 2050 sequentium,

366 2069 495 2125 quae
526 2049 598 2108 de
628 2050 855 2109 Christo
884 2060 1084 2129 agunt.
1169 2052 1292 2111 Nec
1321 2053 1371 2110 si
1413 2050 1684 2110 dicuntur
1715 2052 1962 2127 Spiritus
2006 2052 2103 2109 isti
2141 2071 2266 2110 esse
2312 2062 2441 2109 ante
2489 2055 2764 2129 thronum,

367 2128 627 2204 sequitur
653 2149 753 2188 eos
781 2150 907 2190 esse
936 2130 1231 2191 inferiores
1262 2132 1405 2206 DcO,
1437 2132 1573 2207 quia
1600 2140 1659 2189 et
1685 2131 1808 2207 ipse
1840 2130 2026 2189 Filius
2069 2131 2170 2206 qui
2198 2138 2285 2189 est
2314 2129 2557 2206 ὄμοοὺο-ιος
2588 2132 2764 2207 Patri,

366 2208 577 2267 dicitur
602 2218 755 2267 stare
782 2219 911 2269 ante
939 2212 1213 2284 thronum,
1246 2210 1561 2269 secundum
1590 2218 1804 2268 certam
1833 2210 2014 2285 σχέο-ιν,
2047 2209 2202 2286 Apo,
2231 2228 2289 2268 v.
2322 2214 2376 2283 6,
2420 2211 2522 2286 qui
2563 2230 2764 2269 secun-

366 2287 503 2346 dum
534 2288 705 2346 aliam
732 2309 848 2346 non
877 2288 1088 2348 desinit
1117 2289 1316 2348 sedere
1343 2290 1403 2347 in
1426 2290 1550 2366 ipso
1580 2290 1805 2363 throno,
1839 2290 2026 2365 Apoc.
2055 2288 2135 2347 iv.
2165 2292 2221 2363 2,
2254 2289 2358 2347 sed
2385 2297 2609 2349 tantum
2652 2290 2762 2347 dis-

366 2368 553 2425 tinctio
571 2370 891 2442 personalt's
918 2389 953 2427 a
983 2369 1152 2428 Patre
1182 2369 1456 2427 innuitur.
1542 2367 1715 2425 Adde
1745 2368 1901 2443 quod
1929 2367 2088 2426 aliud
2129 2376 2218 2426 est
2259 2386 2387 2427 esse
2429 2377 2563 2427 ante
2605 2369 2760 2427 thro-

370 2466 505 2503 num
536 2445 653 2505 num-⁹
679 2449 857 2523 οὖα-ὼν,
888 2447 1047 2506 aliud
1072 2452 1210 2507 κατὰ
1230 2450 1487 2529 <varicum
1514 2448 1573 2504 in
1601 2447 1822 2505 visione
1855 2445 2216 2524 Prophetica.

450 2526 699 2586 XXIV.
746 2528 1068 2586 Diversitas
1096 2528 1454 2587 excellentiae
1482 2527 1872 2603 subjectorum
1900 2526 2157 2603 postulat
2183 2525 2415 2603 quidem
2458 2525 2759 2585 diversita-

366 2613 481 2664 tem
512 2607 702 2666 cultus
724 2631 738 2682 3
785 2608 887 2666 sed
914 2628 1031 2666 non
1058 2606 1451 2667 diversitatem
1481 2606 1671 2666 cultus
1698 2605 1957 2683 religiosi
1979 2629 1994 2682 ;
2039 2625 2172 2664 nam
2199 2614 2268 2665 ut
2293 2605 2403 2664 iste
2430 2606 2609 2665 habet
2635 2615 2760 2666 tan-

364 2693 487 2744 tum
516 2707 619 2763 pro
648 2687 877 2764 objecto
904 2689 1304 2748 excellentiam
1333 2687 1614 2746 infinitam
1641 2695 1703 2745 et
1739 2686 2069 2760 increatam,
2101 2705 2218 2744 non
2243 2693 2434 2763 potest
2461 2705 2588 2745 esse
2615 2686 2761 2745 mul-

366 2765 565 2842 tiplex,
598 2767 701 2824 sed
729 2767 933 2826 unicus
962 2787 1089 2826 esse
1118 2767 1307 2827 debet.

446 2845 662 2905 XXV.
697 2847 891 2906 C'ultus
918 2847 1106 2922 civilis,
1138 2847 1233 2906 vel
1262 2846 1456 2906 stricte
1479 2845 1690 2904 dicitur
1716 2865 1820 2922 pro
1849 2863 1935 2920 e0,
1967 2845 2067 2922 qui
2093 2853 2210 2903 tam
2239 2845 2558 2920 causaliter,
2590 2865 2762 2921 quam

346 2926 693 3000 formaliter,
725 2927 803 2985 id.
833 2935 953 2986 tam
980 2927 1199 2986 ratione
1228 2946 1433 3000 causae,
1468 2944 1641 3003 quam
1671 2924 1892 2983 ratione
1919 2924 2093 2998 modi,
2119 2923 2252 2982 talis
2279 2931 2384 2999 est,
2404 2924 2506 3001 qu‘1
2531 2933 2764 3001 propter

365 3023 567 3063 causas
597 3025 749 3064 mere
777 3006 981 3065 civiles
1010 3007 1279 3082 defertur,
1310 3005 1407 3064 vel
1432 3007 1547 3064 late
1575 3024 1681 3083 pro
1709 3023 1795 3080 eo,
1827 3004 1928 3081 qui
1956 3013 2044 3062 est
2083 3012 2306 3063 tantum
2335 3003 2527 3062 civilis
2567 3013 2756 3082 poste-

362 3081 500 3140 riori
528 3102 716 3160 sensu,
747 3094 919 3162 prout
946 3086 1320 3164 distinguitur
1348 3105 1383 3144 a
1409 3084 1700 3162 religiOSO,
1732 3103 1847 3160 quo
1877 3103 2048 3142 sensu
2076 3083 2348 3142 tribuitur
2377 3083 2642 3160 Angelis.
