3300 5225
347 278 571 332 cums-r.
603 260 693 342 x.]
1325 278 1403 321 ns
1433 278 1777 323 sommum.
2688 270 2762 325 97

432 422 517 481 II.
576 422 852 481 Teoetuum
902 419 1281 497 oriqinazium
1325 421 1575 495 nomine,
1626 438 1744 480 non
1785 418 2163 497 intelligimus
2217 420 2345 498 ipsa
2383 421 2758 503 Autoqrapha

346 521 523 561 manu
552 502 755 577 Mosis,
787 501 1203 578 Prophetarum
1230 507 1291 559 et
1318 499 1734 577 Apostolorum
1761 508 2017 576 exarata,
2059 519 2189 579 quoe
2231 501 2546 561 desiderari
2586 505 2758 565 hodie

346 590 589 642 constat.
686 580 805 641 Sed
844 598 1041 640 eorum
1080 580 1453 657 Apoyrapha,
1499 598 1631 657 quse
1687 598 1756 638 eo
1802 580 2034 638 nomine
2077 580 2334 656 veniunt,
2381 583 2519 659 quia
2563 586 2756 677 expri-

344 669 511 722 munt
536 660 707 721 nobis
734 660 993 719 Verbum
1021 659 1167 717 illud
1197 660 1309 718 Dei
1336 660 1453 718 illis
1480 660 1623 735 ipsis
1665 659 1858 718 verbis
1886 658 2097 735 quibus
2141 660 2464 739 Scriptores
2504 682 2652 722 sacri
2693 664 2756 723 id

343 741 758 819 consignarunt
786 739 894 798 sub
922 738 1253 797 immediata
1280 738 1654 816 inspiratione
1685 738 1934 815 Spiritus
1968 739 2028 797 S.

424 820 546 879 ΙΙΙ.
590 820 721 879 Non
750 819 1040 896 quaeritur,
1072 818 1173 877 An
1217 818 1405 877 fontes
1448 820 1529 875 ita
1567 818 1684 876 sint
1728 818 1874 894 puri,
1905 826 1972 876 ut
2003 818 2166 877 nulla
2213 819 2422 879 menda
2448 821 2508 878 in
2535 822 2751 883 multos

342 898 583 958 Codices
613 918 805 957 sacros
832 898 1179 974 irrepserint,
1210 898 1307 955 vel
1334 907 1655 973 temporum
1699 896 1927 973 injuria,
1957 898 2053 955 vel
2101 896 2465 959 librariorum
2508 901 2746 979 incuria,

338 987 440 1037 aut
464 978 686 1037 malitia
712 979 756 1037 J
756 977 1052 1036 udseorum
1079 985 1180 1035 aut
1209 976 1666 1050 Haereticorum3
1713 976 1846 1033 Hoc
1889 976 2043 1035 enim
2087 978 2358 1053 utrinque
2403 988 2493 1038 est
2519 980 2580 1039 in
2608 1001 2743 1040 con·

337 1057 509 1133 fessO,
538 1066 599 1117 et
637 1058 827 1117 Varioe
852 1057 1157 1131 Lectiones,
1188 1074 1333 1132 quas
1370 1054 1626 1114 studiose
1655 1055 2034 1113 observarunt
2061 1058 2218 1113 Besa
2246 1065 2304 1115 et
2333 1057 2404 1115 R.
2435 1062 2746 1135 Stephanus

337 1136 399 1195 in
426 1137 665 1211 GraeciS,
713 1144 773 1196 et
814 1136 875 1193 in
906 1135 1173 1195 Hebraeis
1216 1135 1261 1194 J
1263 1134 1431 1209 udsei,
1478 1134 1623 1193 satis
1666 1134 1777 1193 hoc
1819 1142 2121 1193 testantur.
2207 1134 2342 1210 Sed,
2391 1137 2490 1195 An
2519 1139 2742 1199 Textus

337 1214 663 1294 originales
692 1216 815 1275 sive
845 1214 1087 1273 Codices
1118 1214 1353 1272 Hebraei
1380 1222 1441 1272 et
1470 1213 1680 1287 Graeci,
1729 1214 1812 1272 ita
1855 1214 1972 1271 sint
1999 1214 2252 1291 corrupti
2279 1214 2403 1274 sive
2429 1234 2468 1275 a
2491 1216 2742 1279 librariis

332 1312 437 1373 per
461 1296 756 1371 incuriam,
788 1294 911 1353 sive
939 1314 976 1352 a
1001 1295 1045 1353 J
1048 1292 1229 1352 udaeis
1257 1302 1316 1351 et
1344 1292 1652 1352 Haereticis
1679 1311 1781 1369 per
1807 1292 2104 1367 malitiam,
2133 1302 2199 1352 ut
2225 1311 2342 1351 non
2367 1295 2594 1371 possint
2617 1316 2738 1355 am-

330 1375 486 1451 plius
528 1375 749 1435 censeri
794 1374 995 1433 Judex
1024 1373 1573 1445 Controversiarum,
1622 1382 1680 1431 et
1709 1372 1927 1431 Norma
1967 1371 2042 1430 ad
2071 1392 2244 1449 quam
2273 1392 2472 1433 omnes
2499 1377 2736 1435 omnino

333 1454 645 1514 Versiones
673 1454 790 1514 sint
815 1452 1137 1531 exigendae.
1222 1451 1531 1511 Affirmant
1560 1450 1884 1527 Pontificii3
1931 1452 2054 1510 Nos
2081 1471 2378 1529 negamus.

413 1534 523 1594 IV.
568 1535 699 1595 Non
726 1553 927 1593 omnes
964 1542 1157 1592 tamen
1188 1531 1477 1591 Pontificii
1516 1532 1575 1588 in
1616 1551 1686 1590 ea
1723 1540 1860 1591 sunt
1895 1530 2220 1591 sententia:
2263 1542 2400 1591 sunt
2435 1533 2588 1593 enim
2616 1554 2734 1594 non

326 1615 497 1691 pauci
528 1633 675 1691 quos
701 1614 1113 1672 Hebrai'zantes
1140 1620 1368 1687 vocant,
1404 1610 1504 1689 qui
1533 1610 1780 1691 fontium
1810 1611 2118 1688 puritatem
2157 1622 2536 1689 agnoverunt,
2568 1623 2628 1673 et
2655 1634 2732 1675 ex

325 1693 583 1829 p'rhofesso
604 1694 778 1785 etiam
804 1699 1256 1785 propugnarunt,
1285 1700 1352 1784 ut
1368 1692 1563 1750 St'aeuoe
1579 1690 1866 1783 Senensis,
1885 1690 2044 1784 Bibli
2075 1691 2136 1750 S.
2165 1691 2204 1750 1.
2235 1693 2310 1783 βς
2340 1694 2571 1785 pamm
2594 1694 2660 1788 in
2688 1698 2718 1755 1

321 1792 617 1910 afflui·
648 1780 893 1927 ’150ᾙί
907 1769 1909 1927 &sismusinum
1933 1770 2440 1925 fflffzssfkssg'hz
2463 1774 2725 1930 m:

321 1938 524 1991 contra
565 1928 929 2006 Lindanum3
985 1931 1118 1987 Jac.
1162 1930 1516 2003 Romi-erius,
1560 1929 1622 1986 in
1665 1929 1912 2007 Praeloq.
1954 1928 2016 1987 in
2057 1930 2240 2006 Scrip.
2275 1930 2334 1989 S.
2367 1950 2416 1989 c.
2447 1933 2549 1992 xii.
2581 1934 2616 2008 ξ
2647 1938 2721 2011 5;

319 2010 547 2069 Simeon
573 2012 643 2067 de
667 2009 840 2082 Mais,
871 2008 1059 2084 Epist.
1088 2008 1162 2065 de
1188 2008 1329 2066 veri.
1362 2006 1515 2065 Heb.
1543 2027 1602 2085 p.
1636 2010 1729 2082 17,
1759 2015 1818 2067 et
1844 2008 1945 2066 alii
1971 2026 2088 2065 non
2115 2009 2303 2085 pauci.
2374 2009 2594 2070 Verum
2621 2014 2723 2072 alii

317 2108 395 2146 ex
417 2087 681 2165 opposito
698 2086 1121 2163 corruptionem
1147 2085 1389 2144 fontium
1418 2094 1629 2162 urgent
1655 2086 1878 2161 acriter,
1907 2094 1976 2146 ut
1999 2088 2373 2162 Summanus,
2404 2090 2718 2167 Lindanus,

323 2167 533 2242 Canus,
562 2165 845 2241 Cosmus,
875 2166 1154 2239 Mor-inm,
1183 2166 1511 2239 Per-ronias,
1537 2164 1858 2237 Gor-donus,
1889 2175 1949 2225 et
1975 2165 2102 2224 sim.
2165 2166 2314 2224 Sunt
2341 2167 2442 2243 qui
2469 2170 2718 2228 mediam

316 2246 475 2304 viam
500 2253 824 2323 sequentes,
854 2244 1059 2303 nolunt
1084 2244 1317 2322 quidem
1344 2262 1600 2302 asserere
1628 2252 1928 2320 corruptos
1955 2262 2081 2303 esse
2103 2243 2324 2320 fontes3
2356 2246 2576 2305 interea
2601 2268 2719 2308 non

315 2344 386 2384 ea
410 2326 659 2404 puritate
687 2332 747 2385 et
784 2324 1117 2401 integritate
1143 2322 1321 2382 fluere
1348 2331 1629 2398 asserunt,
1661 2329 1728 2381 ut
1763 2322 1956 2381 omnia
1991 2322 2052 2380 in
2079 2324 2462 2384 Versionibus
2500 2326 2576 2384 ad
2617 2348 2716 2387 eos

313 2405 632 2464 examinari
668 2415 729 2466 et
754 2403 1047 2462 emendari
1082 2402 1368 2477 debeant3
1411 2421 1542 2479 quoe
1576 2401 1864 2461 sententia
1895 2409 1983 2461 est
2010 2402 2364 2477 Bellamini,
2409 2403 2508 2464 lib.
2539 2406 2598 2465 ii.
2641 2408 2716 2467 de

313 2484 511 2544 Verbo
542 2484 669 2560 Dei,
703 2505 752 2544 c.
782 2482 842 2542 ii.
871 2484 973 2560 qui
999 2483 1109 2541 hac
1135 2482 1197 2540 in
1221 2490 1385 2560 parte
1412 2500 1615 2559 parum
1657 2480 1770 2539 sibi
1796 2490 2076 2557 constare,
2106 2491 2172 2542 ut
2205 2502 2320 2540 non
2349 2484 2526 2543 semel
2551 2486 2712 2563 alibi,

309 2563 383 2624 de
422 2565 773 2625 rehenditur.

308 2584 484 2730 Foftes
502 2699 598 2729 non
628 2697 730 2730 esne
868 2643 947 2702 V.
978 2643 1196 2704 Fontes
1223 2663 1339 2737 non
1368 2662 1495 2702 esse
1514 2651 1816 2722 corruptos
1842 2642 2075 2719 evincit,
2111 2645 2170 2737 ¹:
2191 2643 2559 2706 Providentia
2575 2649 2707 2723 Da’,

362 2745 641 2870 w·
682 2800 729 2845 ..
785 2742 896 2862 ιιι
910 2722 2708 2880 &timimqu⁰3ff²ss⁸t¹33211¹113¹3223332552233÷.v53

360 2857 688 2904 Provfflontm.
784 2881 959 2942 finem
980 2882 1183 2942 mundi
1208 2891 1275 2942 ut
1301 2903 1377 2942 ex
1403 2882 1476 2942 iis
1502 2903 1670 2960 aquae
1699 2883 1977 2943 salutares
2002 2883 2384 2958 haurirentur,
2408 2883 2492 2943 ita
2510 2884 2706 2945 falsari

300 2962 509 3023 sivisse
552 2971 617 3023 ut
656 2961 733 3020 ad
770 2962 927 3020 hunc
952 2961 1127 3020 finem
1155 2962 1335 3040 inepti
1375 2969 1587 3021 essent.
1672 2963 1751 3021 Et
1791 2982 1922 3022 cum
1961 2981 2128 3022 novae
2161 2963 2546 3023 revelationes
2585 2984 2704 3024 non

300 3042 419 3102 sint
444 3041 815 3120 expectandae
840 3063 855 3116 ;
898 3050 1205 3119 postquam
1234 3043 1397 3116 Deus
1423 3050 1605 3102 totam
1632 3042 1990 3101 voluntatem
2029 3061 2192 3101 suam
2219 3043 2294 3100 de
2322 3043 2586 3103 doctrina
2612 3063 2703 3104 sa·

298 3121 439 3181 lutis
463 3121 629 3181 libris
660 3121 969 3198 Scriptus-se
998 3121 1397 3198 consignavit3
1427 3121 1571 3199 quid
1596 3121 1786 3198 magis
1812 3120 2087 3198 injurium
2109 3121 2255 3196 Deo,
2285 3121 2386 3200 qui
2415 3141 2476 3182 se
2498 3123 2699 3184 Eccle-

298 3199 401 3260 sioe
428 3219 653 3278 semper
688 3199 1021 3258 adfutimm
1046 3200 1324 3276 promisit,
1355 3219 1528 3278 quam
1566 3219 1824 3260 asserere
1863 3221 2098 3278 passum
2135 3221 2280 3276 esse,
2309 3209 2376 3261 ut
2410 3201 2545 3261 libri
2571 3205 2698 3280 qui-

166 3277 185 3304 ⁰
295 3279 409 3340 bus
450 3281 575 3339 haec
614 3279 878 3339 doctrina
924 3277 1263 3354 continetur,
1309 3280 1563 3358 corrupti
1606 3279 1724 3339 sint
1763 3288 2002 3340 eatenus
2044 3288 2110 3339 ut
2148 3300 2266 3338 non
2307 3282 2532 3358 possint
2571 3302 2699 3343 esse

353 3425 575 3471 m...
594 3425 744 3473 fideu—
774 3357 1293 3498 3223ssssssss
1316 3359 2699 3514 ffiffssff.‘itss⁸3ss²fflff:ssffsi‘gn¹ff¹ffl3

474 3487 594 3531 ω’·
774 3538 1000 3597 semper
1026 3517 1339 3577 Christiani
1374 3517 1436 3574 in
1472 3517 1535 3574 id
1562 3517 1943 3592 incubuerint,
1972 3525 2040 3575 ut
2077 3535 2302 3576 sacrum
2329 3516 2441 3576 hoc
2467 3517 2694 3594 deposi-

292 3602 418 3655 tum
444 3597 845 3657 intemeratum
872 3604 1186 3671 servarent,
1210 3595 1485 3655 credibile
1510 3614 1629 3653 non
1656 3603 1747 3654 est
1772 3614 1875 3654 eos
1894 3595 1992 3654 vel
2017 3594 2164 3654 illud
2184 3593 2442 3670 falsasse,
2463 3596 2562 3654 vel
2587 3595 2692 3656 fal-

774 3676 889 3734 sari
916 3696 952 3735 a
977 3695 1269 3755 quoquam
1295 3674 1641 3753 permisisse.
1699 3676 1759 3732 3.
1785 3675 2124 3734 Judaeorum
2149 3673 2389 3750 Reliqio,
2412 3674 2513 3752 qui
2541 3675 2694 3737 circa

322 3737 599 3810 ³¹²de
620 3741 729 3787 ²⁰¹²·
774 3754 1017 3814 Codices
1058 3773 1252 3814 sacros
1290 3773 1505 3831 magna
1530 3752 1647 3812 fide
1687 3760 1748 3813 et
1777 3752 2080 3830 diligentia
2117 3752 2194 3812 ad
2227 3754 2690 3830 superstitionem

458 3811 614 3857 ΜΘ·
770 3853 957 3910 usque
994 3834 1213 3893 versati
1254 3841 1421 3909 sunt3
1482 3832 1639 3891 Hine
1680 3833 1976 3910 Josqofflae,
2018 3831 2120 3892 lib.
2163 3832 2224 3892 ii.
2269 3842 2448 3892 contr.
2475 3836 2684 3912 Appeb.

200 3947 209 3954 ·
285 3916 421 3989 post
447 3910 771 3970 seculorum
792 3912 1115 3988 decursum,
1142 3913 1429 3973 neminem
1456 3911 1540 3972 ait
1564 3931 1770 3972 ausum
1795 3931 1873 3971 ex
1895 3911 2144 3990 propriis
2161 3912 2208 3972 J
2209 3912 2504 3973 udaeorurn
2522 3915 2689 3976 libris

285 3988 597 4067 quicquam
624 3990 721 4049 vel
749 3991 979 4067 addere,
1008 3991 1107 4051 vel
1133 3992 1378 4066 demere,
1408 3992 1504 4052 vel
1532 3991 1852 4066 immutare,
1883 3999 2056 4070 atque
2084 3991 2229 4052 adeo
2256 3991 2516 4052 innatum
2545 3994 2688 4072 ipsis

284 4087 415 4128 esse
457 4088 563 4147 pro
595 4070 891 4148 Scriptura
916 4070 1187 4131 decorum
1213 4071 1377 4132 mori.
1459 4072 1627 4132 Philo
1656 4071 1808 4131 libro
1840 4069 1914 4130 de
1949 4091 2189 4148 egressu
2225 4071 2475 4132 filiorum
2505 4072 2686 4134 Isra‘e'l

283 4149 361 4208 ab
381 4149 651 4228 AEgypto
678 4151 905 4227 citatus,
934 4153 1193 4228 Eusebio,
1223 4151 1325 4211 lib.
1354 4152 1474 4211 viii.
1500 4171 1714 4230 praeps.
1745 4152 1972 4228 Evang.
2001 4171 2051 4210 c.
2081 4151 2141 4209 ii.
2169 4151 2412 4210 ulterius
2447 4173 2683 4232 progre-

284 4227 457 4305 ditur,
488 4227 627 4288 dum
668 4231 875 4290 asserit
909 4251 1081 4309 usque
1108 4234 1193 4291 ad
1222 4251 1329 4290 sua
1356 4242 1627 4309 tempora,
1657 4251 1772 4308 per
1806 4233 2050 4308 spatium
2076 4231 2318 4308 amplius
2344 4252 2518 4308 quam
2545 4235 2682 4293 duo-

282 4327 415 4368 rum
453 4309 689 4368 m'llium
713 4330 1010 4387 annorum,
1040 4331 1111 4371 nc
1135 4313 1360 4371 verbum
1386 4313 1609 4388 quidem
1628 4313 1810 4386 fixisse
1837 4312 1896 4370 in
1923 4313 2074 4386 Lege
2099 4312 2472 4370 Hebraeorum
2498 4323 2680 4372 muta·

284 4397 417 4462 mm,
448 4399 503 4448 ct
527 4391 815 4468 quemlibet
840 4393 1109 4450 Judaeum
1136 4392 1333 4450 centies
1364 4393 1557 4467 potius
1583 4391 1934 4465 moriturum,
1966 4409 2138 4467 quam
2161 4400 2226 4448 ut
2240 4399 2542 4467 pateretur
2568 4394 2677 4452 Le-

278 4487 407 4544 9em
432 4469 491 4528 in
516 4470 709 4548 aliquo
734 4471 965 4529 mutari.
1051 4471 1178 4531 Imo
1205 4489 1459 4548 eousque
1484 4470 1729 4530 ridicule
1758 4469 2138 4548 superstitiosi
2173 4469 2679 4548 deprehenduntur

281 4547 435 4606 circa
463 4547 733 4609 Codicern
763 4569 1007 4626 sacrum,
1036 4559 1103 4610 ut
1144 4551 1194 4610 si
1219 4550 1367 4609 liber
1396 4551 1573 4627 Legis
1598 4549 1940 4610 emendatus
1967 4550 2025 4608 ln
2055 4559 2264 4610 terram
2293 4549 2565 4610 ceciderit
2591 4549 2676 4606 in·

2237 4647 2278 4688 e
