3300 5225
563 346 681 403 242
1528 362 1714 405 Locus
1741 360 2010 403 manus.
2551 340 2807 423 [qusr.
2837 360 2991 405 xxv.

565 504 964 641 ‹meuFffivgymba
950 498 1143 579 ,quod
1162 509 1525 562 consummat
1551 520 1700 582 opus
1727 501 1933 611 salutis
1959 502 2292 563 inchoatum
2313 520 2350 561 a
2369 500 2562 579 Patre,
2581 510 2642 563 et
2667 510 2996 581 promotum

568 602 607 642 a
752 603 789 641 o

652 661 848 721 XIII.
894 663 925 719 1
954 661 1084 723 Cor.
1112 660 1216 721 xii.
1246 664 1304 737 4,
1328 663 1384 738 5,
1408 662 1466 722 6.
1498 662 1537 697 “
1559 661 1978 723 Distinctiones
2004 660 2286 721 donorum
2315 661 2509 737 sunt‚''
2537 660 2728 739 inquit
2756 662 2992 738 Paulus,

577 744 614 777 “
642 741 749 801 sed
775 739 929 800 idem
962 739 1245 819 Spiritus3
1288 741 1688 803 distinctiones
1709 741 2174 818 ministeriorum,
2205 740 2308 801 sed
2333 741 2490 800 idem
2519 742 2839 817 Dominus3
2882 741 2996 800 dis-

572 821 882 883 tinctiones
922 822 1335 899 operationum,
1368 822 1652 882 sedidem
1681 823 1842 882 Deus
1884 822 1985 899 qui
2023 831 2293 899 operatur
2331 821 2527 881 omnia
2565 821 2630 879 in
2669 821 2994 880 omnibus.”

576 902 723 961 Cum
750 909 944 961 autem
972 909 1199 961 constet
1224 901 1513 961 neminem
1539 902 1654 961 nisi
1683 901 1874 961 Deum
1915 900 2104 961 solum
2131 920 2303 979 posse
2331 900 2631 961 authorem
2660 920 2790 961 esse
2813 900 2994 959 dono-

576 1002 723 1058 rum,
752 980 1217 1057 ministeriorum,
1248 989 1307 1041 et
1334 982 1750 1059 operationum,
1779 1000 2017 1041 neeesse
2060 989 2152 1041 est
2191 989 2259 1040 ut
2307 980 2574 1059 Spiritus,
2607 981 2909 1056 Dominus,
2939 988 2999 1040 et

578 1062 741 1121 Deus
771 1061 961 1136 Pater,
990 1080 1028 1119 a
1054 1061 1266 1137 quibus
1292 1061 1407 1120 ista
1430 1060 1889 1138 proficiscuntur,
1934 1062 2052 1121 sint
2077 1080 2232 1121 unus
2259 1002 2388 1121 illeP
2391 1060 2572 1120 Deus.
2656 1061 2782 1119 Nec
2809 1068 3000 1137 potest

580 1140 697 1201 dici
724 1160 930 1201 causas
956 1141 1099 1201 istas
1126 1160 1254 1201 esse
1298 1139 1719 1216 subordinatas,
1757 1160 1876 1200 non
1918 1140 2283 1219 principales,
2314 1140 2452 1218 quia
2477 1140 2540 1199 in
2571 1140 2776 1199 eodem
2803 1140 3002 1199 ordine

580 1220 952 1296 collocantur,
983 1229 1044 1279 et
1088 1240 1206 1279 non
1247 1219 1440 1279 minus
1468 1218 1722 1298 Spiritus
1761 1220 1973 1281 dicitur
2012 1220 2356 1281 distribuere
2397 1219 2643 1297 singulis
2678 1231 2852 1297 prout
2875 1220 3006 1279 vult
3119 1220 3130 1227 ‘

579 1299 750 1375 dona,
781 1320 956 1377 quam
1000 1300 1163 1359 Deus
1192 1299 1366 1359 Pater
1406 1300 1614 1359 author
1655 1319 1782 1360 esse
1823 1300 2262 1377 operationum.
2309 1300 2408 1360 Sic
2448 1299 2774 1379 Apostolus
2803 1299 3000 1359 Corin-

582 1379 737 1439 thios
758 1379 831 1441 de
852 1378 1021 1441 donis
1048 1379 1200 1439 inter
1226 1398 1288 1439 se
1314 1379 1629 1472 litigantes
1642 1378 1718 1437 ed
1746 1380 2025 1439 unitatem
2045 1380 2176 1440 vult
2201 1378 2477 1439 reducere
2493 1380 2604 1439 hoc
2625 1386 3001 1456 argumento..

584 1459 956 1551 Quaecunque
981 1458 1211 1517 habetis
1240 1457 1364 1519 sive
1392 1458 1561 1535 dona,
1582 1457 1711 1519 sive
1725 1459 2059 1535 ministeria,
2079 1460 2204 1519 sive
2225 1459 2594 1553 operationes
2607 1458 2999 1535 miraculosas,

584 1539 660 1599 ab
688 1538 861 1599 unico
889 1538 1017 1598 Deo
1045 1539 1426 1616 proveniunt3
1472 1539 1575 1599 sed
1615 1539 1730 1598 ista
1768 1538 1979 1615 partim
2005 1559 2042 1597 a
2073 1538 2292 1616 Spiritu
2323 1540 2404 1614 S.,
2446 1538 2658 1617 partim
2685 1557 2722 1597 a
2751 1539 3003 1599 Domino

585 1619 630 1678 J
633 1638 752 1693 esu,
782 1618 991 1696 partim
1034 1637 1071 1677 a
1098 1619 1227 1678 Deo
1256 1618 1447 1694 Patre,
1477 1619 1579 1696 qui
1604 1618 1723 1675 nav-⁹
1751 1620 1821 1690 ἐξ·
1798 1622 1914 1695 axin
1941 1619 2104 1678 Deus
2131 1618 2359 1695 dicitur,
2389 1618 2801 1695 conferuntur3
2845 1619 3006 1695 Ergo

589 1697 1016 1834 Pater„11³'ilius,
1046 1705 1107 1759 et
1136 1697 1387 1777 Spiritus
1416 1664 1477 1759 S
1516 1706 1656 1760 sunt
1680 1718 1832 1759 unus
1858 1699 1957 1759 ille
1987 1698 2213 1775 Deus,
2193 1718 2258 1757 ιιι
2284 1718 2402 1776 quo
2429 1717 2538 1759 vos
2565 1706 2795 1776 oportet
2819 1698 3004 1759 unita-

594 1783 713 1837 tem
741 1795 811 1835 co
834 1795 949 1837 ere.

1195 1855 1376 1917 XIV.
1422 1856 1794 1935 Impossibile
1837 1864 1927 1918 est
1980 1856 2137 1917 idem
2175 1876 2304 1917 esse
2346 1865 2409 1917 et
2460 1876 2579 1917 non
2621 1876 2749 1917 esse
2803 1854 3008 1917 eodem

1114 1946 1415 2013 respectu3
1458 1936 1608 1996 sed
1590 1957 1654 1997 ιιι
1679 1937 1962 1998 Trinitate
1990 1957 2120 2014 quse
2147 1936 2586 2015 distinguuntur
2609 1936 3005 2033 personaliter,

1112 2015 1271 2075 idem
1322 2024 1569 2095 possunt
1620 2036 1750 2077 esse
1802 2016 2487 2095 essentialiter31taque
2540 2018 2652 2078 etsi
2693 2018 2880 2077 Filius
2933 2016 3014 2075 sit

594 2097 855 2191 ejusdem
896 2096 1161 2158 essentia
1204 2116 1336 2156 cum
1375 2096 1566 2174 Patre,
1610 2104 1766 2157 recte
1806 2095 2020 2159 dicitur
2057 2117 2178 2156 non
2224 2116 2352 2156 esse
2393 2097 2607 2160 Pater·
2649 2096 2812 2157 Illud
2855 2095 3012 2157 enim

592 2177 815 2239 ratione
840 2177 1105 2239 essentiae
1132 2183 1359 2237 tantum
1386 2176 1614 2250 dicitur,
1642 2178 1756 2236 hoc
1783 2196 1922 2237 vero
1949 2186 2216 2254 respectu
2243 2177 2534 2238 Personae.

674 2257 823 2317 XV.
866 2256 979 2332 Qui
1006 2264 1144 2317 sunt
1169 2264 1287 2317 tres
1314 2275 1554 2317 numero
1574 2220 1692 2332 Dii,
1723 2276 1842 2315 ιιοιι
1867 2265 2004 2317 sunt
2029 2276 2182 2319 unus
2203 2275 2442 2317 numero
2465 2258 2657 2334 Deus3
2687 2256 2792 2316 sed
2819 2255 3013 2331 Pater,

596 2336 802 2413 Filius,
834 2346 893 2397 et
924 2337 1175 2431 Spiritus
1206 2336 1267 2397 S.
1309 2335 1450 2397 licet
1477 2336 1594 2395 sint
1620 2344 1742 2396 tres
1767 2348 2006 2397 numero
2037 2338 2325 2413 Personae,
2367 2356 2488 2397 non
2513 2346 2652 2397 sunt
2675 2344 2871 2396 tamen
2895 2343 3018 2395 tres

592 2434 833 2477 numero
856 2416 953 2478 Dii
958 2416 1131 2495 ,quia
1156 2415 1399 2477 eandem
1426 2416 1773 2493 participant
1801 2416 2130 2477 Essentiam
2149 2416 2444 2476 Divinam.
2529 2418 2702 2477 Pater
2727 2422 2816 2475 est
2843 2414 3014 2489 alius,

596 2496 786 2637 ffius
813 2505 903 2557 est
929 2462 1096 2573 alius,
1125 2495 1232 2557 sed
1257 2514 1377 2555 non
1403 2495 1553 2555 alius
1571 2496 1769 2573 Deus3
1800 2494 1977 2557 Alius
2003 2504 2094 2558 est
2117 2496 2512 2576 personaliter,
2541 2496 2647 2555 sed
2669 2514 2788 2553 non
2815 2512 3016 2553 essen·

727 2584 831 2636 ter.

680 2655 863 2716 XVI.
906 2654 1199 2734 Principia
1237 2673 1369 2733 quae
1396 2674 1538 2714 vera
1576 2663 1715 2716 sunt
1741 2655 1814 2715 de
1853 2663 2060 2716 natura
2097 2655 2264 2718 finita
2301 2675 2422 2716 non
2459 2663 2595 2718 sunt
2621 2652 3020 2716 transferenda

599 2734 677 2796 ad
702 2734 1002 2810 infinitam,
1032 2734 1249 2812 alioqui
1274 2734 1423 2794 fiunt
1448 2735 1611 2810 falsa,
1624 2755 1683 2794 v.
1684 2754 1762 2828 .g·
1790 2735 1929 2794 Tria
1955 2755 2073 2795 non
2097 2744 2343 2814 possunt
2368 2756 2495 2798 esse
2521 2755 2730 2812 unnm3
2771 2735 3020 2812 gignens

600 2823 661 2876 et
685 2814 947 2892 genitum
972 2833 1105 2907 non·
1118 2821 1254 2874 sunt
1278 2833 1459 2874 unum
1486 2814 1770 2874 essentia·
1755 2815 1961 2892 ,quod
1987 2816 2279 2894 singulare
2305 2825 2396 2878 est
2423 2825 2483 2876 et
2507 2781 2873 2875 individuum
2899 2833 3018 2872 non

598 2903 793 2974 potest
820 2893 1229 2954 communicari
1254 2893 1535 2970 pluribus.
1620 2893 1765 2952 Ideo
1791 2895 1942 2954 male
1971 2895 2302 2972 colligitur:
2346 2897 2420 2954 In
2445 2895 2713 2956 humanis
2739 2903 2858 2954 tres
2883 2913 3014 2972 per·

600 2994 759 3069 ’sona
788 2981 924 3034 sunt
950 2981 1067 3032 tres
1093 2973 1373 3049 homines,
1407 2973 1612 3050 Ergo
1594 2993 1658 3031 ιιι
1687 2973 1920 3034 Divinis
1946 2983 2064 3034 tres
2093 2976 2364 3036 Personae
2393 2984 2528 3036 sunt
2553 2983 2672 3035 tres
2703 2974 2842 3034 Dii·
2882 2974 3022 3051 quia

600 3053 664 3113 in
690 3053 958 3113 humanis
974 3053 1063 3110 illi
1089 3060 1208 3112 tres
1229 3018 1471 3112 eandem
1486 3053 1836 3132 participant
1852 3055 2160 3114 essentiam
2179 3055 2368 3133 specie
2383 3063 2608 3116 tantum
2625 3075 2744 3114 non
2759 3073 3017 3128 numer-0,

600 3142 663 3194 et
690 3133 937 3193 similem
962 3133 1156 3210 potius
1182 3151 1357 3210 quam
1384 3133 1645 3208 eandem,
1677 3133 1894 3194 habent
1931 3135 2087 3194 enim
2113 3136 2358 3213 quisque
2399 3154 2564 3196 suam
2604 3134 2926 3210 essentiam,
2957 3141 3022 3192 et

600 3213 971 3274 existentiam
999 3212 1381 3292 singularem3
1412 3213 1559 3274 sed
1542 3233 1604 3272 m
1630 3177 1867 3274 Divinis
1887 3214 2156 3275 Personae
2183 3214 2425 3276 eandem
2449 3213 2798 3294 participant
2825 3231 3017 3273 essen-

603 3294 745 3354 tiam
772 3312 1011 3354 numero
1038 3293 1341 3354 infinitam.

686 3373 903 3434 XVII.
947 3373 1115 3434 Licet
1142 3374 1258 3435 sint
1284 3383 1403 3434 tres
1432 3373 1704 3434 Personis
1733 3373 1983 3450 Divinae,
2011 3393 2130 3434 non
2171 3373 2431 3452 seqnitur
2469 3373 2582 3434 tria
2607 3372 2734 3432 dari
2761 3371 3023 3432 infinita:

604 3454 661 3513 N
662 3474 757 3513 am
781 3461 851 3514 ut
876 3453 1130 3514 Trinitas
1160 3454 1543 3514 Personarum
1569 3473 1688 3514 non
1713 3452 1888 3514 infert
1926 3453 2268 3514 Trinitatem
2298 3455 2572 3529 Deorum,
2599 3461 2834 3532 propter
2860 3451 3023 3512 iden-

602 3534 827 3594 titatem
856 3534 1137 3611 essentiae,
1171 3533 1266 3594 Ita
1290 3553 1410 3593 non
1444 3534 1619 3594 infert
1645 3533 1988 3594 Trinitatem
2029 3533 2399 3610 infinitorum,
2430 3535 2568 3611 quia
2607 3541 2724 3594 tres
2755 3533 3028 3592 Personae

604 3613 847 3674 eandem
868 3633 1109 3675 numero
1130 3613 1471 3676 infinitatem
1491 3614 1728 3691 habent,
1746 3632 1876 3692 quse
1893 3621 1982 3674 est
1996 3614 2316 3692 proprietas
2334 3613 2674 3690 essentialis,
2693 3633 2762 3674 ac
2781 3610 3028 3690 proinde

602 3701 741 3756 sunt
766 3715 919 3756 unus
949 3695 1110 3754 Deus
1136 3694 1415 3756 infinitus.

689 3774 943 3834 XVIII.
987 3773 1109 3838 Ubi
1136 3783 1272 3834 sunt
1298 3794 1479 3835 unum
1506 3781 1565 3835 et
1590 3773 1704 3834 tria
1729 3772 1961 3832 realiter
1987 3771 2276 3850 distincta,
2319 3772 2402 3833 ibi
2430 3778 2566 3834 sunt
2591 3779 2875 3851 quatuor3
2919 3768 3029 3830 sed

604 3852 703 3911 hic
732 3852 1002 3914 Personae
1029 3861 1149 3914 tres
1175 3854 1407 3913 realiter
1432 3874 1551 3913 non
1577 3853 2020 3930 distinguuntur
2058 3853 2132 3913 ab
2173 3854 2441 3930 essentia,
2473 3852 2578 3913 sed
2617 3860 2843 3912 tantum
2885 3850 3023 3910 sub·
3031 3901 3038 3908 .

608 3932 853 3992 sistendi
878 3932 1072 4026 modo,
1097 3933 1183 3994 ita
1207 3941 1275 3993 ut
1300 3936 1447 3994 alius
1473 3935 1624 3994 inter
1653 3934 1956 4009 Personas,
1987 3933 2092 3994 sed
2117 3953 2236 3993 non
2261 3934 2427 3994 aliud
2449 3933 2600 3992 inter
2618 3933 2751 3992 illas
2779 3939 2838 3990 et
2855 3930 3026 3989 Divi-

610 4011 851 4071 nitatem
890 4012 1223 4105 reperiatur,
1254 4013 1393 4090 quia
1440 4021 1557 4073 tres
1602 4012 1722 4072 illae
1752 4013 2038 4090 Personae,
2082 4013 2230 4072 nihil
2277 4013 2439 4075 aliud
2481 4021 2617 4074 sunt
2658 4031 2832 4090 quam
2875 4029 3031 4071 unus

610 4091 791 4165 Deus,
822 4089 925 4168 qui
951 4092 1012 4148 in
1040 4091 1227 4152 tribus
1256 4092 1528 4152 Personis
1555 4090 1941 4154 diversimode
1969 4093 2250 4154 subsistit.

690 4169 882 4230 XIX.
924 4169 1205 4244 Quamvis
1231 4190 1405 4232 verus
1434 4172 1596 4231 Deus
1638 4170 1715 4232 sit
1741 4171 2011 4248 Trinitas,
2039 4181 2234 4233 tamen
2273 4191 2394 4233 non
2419 4171 2700 4251 quiequid
2737 4177 2828 4232 est
2853 4188 3033 4230 verus

612 4250 777 4309 Deus
804 4257 893 4310 est
918 4249 1191 4326 Trinitas,
1223 4251 1327 4310 sed
1353 4251 1452 4311 vel
1478 4251 1750 4328 Trinitas,
1780 4253 1876 4312 vel
1903 4253 2098 4332 aliqua
2124 4253 2251 4332 ejus
2281 4254 2556 4314 Persona.

690 4329 847 4389 XX.
892 4329 1005 4404 Qui
1052 4329 1304 4408 concipit
1347 4331 1539 4391 Deum
1584 4339 1861 4410 tanquam
1902 4353 2101 4410 unum,
2149 4333 2402 4412 concipit
2447 4331 2796 4410 completum
2836 4329 3033 4408 quoad

609 4409 1094 4504 complementum
1120 4411 1402 4488 essentiae,
1434 4411 1538 4472 sed
1576 4431 1694 4472 non
1737 4413 1932 4473 statim
1959 4413 2153 4491 quoad
2193 4414 2676 4491 complementum
2715 4409 3034 4490 personali-

609 4489 781 4566 tatis3
824 4508 933 4550 nec
960 4489 1012 4550 si
1038 4500 1349 4569 conceptus
1376 4499 1572 4553 noster
1597 4493 1672 4553 de
1691 4493 1818 4554 Deo
1837 4501 1929 4555 est
1955 4494 2354 4572 incompletus,
2379 4493 2640 4572 sequitur
2665 4491 2795 4552 ideo
2819 4491 3035 4550 Essen-

610 4571 750 4710 tliam
793 4569 980 4664 ipsam
1010 4571 1287 4634 Divinam
1326 4591 1457 4636 esse
1498 4573 1923 4656 incompletam,
1953 4574 2092 4653 quia
2119 4575 2390 4638 Essentia
2429 4582 2521 4636 est
2555 4569 2958 4653 inseparabilis
2999 4589 3039 4630 a

662 4651 901 4714 ersonis.

626 1920 698 1967 Fo
700 1924 807 1967 ntes
830 1920 1037 1967 Solutio-

768 1992 898 2023 num-
