3300 5225
564 262 684 318 444
1541 278 1725 321 mous
1754 278 1997 320 snmus.
2637 256 2891 339 [Quaem.
2922 278 2999 319 11.

1513 498 1715 577 QUAE
1722 498 1905 559 s'r10
1921 452 1929 459 ¹
1946 497 2034 558 11.

603 657 700 715 An
726 656 1093 718 Providentia
1111 658 1232 718 Dea·
1253 668 1401 719 recte
1427 658 2119 798 &mgaegmnztm
2144 655 2437 717 necessitas
2458 656 2670 733 sams
2696 658 2786 717 aa·
2804 660 2941 719 hem

1732 759 1767 795 r
1787 783 1801 797 .
2036 781 2049 796 .

762 961 775 975 ‚
1210 898 1261 957 Ι.
1305 897 1562 973 Quaestio
1581 894 1909 956 necessaria
1934 902 2041 971 est,
2070 914 2189 953 non
2214 894 2405 972 modo,
2436 903 2503 956 ut
2530 904 2755 957 constet
2781 897 2980 975 qualis

607 960 998 1067 Οωῗίΐῃξῗε*
1087 976 1298 1036 debeat
1322 996 1450 1037 esse
1477 977 1640 1035 vocis
1670 976 1805 1035 Fati
1845 976 1999 1035 inter
2026 975 2384 1055 Christianos
2412 996 2570 1051 usus,
2614 976 2689 1035 de
2715 996 2830 1054 quo
2856 997 2980 1035 non

1085 1057 1454 1116 consentiunt
1479 1054 1781 1133 Theologi,
1812 1055 1917 1115 sed
1942 1055 2134 1131 etiam,
2164 1064 2233 1114 ut
2256 1054 2519 1115 doctrina
2542 1065 2742 1115 nostra
2764 1056 2975 1117 libere·

559 1145 657 1197 tur
682 1159 719 1197 a
749 1137 1054 1198 calumniis
1082 1135 1516 1196 Pontificiorum
1553 1144 1613 1195 ει
1639 1132 2033 1213 aliorum,⁸qui
2076 1133 2321 1193 subinde
2347 1134 2435 1193 illi
2464 1134 2775 1195 Parcarum
2802 1136 2970 1197 tabu-

561 1217 664 1293 las,
695 1226 755 1277 et
781 1216 1014 1277 fatalem
1042 1236 1109 1275 ac
1144 1215 1397 1276 Stoicam
1433 1235 1624 1275 rerum
1652 1215 1909 1275 omnium
1950 1222 2010 1274 et
2035 1222 2348 1273 eventuum
2374 1216 2795 1293 necessitatem,
2824 1216 2973 1295 obji-

557 1316 689 1357 cere
718 1298 924 1357 solent.
1204 1376 1289 1437 11.
1332 1376 1474 1435 Fata·
1496 1374 1846 1435 vocabulum
1875 1372 2147 1433 Latinum
2168 1380 2275 1449 est,
2298 1394 2335 1432 a
2343 1375 2553 1450 sande,
2582 1374 2661 1434 id.
2678 1374 2970 1453 loquendo

609 1434 987 1541 mitigas-undo
1078 1454 1408 1532 deductum,
1439 1456 1622 1593 q131easi,
1660 1454 1913 1530 effatum,
1958 1473 2062 1513 seu
2088 1453 2325 1530 dictum,
2370 1454 2680 1532 decretum,
2718 1456 2967 1533 jussum,

1077 1544 1138 1595 et
1163 1536 1433 1595 voluntas
1548 1536 1586 1594 i.
1632 1534 1999 1593 Priscianus:
2031 1535 2068 1567 “
2086 1532 2406 1593 Gentilium
2432 1554 2591 1593 more
2620 1536 2671 1594 si
2696 1535 2857 1612 loqui
2880 1537 2970 1594 vi-

560 1631 706 1689 sum,
751 1610 932 1671 fatum
960 1612 1195 1691 dictum,
1240 1616 1378 1693 quia
1403 1614 1638 1693 Jupiter
1678 1614 1825 1673 illud
1866 1614 1942 1673 sit
1982 1612 2136 1673 fatus
2180 1613 2395 1690 Parcis,
2438 1633 2569 1690 quse
2610 1614 2969 1674 voluntatem

559 1692 688 1769 ejus
717 1692 892 1751 aencis
919 1692 1259 1773 inscripsere
1286 1694 1517 1771 tabulis,
1563 1694 1687 1754 sive
1716 1694 1853 1771 quia
1892 1693 1954 1752 id
1996 1692 2193 1752 Parcae
2232 1701 2369 1752 sunt
2408 1692 2599 1754 fatae.''
2682 1693 2970 1755 Minutius

558 1771 731 1830 Felix
759 1772 820 1829 in
849 1771 1127 1834 Octavio:
1173 1777 1210 1808 “
1240 1774 1393 1849 Quid
1420 1773 1579 1833 aliud
1606 1782 1697 1833 est
1722 1773 1921 1849 fatum,
1952 1792 2125 1851 quam
2154 1772 2311 1851 quod
2347 1772 2421 1831 de
2446 1793 2795 1853 unoquoque
2834 1794 2969 1834 nos-

553 1858 708 1910 trum
731 1852 893 1911 Deus
921 1851 1072 1913 fatus
1099 1863 1189 1914 est
1204 1856 1270 1914 ?’'
1355 1854 1577 1915 Groecis
1604 1854 1817 1913 dicitur
1842 1850 2096 1934 ἀμιςμίη
2124 1872 2159 1911 a
2184 1852 2365 1912 verbo
2387 1854 2553 1934 μείζω,
2584 1854 2741 1934 quod
2766 1863 2856 1914 est
2882 1856 2968 1915 di-

554 1932 702 2007 vide,
739 1932 1024 2009 distribuo,
1054 1935 1278 2011 sortior,
1333 1940 1392 1993 et
1433 1938 1488 1992 τὶ
1529 1932 1849 2015 urguentur,
1894 1932 1973 1992 id.
2016 1932 2362 2009 ordinatum,
2406 1942 2467 1993 et
2502 1934 2963 2012 determinatum,

559 2016 663 2069 ὀπὶ
683 2018 773 2071 τοῦ
798 2012 1019 2105 mgna-dn
1060 2014 1310 2090 termim,
1336 2014 1502 2093 fint'O,
1533 2015 1672 2092 quia
1738 2034 1802 2073 er
1828 2012 1974 2073 illud
2015 2012 2209 2071 omnia
2248 2031 2284 2070 a
2324 2013 2453 2072 Deo
2494 2013 2965 2074 determinantur.

557 2092 742 2151 Stoici
770 2091 1109 2171 Philosophi
1136 2092 1483 2153 vocabulum
1510 2094 1622 2153 hoc
1649 2114 1686 2152 a
1727 2092 2038 2152 hibuerunt
2065 2091 2141 2150 ad
2168 2091 2606 2169 significandam
2650 2094 2967 2153 Providen-

555 2171 715 2247 tiam,
746 2191 783 2229 a
809 2171 1020 2249 quibus
1046 2172 1193 2232 illud
1219 2174 1466 2233 mutuati
1494 2181 1630 2233 sunt
1660 2172 1987 2247 Christiani,
2018 2179 2140 2233 tum
2164 2180 2411 2249 veteres,
2450 2182 2575 2233 tum
2601 2174 2965 2251 recentiores,

556 2251 659 2327 qui
685 2270 804 2310 non
829 2270 959 2310 raro
985 2253 1087 2312 illo
1114 2262 1373 2313 utuntur.

1201 2332 1324 2392 111.
1369 2331 1749 2393 Multifariam
1788 2340 1980 2392 autem
2021 2338 2363 2411 usurpatum
2400 2330 2619 2411 legitur
2656 2332 2813 2411 apud
2838 2332 2965 2393 Au·

619 2394 900 2501 9³⁰³&
915 2396 981 2443 ’ἢ
1078 2412 1293 2489 thome,
1323 2411 1498 2471 unde·
1518 2412 1883 2490 quadruplex
1924 2412 2106 2471 oritur
2128 2415 2341 2488 satum,
2386 2420 2454 2471 nt
2484 2411 2757 2472 observat
2796 2414 2968 2473 Picus

1079 2492 1399 2552 Mirandul.
1441 2491 1544 2552 lib.
1600 2492 1680 2552 iv.
1720 2501 1901 2551 contr.
1958 2490 2158 2551 Astm.
2202 2512 2252 2551 c.
2297 2494 2355 2551 4.
2398 2493 2609 2551 Fatum
2648 2493 2962 2570 Plisticam,

555 2572 1034 2650 Mathematicum,
1073 2572 1341 2649 Stoicum,
1372 2581 1428 2632 et
1469 2572 1867 2633 Christianum.
1952 2571 2166 2648 Primo,
2210 2573 2422 2631 Fatum
2447 2572 2762 2651 Physicum,
2806 2573 2962 2652 quod

990 2718 1003 2732 ,
1083 2652 1230 2711 nihil
1255 2652 1415 2712 aliud
1441 2661 1531 2713 est
1571 2672 1747 2732 quam
1774 2651 1916 2712 ordo
1956 2661 2016 2712 et
2056 2652 2234 2712 series
2274 2671 2577 2712 causarum
2615 2653 2963 2714 naturalium

579 2717 624 2764 ¹·
644 2717 824 2764 Fatum
855 2718 1026 2778 Phym-
1082 2733 1159 2792 ad
1185 2733 1438 2793 effeetus·
1466 2752 1603 2794 suos
1631 2732 2013 2809 definitarum,
2056 2751 2303 2808 quarum
2326 2732 2639 2792 necessitas
2680 2741 2771 2792 est
2794 2741 2962 2793 natu-

733 2791 860 2825 m
1077 2812 1236 2871 ralis.
1316 2813 1670 2889 fflnct‘pium
1710 2814 1827 2888 ejtae
1867 2821 1958 2872 est
1982 2821 2211 2888 natura,
2256 2831 2361 2871 seu
2388 2811 2482 2871 vis
2512 2811 2741 2889 agendi,
2783 2831 2960 2889 quam

558 2895 722 2956 Deus
762 2896 824 2954 in
851 2893 1139 2955 creatione
1165 2892 1339 2951 rebus
1379 2891 1607 2952 indidit.
1690 2893 1943 2968 Effectus
1982 2899 2117 2951 sunt
2148 2911 2349 2951 omnes
2388 2891 2475 2950 illi
2512 2899 2755 2951 eventus
2780 2890 2883 2969 qui
2922 2911 2961 2950 a

554 2975 747 3036 causis
774 2971 1132 3033 naturalibus
1157 2991 1262 3050 per
1289 2991 1350 3031 se
1379 2971 1658 3064 pendent.
1741 2971 2125 3050 opponuntur
2162 2991 2233 3031 ea
2272 2991 2403 3050 quae
2429 2990 2466 3031 a
2487 2969 2671 3031 libera
2706 2969 2961 3031 hominis
3022 3019 3029 3024 .

557 3055 859 3115 voluntate
888 3051 1160 3132 pendent,
1190 3057 1291 3110 aut
1317 3059 1492 3111 etiam
1519 3071 1659 3110 casu
1684 3050 1849 3110 fiunt.

1203 3131 1314 3191 IV.
1362 3129 1693 3190 Secundum
1721 3133 1933 3191 Fatum
1980 3139 2070 3191 est
2095 3131 2573 3208 Mathematicum,
2602 3129 2763 3210 quod
2788 3129 2957 3190 chal-

556 3186 604 3232 2.
619 3183 1039 3232 M⁸ffi⁰¹¹¹⁸¹⁵¹⁶¹²m
1078 3210 1334 3270 daeorum
1361 3219 1451 3270 est
1477 3219 1537 3270 et
1563 3211 2091 3288 Genethliacorum,
2121 3210 2280 3288 quod
2308 3209 2726 3270 Bradwardino
2754 3209 2961 3271 dicitur

550 3289 800 3367 Astu-ald:
829 3299 1032 3369 estque
1066 3291 1381 3350 necessitas
1403 3307 1598 3351 rerum
1638 3311 1709 3351 ac
1754 3298 2082 3368 eventuum,
2127 3310 2257 3369 quae
2298 3311 2375 3350 ex
2416 3290 2565 3351 Ooeli
2599 3309 2669 3351 ac
2709 3289 2959 3351 siderum

549 3370 811 3450 positura
849 3372 976 3432 sive
1003 3370 1538 3431 constellationibus
1565 3371 1764 3446 oritur,
1806 3391 1924 3450 qua
1947 3390 2065 3430 non
2090 3369 2265 3430 modo
2291 3371 2577 3431 elementa
2615 3378 2677 3431 et
2722 3383 2963 3450 corpora
3016 3367 3029 3376 '

551 3452 754 3530 mixta,
785 3451 890 3512 sed
916 3459 975 3511 et
1001 3451 1330 3511 voluntates
1357 3451 1656 3510 hominum
1683 3451 1759 3510 ad
1786 3459 1949 3510 actus
1990 3469 2128 3510 suos
2152 3450 2478 3510 necessario
2511 3450 2733 3528 impelli
2758 3449 2958 3510 dicun·
2984 3487 3005 3494 -·

548 3540 661 3610 tur,
692 3552 809 3611 quo
837 3535 1011 3592 sensu
1036 3531 1314 3591 Manilius
1341 3549 1494 3610 soepe
1519 3532 1703 3590 utitur
1728 3530 1833 3590 fati
1856 3550 2020 3608 voce,
2034 3533 2177 3606 fata
2202 3530 2302 3589 aba·
2323 3531 2503 3608 Leqoe
2525 3530 2764 3608 vitaeqzoe
2788 3530 2958 3590 ηατίε-

550 3633 659 3690 que
685 3615 962 3672 dederunt
973 3636 1000 3686 ,·
1053 3620 1113 3671 et
1137 3611 1394 3688 Auqmti.
1420 3611 1524 3670 lib.
1552 3629 1612 3670 v.
1641 3611 1717 3670 de
1746 3609 1809 3670 C.
1842 3611 1916 3669 D.
1946 3629 1997 3670 c.
2031 3613 2085 3670 1.
2130 3612 2169 3644 “
2196 3609 2481 3670 Homines
2521 3609 2757 3689 quando
2796 3608 2958 3669 audi-

549 3701 658 3753 unt
676 3692 920 3768 fatiun,”
942 3691 1148 3769 inquit,
1170 3694 1208 3724 ‘⁴
1230 3690 1444 3750 usitata
1458 3689 1736 3770 loquendi
1750 3689 2184 3766 consuetudine,
2203 3709 2323 3749 non
2338 3690 2675 3768 intelligunt
2700 3689 2815 3750 nisi
2834 3689 2958 3750 vim

547 3772 854 3850 positionis
881 3771 1154 3848 siderum,
1183 3769 1374 3849 qualis
1389 3777 1496 3846 est,
1518 3770 1753 3849 quando
1774 3769 1905 3864 quis
1932 3769 2207 3846 nascitur,
2236 3768 2362 3829 sive
2382 3769 2765 3848 concipitur-‚⁹¹
2822 3768 2956 3828 Hoc

549 3851 733 3909 fatum
759 3851 903 3911 alibi
928 3851 1183 3928 appellat
1205 3855 1456 3928 fatuum,
1487 3859 1654 3910 tract.
1684 3853 1759 3910 37
1791 3869 1853 3908 m
1879 3849 1925 3910 J
1926 3849 2096 3910 ohan.
2182 3852 2220 3884 ‘⁸
2252 3849 2319 3910 Si
2342 3868 2444 3909 cor
2468 3857 2635 3910 tuum
2661 3868 2781 3909 non
2806 3855 2962 3909 esset

547 3929 787 4006 fatuum,
831 3949 950 3989 non
977 3929 1241 3989 crederes
1266 3929 1447 3989 fatum
1467 3929 1533 4006 ;”
1577 3928 1729 4006 Quia
1752 3947 1957 3990 revera
1982 3949 2116 3990 cum
2156 3929 2468 4008 Scriptura,
2510 3947 2645 3988 cum
2670 3935 2830 3988 recta
2867 3948 2957 3988 ra-

546 4009 722 4084 tione,
753 4018 813 4069 et
839 4008 1155 4069 universali
1195 4008 1550 4086 experientia
1587 4011 1829 4088 pugnat.
1912 4008 2015 4068 Ad
2054 4010 2166 4070 hoc
2204 4007 2443 4087 quidam
2481 4007 2737 4068 referunt
2761 4010 2959 4085 samm

548 4091 867 4149 Judafcum
907 4097 962 4147 et
985 4089 1404 4163 Ρήανιίςαῖσαηι,
1437 4087 1510 4147 de
1537 4107 1655 4166 quo
1681 4087 1726 4148 J
1728 4088 1997 4167 osephus‚
2024 4089 2128 4148 lib.
2156 4088 2324 4149 xviii.
2353 4087 2645 4166 Antiquit.
2674 4107 2726 4147 c.
2756 4091 2811 4163 2,
2855 4087 2959 4165 qui

545 4168 792 4247 loquens
819 4167 892 4228 de
923 4167 1248 4244 Pharisaeis,
1278 4167 1422 4226 dicit
1447 4185 1548 4227 eos
1556 4171 1697 4244 fato
1724 4169 1966 4228 tribuere
1984 4188 2324 4247 quacunque
2345 4177 2640 4246 qen-untur,
2663 4166 2822 4245 quod
2840 4187 2958 4226 non

547 4248 681 4324 alio,
712 4267 888 4342 quam
914 4247 990 4306 ad
1018 4247 1200 4308 fatum
1228 4247 1665 4327 Astrologicum
1692 4247 1997 4327 pertinere,
2026 4268 2103 4308 ex
2130 4249 2420 4309 axiomate
2460 4245 2659 4308 interi
2700 4265 2797 4308 sos
2820 4247 2959 4308 trito

545 4326 688 4389 satis
713 4328 935 4406 liquere
962 4326 1195 4388 videtur
1210 4329 1342 4388 ¹:2³0:
1371 4330 1476 4386 ήδη
1503 4331 1599 4390 'nt-u
1621 4329 1813 4389 omnia
1828 4331 2080 4406 pendent
2102 4349 2144 4388 α
2160 4331 2417 4406 planeta,
2430 4336 2491 4387 et
2508 4327 2551 4388 l.
2572 4327 2633 4386 ii.
2736 4326 2856 4387 lLJ
2857 4325 2955 4386 ud.

547 4429 599 4469 c.
633 4410 726 4484 12,
740 4411 878 4484 fato
905 4416 960 4468 et
982 4409 1113 4466 Deo
1139 4409 1402 4470 unioersa
1428 4413 1715 4486 deputant,
1756 4407 1915 4487 quod
1942 4427 2076 4469 cum
2116 4407 2367 4487 quadam
2392 4406 2737 4467 limitatione
2764 4413 2959 4466 tamen

543 4487 988 4566 intelligendum
1009 4507 1138 4548 esse
1158 4488 1282 4566 ipse
1310 4488 1355 4549 J
1357 4490 1624 4567 osephus,
1653 4489 1757 4549 lib.
1786 4487 1909 4551 xiii.
1937 4487 2117 4566 antiq.
2147 4508 2198 4547 ε.
2217 4489 2275 4564 9,
2306 4485 2493 4564 ᾶοεει,
2524 4487 2664 4546 dum
2692 4486 2775 4546 ait
2802 4485 2956 4544 Plea-

543 4568 700 4627 risoei
721 4571 1000 4647 quadam,
1028 4588 1142 4628 nou
1168 4569 1358 4630 omnia
1368 4571 1502 4648 fato
1530 4569 1793 4628 tributae&
