3300 5225
294 339 524 391 Quzsr.
556 316 695 401 vm]
742 390 748 397 ¹
1317 337 1397 378 115
1424 338 1700 380 suasus.
1971 290 1976 295 ⁶
2594 318 2714 387 495

295 480 549 540 formam
574 498 693 556 qua
718 474 1087 556 apparebant,
1116 496 1235 536 non
1260 496 1339 537 ex
1364 478 1451 537 rei
1475 478 1723 538 veritate
1745 499 1761 537 2
1805 478 1930 538 Nec
1968 484 2164 538 tamen
2188 483 2494 554 propterea
2532 474 2714 553 impo-

302 561 495 620 suisse
522 558 756 617 dicendi
782 565 919 617 sunt
946 556 1219 616 Patribus
1246 558 1348 635 qui
1375 558 1457 617 ita
1484 556 1557 617 de
1584 558 1704 617 illis
1725 557 2085 635 judicabant,
2115 556 2253 634 quia
2278 576 2398 615 non
2431 576 2502 615 eo
2529 556 2722 616 animo

301 639 696 714 assumebant,
725 645 793 698 ut
831 636 1171 696 simularent
1198 656 1261 695 se
1302 656 1431 697 esse
1471 637 1754 713 homines,
1783 637 1883 697 vel
1907 645 1975 696 ut
2013 637 2162 697 tales
2205 656 2268 695 se
2300 635 2720 714 profiterentur,

302 720 415 779 sed
440 726 667 779 tantum
691 725 760 778 ut
784 724 1023 795 possent
1046 716 1405 776 familiariter
1429 718 1652 777 versari
1679 736 1808 777 cum
1846 716 2197 793 hominibus,
2227 724 2288 777 et
2310 715 2398 775 510
2426 735 2572 794 opus
2613 715 2727 773 sibi

306 798 721 859 demandatum
746 815 1043 875 peragere.
1126 796 1294 856 Licet
1318 815 1461 875 ergo
1489 796 1696 857 Patres
1723 796 2018 876 potuerint
2058 796 2184 855 falli
2209 796 2364 856 circa
2389 795 2564 874 ipsos,
2608 812 2726 852 non

304 886 557 958 possunt
579 886 775 937 tamen
802 875 919 936 dici
945 895 1046 935 eos
1070 874 1364 935 fefellisse.

393 957 541 1017 VII.
586 956 978 1035 operationes,
1008 975 1140 1034 quse
1166 954 1243 1014 ab
1271 954 1566 1033 Angelis
1548 976 1612 1014 m
1638 954 1768 1015 istis
1789 954 2126 1034 corporibus
2159 954 2495 1032 edebantur,
2527 954 2730 1031 quales

310 1045 479 1098 erant
503 1037 753 1115 loquela,
784 1035 1117 1111 ambulatio,
1147 1035 1533 1113 manducatio,
1562 1036 1760 1095 vitales
1797 1055 1918 1094 non
1957 1044 2203 1113 possunt
2242 1036 2360 1095 diei
2385 1035 2630 1111 prqm'e
2669 1041 2730 1094 et

308 1118 517 1195 stricte,
548 1126 833 1209 quatenus
859 1115 987 1174 fieri
1012 1115 1277 1174 debent
1252 1136 1313 1174 m
1336 1117 1575 1191 subjecto
1600 1116 1829 1192 vivente,
1861 1123 1923 1175 et
1959 1115 2214 1175 animato
2257 1116 2331 1175 ab
2373 1115 2564 1173 anima
2605 1134 2728 1173 cor—

314 1198 447 1277 pori
473 1195 837 1291 hypostatice
863 1194 1042 1271 unita,
1072 1203 1134 1254 et
1159 1194 1309 1255 illud
1334 1194 1537 1255 intime
1564 1204 1854 1271 movente,
1883 1194 2218 1271 quomodo
2199 1215 2264 1253 15
2291 1195 2448 1254 50105
2467 1194 2732 1253 homines

315 1277 551 1354 cadunt,
581 1276 721 1354 quia
746 1284 910 1335 actus
938 1273 1229 1334 secundus
1258 1275 1531 1353 supponit
1555 1275 1882 1334 necessario
1902 1274 2171 1352 primum.
2259 1273 2376 1333 Sed
2403 1278 2516 1332 late
2543 1281 2603 1331 et
2629 1275 2729 1332 im-

313 1357 559 1435 proprie
600 1356 781 1416 vitale
822 1352 941 1414 dici
986 1354 1135 1412 nihil
1174 1355 1384 1431 obstat,
1414 1356 1554 1432 quia
1594 1364 1732 1415 sunt
1771 1354 2082 1413 efficienter
2123 1374 2160 1412 a
2177 1354 2464 1431 prinapio
2503 1354 2731 1413 vivente.

323 1436 533 1511 Quoad
558 1434 954 1509 comestionem,
986 1432 1037 1492 si
1063 1453 1169 1510 pro
1196 1434 1621 1494 comminutione
1663 1433 1780 1493 cibi
1821 1434 2159 1511 simpliciter
2185 1442 2460 1509 sumatur,
2489 1440 2736 1511 possunt

323 1516 444 1575 dici
470 1514 805 1589 comedisse,
838 1512 943 1573 sed
969 1512 1021 1572 si
1044 1532 1151 1591 pro
1194 1513 1519 1591 sumptione
1546 1513 1664 1573 cibi
1707 1512 2104 1573 convertibilis
2143 1514 2206 1572 111
2247 1512 2645 1589 substantiam,
2676 1520 2736 1572 et

323 1595 696 1655 concoctione
722 1594 851 1671 ejus
875 1590 938 1651 in
966 1593 1265 1652 stomacho
1290 1600 1619 1671 usurpatur,
1649 1611 1768 1652 non
1793 1592 1985 1670 potuit
2009 1592 2072 1650 in
2100 1611 2200 1652 eos
2227 1592 2451 1652 cadere.

406 1674 590 1734 VIII.
635 1672 789 1748 Quid
813 1692 953 1731 vero
982 1669 1055 1731 de
1082 1673 1436 1750 corporibus,
1466 1694 1597 1751 quae
1624 1671 2011 1747 assumebant,
2041 1672 2258 1733 factum
2283 1672 2472 1747 fuerit,
2502 1679 2736 1750 peracto

326 1774 415 1829 50,
446 1754 523 1813 ad
548 1753 706 1832 quod
744 1752 1136 1829 mittebantur,
1176 1772 1366 1831 opere,
1406 1752 1759 1831 superfluum
1801 1760 1891 1811 est
1929 1771 2220 1829 quaerere3
2265 1771 2396 1811 cum
2442 1751 2740 1845 Scriptura

326 1842 491 1893 notet
506 1840 733 1925 tantum
752 1852 823 1890 ea
840 1831 1209 1909 disparuisse,
1224 1851 1303 1891 ex
1317 1851 1436 1909 quo
1451 1832 1674 1909 Angeli
1688 1830 2093 1909 abscedebant,
2118 1832 2242 1891 sive
2263 1830 2602 1910 corporibus
2620 1830 2740 1889 11115

328 1914 391 1972 15
419 1911 707 2004 principia
720 1931 842 1986 sua,
861 1911 1017 1969 unde
1034 1911 1354 1987 composita
1372 1910 1615 1988 fuerant,
1639 1911 1928 1987 resolutis,
1954 1910 2080 1969 sive
2105 1912 2168 1969 in
2193 1911 2440 1971 nihilum
2466 1910 2736 1987 redactis,

329 1992 445 2066 vel,
476 1992 527 2051 si
552 1990 853 2051 hominum
878 1990 1201 2049 viventium
1226 1990 1459 2050 fuerunt
1485 2010 1742 2067 corpora,
1773 1989 1836 2048 in
1861 1990 2166 2067 pristinum
2195 1998 2408 2050 statum
2437 1990 2737 2050 restitutis.

415 2071 537 2131 IX.
583 2071 669 2131 Ut
708 2088 847 2129 vero
890 2069 1053 2129 Deus
1106 2086 1327 2164 navego
1316 2070 1433 2136 ἰι-ος
1485 2074 1577 2129 καὶ
1632 2095 1700 2128 πο
1701 2085 1770 2128 λυ
1741 2072 1924 2149 cmg&
1972 2088 2098 2129 sese
2145 2070 2418 2129 Patribus
2455 2071 2518 2128 in
2560 2070 2636 2129 V.
2666 2070 2735 2129 Τ.

332 2151 755 2212 communicare
801 2148 1005 2224 voluit,
1034 2150 1286 2209 maxime
1329 2158 1464 2209 ante
1514 2150 1752 2227 Legem,
1795 2157 2053 2226 tempore
2103 2150 2580 2225 Patriarcharum,
2621 2169 2736 2226 quo

333 2231 597 2293 Verbum
626 2229 739 2289 Dei
766 2228 979 2306 scripto
1006 2228 1265 2289 nondum
1291 2228 1692 2321 consignatum
1710 2228 1913 2304 fuerat,
1933 2237 1993 2288 et
2011 2247 2128 2305 quo
2143 2248 2262 2288 nox
2282 2228 2474 2288 adhuc
2495 2228 2740 2287 obscura

334 2311 545 2372 coelum
575 2308 855 2369 Ecclesiae
881 2307 1373 2386 occupabat31ta
1410 2308 1620 2368 mirum
1661 2328 1780 2368 non
1807 2316 1912 2383 est,
1945 2308 1995 2366 si
2019 2306 2377 2386 frequentius
2412 2316 2551 2367 tunc
2593 2316 2736 2366 tem·

333 2391 493 2471 poris
518 2389 648 2450 istis
676 2387 1041 2467 Angelorum
1067 2387 1522 2467 apparitionibus
1547 2387 1637 2448 uti
1662 2388 1867 2463 voluit,
1887 2388 1962 2447 ad
1989 2386 2246 2447 fidelium
2267 2388 2735 2464 consolationem,

330 2481 391 2532 et
415 2469 553 2530 fidei
579 2468 1104 2545 confirmationem;
1138 2468 1259 2528 Sed
1282 2488 1453 2544 nunc,
1478 2486 1553 2527 ex
1582 2488 1698 2545 quo
1719 2468 1938 2527 clarum
1960 2467 2270 2545 Evangelii
2278 2468 2455 2546 jubar
2470 2475 2737 2526 exortum

330 2547 1780 2709 ἓῗιῖςῖῗὲῗθέκῗίιὶθξᾙωῡέωῗῇἒῃζὲἰ
1793 2546 2269 2688 ffisszssffl
2285 2548 2740 2704 ἒὲῗωῗῗίζίἓ

333 2711 648 2804 Scriptum
678 2710 877 2768 Canon
904 2708 1135 2768 clausus
1160 2717 1251 2769 est
1278 2716 1338 2768 et
1362 2709 1722 2786 obsignatus,
1749 2708 1944 2768 minus
1969 2708 2295 2768 necessaria
2319 2708 2429 2767 fuit
2467 2708 2582 2767 ista
2621 2707 2738 2766 dis-

332 2789 613 2884 pensatio,
645 2789 782 2866 quia
808 2787 1073 2848 Ecclesia
1098 2806 1216 2848 non
1242 2796 1379 2866 eget
1404 2786 1654 2866 amplius
1679 2787 1896 2848 talibus
1927 2788 2221 2848 subsidiis.
2305 2787 2462 2846 Hinc
2503 2787 2736 2863 factum,

332 2879 402 2930 ut
426 2869 565 2930 licet
592 2870 701 2930 51111
726 2869 957 2929 initium
985 2869 1297 2947 Evangelii
1322 2867 1533 2946 aliquae
1554 2867 1745 2928 adhuc
1771 2867 1985 2927 fuerint
2009 2871 2206 2962 giemum
2183 2867 2418 2941 Quinum,
2442 2867 2518 2926 ad
2537 2866 2738 2925 minis-

335 2949 545 3010 terium
574 2949 805 3009 Christo
845 2947 1255 3024 exhibendum,
1284 2957 1346 3008 et
1384 2947 1557 3007 fidem
1600 2946 1876 3007 doctrinae
1916 2948 2099 3025 ipsius
2138 2947 2497 3024 faciendam3
2539 2955 2744 3024 postea

336 3037 530 3088 tamen
555 3029 893 3088 confirmato
920 3028 1256 3122 Evangelio·
1272 3027 1563 3103 desierint,
1585 3035 1673 3122 ut,
1699 3027 1967 3106 quamvis
1991 3027 2272 3088 invisibili
2295 3036 2494 3087 utatur
2519 3045 2746 3104 semper

339 3106 705 3184 Angelorum
730 3107 1066 3183 ministerio,
1088 3108 1213 3167 sive
1238 3107 1301 3166 in
1320 3107 1600 3183 Ecclesia,
1626 3107 1752 3166 sive
1778 3108 1840 3166 in
1862 3108 2106 3185 Mundo,
2122 3128 2244 3168 non
2259 3108 2508 3188 amplius
2527 3115 2742 3181 tamen,

339 3187 437 3246 vel
462 3185 753 3246 rarissime
780 3205 881 3246 505
908 3187 1249 3264 conspicuos
1274 3187 1607 3246 hominibus
1632 3186 1967 3247 reddiderit.

1266 3421 1641 3497 QUAEs'rlo
1681 3423 1830 3483 vn.

1128 3599 1207 3639 m:
1235 3598 1554 3640 onnmmus
1580 3597 1966 3640 ANGELORUM.

348 3743 445 3804 An
484 3743 629 3802 &tter
653 3741 899 3818 Anqclos
938 3743 1102 3800 detur
1137 3740 1343 3818 aliquis
1381 3742 1542 3815 ordo,
1572 3748 1628 3798 ct
1663 3739 1760 3798 An
1785 3739 2054 3798 ductim-tw
2091 3739 2202 3798 sint
2225 3740 2374 3798 inter
2397 3741 2546 3816 ipsos
2571 3741 2748 3799 Hier-

604 3821 816 3881 arckioe
834 3823 864 3880 3
912 3820 1009 3879 Pr.
1040 3819 1179 3897 ΑΗΖ,
1212 3820 1371 3880 Post.
1402 3821 1569 3898 Neg.,
1600 3827 1754 3880 cont.
1781 3820 1826 3881 J
1827 3818 2026 3878 udaeos
2051 3827 2110 3878 et
2138 3818 2495 3880 Pontificios.

436 3980 486 4040 I.
531 3981 617 4042 Ut
644 3981 900 4056 Quaestio
928 3978 1001 4038 de
1034 3979 1337 4040 ordimem
1362 3979 1709 4056 Angelorum
1734 3975 2001 4037 bifariam
2020 3987 2214 4057 potest
2239 3977 2424 4052 intelli
2471 3980 2506 4056 ⁸,
2536 3980 2633 4039 vel
2675 3979 2749 4038 de

360 4060 576 4122 Ordine
600 4059 938 4138 simpliciter,
968 4059 1071 4137 qui
1096 4058 1247 4119 inter
1267 4059 1519 4137 aequales
1546 4068 1756 4120 natura
1779 4058 2018 4135 obtinet,
2049 4059 2150 4118 An
2175 4060 2387 4137 aliquis
2415 4000 2583 4119 ‹Ietur
2609 4059 2752 4118 ordo

354 4140 504 4201 inter
530 4139 831 4218 Angelos;
861 4138 978 4198 Vel
1005 4138 1079 4199 de
1112 4139 1327 4200 Ordine
1342 4140 1680 4199 excellcntioe
1699 4158 1805 4198 seu
1821 4139 2112 4216 potestate
2131 4147 2192 4199 et
2201 4140 2626 4216 jurisdictionis,
2651 4140 2753 4199 An

354 4220 489 4280 talis
516 4219 594 4280 sit
618 4219 780 4296 ordo,
808 4239 913 4298 per
936 4237 1109 4296 quem
1135 4237 1288 4279 unus
1308 4218 1577 4297 Angelus
1602 4219 1804 4294 altero,
1831 4237 1950 4277 non
1975 4219 2150 4279 modo
2165 4219 2392 4280 differat
2419 4220 2627 4298 specie,
2651 4217 2756 4280 sed

357 4300 477 4358 vim
504 4307 565 4359 et
590 4299 996 4359 authoritatem
1022 4298 1235 4358 habeat
1276 4299 1339 4359 in
1366 4319 1516 4376 eum,
1544 4299 1701 4358 unde
1729 4307 1900 4358 certae
1926 4300 2182 4359 oriantur
2223 4299 2758 4378 Hierarchioe31ta

358 4379 435 4438 ad
461 4398 589 4438 eam
616 4377 887 4438 distincte
910 4378 1249 4456 responderi
1273 4379 1464 4438 debet.

361 4495 439 4542 Da
408 4494 483 4542 ari
520 4495 737 4543 ordinem
769 4495 841 4542 in
962 4458 1050 4519 11.
1080 4459 1231 4518 Nam
1251 4459 1327 4519 ad
1346 4459 1590 4537 primam
1609 4455 1770 4535 quod
1787 4456 2020 4537 attinet;
2051 4458 2184 4518 Non
2195 4479 2484 4554 negamus
2505 4459 2758 4536 aliquem

404 4559 485 4600 ter
476 4555 727 4628 Angelos,
754 4556 847 4602 Sed
888 4537 1040 4598 inter
1066 4537 1335 4616 Angelos
1359 4539 1546 4598 1101105
1572 4537 1834 4598 ordinem
1860 4538 2003 4614 dari,
2033 4559 2166 4598 cum
2192 4539 2254 4597 15
2295 4540 2443 4599 00510
2481 4539 2644 4597 nulla
2683 4538 2762 4596 sit

406 4613 515 4672 «ιώ
528 4613 637 4672 ⁸²¹⁵,
621 4627 853 4674 ignoran-
893 4619 1118 4699 ἅτιξιας
1162 4619 1243 4678 Et
1280 4618 1519 4678 nomina
1544 4619 1920 4680 Exercittmm
1957 4583 2267 4694 cicladum,
2295 4627 2364 4679 ut
2401 4625 2462 4678 et
2506 4620 2757 4678 Throno
