3300 5225
462 371 574 429 108
1395 385 1577 429 Locus
1605 384 1925 430 sncuunus.
2473 363 2722 445 [Quas-r.
2752 384 2856 425 111.

454 546 647 587 rarum
674 534 735 586 et
759 532 1103 605 punctorum
1126 524 1245 583 imo
1272 531 1332 585 et
1357 545 1567 585 vocum
1610 525 1981 603 integrarum,
2011 522 2243 603 quando
2285 542 2490 582 sensus
2529 522 2699 583 nobis
2741 542 2859 582 non

454 607 689 667 videtur
730 604 1067 666 commodus
1112 623 1189 664 ex
1234 603 1483 673 lectione
1523 604 1831 681 hodierna;
1893 604 2052 682 quod
2098 602 2175 663 V.
2227 603 2301 663 D.
2345 601 2683 682 pertendit}
2734 603 2858 663 Nos

456 707 531 747 ne
667 704 757 745 us.

532 706 686 826 Vixi.
744 762 1023 823 Rationes
1063 770 1215 839 sunt,
1263 766 1315 823 1.
1358 762 1511 839 Quia
1547 782 1623 822 ex
1663 763 1774 823 hac
1812 760 2123 840 hypothesi
2165 760 2424 837 sequitur
2463 760 2687 820 nullum
2731 759 2858 819 dari

456 845 710 904 Textum
750 842 1158 917 authenticum,
1201 843 1264 900 in
1304 861 1419 920 quo
1458 842 1603 901 fides
1644 841 1877 901 omnino
1917 840 2278 919 acquiescere
2316 840 2538 918 possit;
2583 840 2733 897 Nam
2760 840 2858 901 vel

458 933 612 985 esset
641 923 841 983 Codex
856 922 1167 981 hodiernus
1186 921 1549 981 Hebraicus:
1578 920 1683 980 sed
1703 940 1778 979 ex
1794 920 1907 978 ista
1929 920 2214 979 sententia
2237 919 2430 978 locum
2457 928 2616 979 tenet
2631 926 2856 979 tantum

457 1004 631 1063 unius
659 1001 1041 1079 ExemplariS,
1071 1009 1129 1060 et
1170 1000 1271 1058 illa
1296 1000 1527 1059 demum
1553 998 1726 1059 lectio
1753 999 1952 1058 haberi
1991 1006 2184 1077 potest
2208 1018 2313 1075 pro
2341 998 2670 1059 authentico
2697 997 2856 1059 fonte

460 1082 731 1156 Hebraeo,
774 1080 877 1140 ubi
914 1078 1109 1139 nullus
1143 1088 1233 1139 est
1273 1078 1421 1138 inter
1450 1080 1802 1157 Interpretes
1827 1078 2124 1137 dissensus
2151 1098 2186 1135 a
2215 1077 2426 1137 Codice
2464 1076 2761 1153 hodierne,
2789 1085 2857 1137 ut

458 1160 541 1220 ait
568 1162 645 1221 V.
676 1160 751 1219 D.
797 1158 1008 1236 Apolo.
1052 1167 1203 1218 cont.
1248 1158 1536 1233 Bootium,
1578 1178 1713 1235 pag.
1748 1161 1840 1216 1⁷.
1923 1157 2040 1216 Vel
2083 1156 2325 1215 Codices
2369 1156 2469 1215 alii
2511 1156 2722 1232 quibus
2763 1156 2856 1215 usi

458 1248 595 1299 sunt
610 1248 836 1298 veteres
866 1238 1249 1315 Interprctes3
1296 1236 1415 1297 Sed
1440 1245 1820 1315 praeterquam
1837 1236 1994 1313 quod
2021 1236 2201 1312 gratis
2217 1234 2457 1313 fingitur
2475 1255 2576 1295 eos
2595 1234 2858 1295 diversos

457 1318 635 1378 fuisse
663 1338 698 1376 a
720 1316 929 1377 Codice
958 1316 1252 1393 hodierno,
1281 1315 1440 1394 quod
1465 1323 1555 1376 est
1580 1317 1709 1394 ejus
1736 1320 1926 1397 πρῶτον
1945 1312 2142 1389 ψεῦδος,
2165 1324 2232 1375 ιιι
2257 1324 2460 1392 postea
2484 1314 2855 1392 probabitur3

458 1398 595 1457 licet
619 1397 731 1456 hoc
758 1396 845 1455 illi
872 1396 1119 1471 daretur,
1163 1415 1280 1455 non
1320 1403 1557 1473 possent
1592 1404 1786 1454 tamen
1825 1416 1980 1456 nunc
2018 1396 2193 1453 fidem
2235 1395 2436 1470 facere,
2467 1394 2605 1471 quia
2630 1393 2853 1453 deside-

458 1486 673 1551 rantur,
718 1496 827 1534 nec
870 1475 1116 1553 amplius
1159 1483 1361 1534 extant
1402 1476 1626 1552 uspiam
1671 1475 1782 1533 nisi
1825 1475 1888 1533 in
1929 1475 2042 1534 ista
2080 1474 2382 1548 versione,
2429 1493 2558 1551 quae
2602 1492 2732 1532 cum
2781 1473 2859 1533 sit

457 1558 709 1615 humana
734 1562 794 1615 et
831 1554 1111 1631 fallibiliS,
1150 1574 1269 1613 non
1310 1562 1503 1632 potest
1543 1553 1816 1613 Codicem
1857 1553 2250 1614 authenticum
2291 1552 2546 1612 reddere.
2631 1552 2857 1612 Deinde

458 1634 590 1714 quis
634 1634 807 1693 fidem
850 1633 1037 1693 facere
1084 1634 1311 1712 poterit,
1345 1633 1551 1691 LXX.
1580 1632 1912 1693 fidelissime
1941 1642 2168 1693 secutos
2204 1632 2382 1691 fuisse
2399 1629 2578 1692 ¹suum
2605 1632 2856 1691 Textum

460 1714 793 1788 Hebraeum,
824 1721 882 1772 et
908 1713 1160 1773 Textum
1188 1713 1457 1773 Graecum
1498 1711 1599 1791 qui
1632 1712 1805 1773 hodie
1845 1712 2059 1791 legitur
2097 1712 2448 1791 ipsissimum
2473 1730 2601 1772 esse
2629 1731 2760 1771 cum
2787 1728 2860 1771 eo·

458 1812 631 1873 quem
660 1792 867 1851 LXX.
897 1794 1251 1851 exararunt?

539 1872 721 1932 VIII.
766 1876 823 1931 2.
869 1870 933 1931 Si
972 1870 1371 1949 discrepantiae
1397 1890 1597 1931 omnes
1623 1870 1972 1931 Versionum
1999 1878 2260 1930 veterum
2287 1890 2323 1929 a
2347 1870 2540 1929 Textu
2578 1868 2858 1930 hodierno

458 1960 653 2011 essent
691 1950 933 2010 totidem
960 1950 1135 2009 variae
1174 1949 1451 2010 lectiones
1479 1950 1756 2011 Codicum
1788 1951 2167 2009 Hebraeorum
2207 1950 2566 2009 diversorum
2593 1970 2629 2008 a
2659 1958 2858 2009 nostro

458 2030 669 2108 quibus
694 2029 787 2089 usi
815 2036 951 2089 sunt
992 2029 1376 2107 Interpretes;
1422 2031 1539 2089 Cur
1563 2030 1778 2090 talium.
1796 2030 2072 2090 Codicum
2099 2029 2260 2088 nulla
2285 2029 2558 2087 remansit
2584 2028 2860 2087 memoria

459 2109 613 2188 apud
653 2110 914 2183 VetereS,
962 2116 1022 2169 et
1067 2110 1229 2167 nulla
1268 2118 1402 2168 sunt
1442 2110 1692 2187 vestigia
1731 2110 1886 2188 apud
1926 2109 2227 2184 Hebraeos,
2273 2108 2373 2185 qui
2418 2127 2455 2167 a
2495 2108 2693 2167 multis
2733 2109 2858 2186 jam

458 2188 671 2249 seculis
702 2196 822 2248 tam
861 2187 1172 2265 diligentes
1210 2188 1441 2247 fuerunt
1482 2188 1543 2247 in
1582 2189 1836 2247 minimis
1877 2188 2050 2247 etiam
2078 2188 2453 2247 varietatibus
2480 2186 2858 2247 observandis

458 2276 518 2327 et
545 2266 905 2345 colligendis,
932 2268 1021 2327 uti
1047 2267 1256 2327 docent
1282 2268 1674 2345 discrepantes
1702 2269 1978 2327 lectiones
2008 2268 2134 2326 Ben
2164 2266 2392 2325 Ascher
2419 2275 2478 2327 et
2505 2267 2633 2325 Ben
2661 2267 2854 2344 Neph-

458 2348 578 2423 tali,
610 2347 987 2408 Orientalium
1016 2355 1073 2405 et
1100 2346 1557 2407 occidentalium
1572 2350 1602 2407 Ρ
1683 2347 1826 2421 Quis
1859 2347 2012 2405 enim
2039 2346 2236 2406 credat
2260 2346 2368 2405 has
2393 2346 2700 2405 varietates
2726 2365 2858 2422 quae

456 2427 696 2487 minoris
724 2435 862 2486 sunt
883 2426 1159 2485 momenti
1196 2426 1555 2503 remansisse,
1585 2435 1645 2486 et
1685 2427 1816 2487 illas
1842 2446 1972 2503 quae
2000 2446 2086 2492 ex¹
2118 2426 2195 2485 V.
2241 2424 2657 2503 Interpretibus
2685 2425 2857 2484 hodie

459 2507 855 2582 observantur,
899 2505 981 2564 ita
1022 2506 1191 2582 plane
1231 2505 1591 2564 intercidisse
1630 2514 1698 2565 ut
1735 2506 1898 2565 nulla
1924 2525 2121 2564 eorum
2149 2505 2396 2582 supersit
2435 2504 2710 2563 memoria
2723 2507 2752 2563 P
2791 2511 2858 2563 ut

458 2586 613 2646 enim
652 2585 820 2663 plura
858 2583 1089 2644 fuerunt
1116 2583 1483 2661 exemplaria,
1512 2584 1721 2644 mirum
1749 2594 1838 2644 est
1864 2584 2024 2644 nulla
2050 2584 2126 2644 ad
2151 2604 2258 2644 nos
2285 2604 2468 2662 usque
2507 2582 2854 2662 pervenisse.

460 2670 518 2725 2.
566 2664 919 2741 Supponitur
958 2663 1139 2742 gratis
1182 2663 1371 2722 nullas
1412 2683 1539 2724 esse
1579 2664 2090 2742 discrepantiarum
2131 2664 2369 2724 istarum
2411 2683 2612 2723 causas
2651 2672 2860 2740 praeter

460 2744 855 2803 diversitatem
880 2742 1189 2819 Codicum3
1220 2762 1352 2801 cum
1368 2743 1497 2801 alise
1522 2743 1718 2821 plures
1733 2744 1908 2821 longe
1930 2743 2200 2803 certiores
2221 2753 2553 2820 occurrant;
2582 2743 2855 2820 quemad-

458 2822 696 2882 modum
739 2823 801 2879 in
842 2822 1135 2881 hodiernis
1180 2820 1561 2882 Versionibus
1605 2822 1758 2882 male
1805 2823 1934 2900 quis
1977 2823 2277 2900 colligeret
2325 2823 2676 2900 Interpretes
2721 2842 2862 2882 usos

458 2901 638 2962 fuisse
665 2901 911 2961 diversis
939 2901 1263 2976 Codicibua
1294 2901 1431 2977 quia
1457 2901 1822 2960 diversitates
1858 2902 2170 2961 innumerae
2196 2902 2635 2962 translationum
2663 2921 2858 2961 occur-

460 2991 613 3057 runt,
664 3001 795 3041 cum
842 2980 1037 3040 nullus
1077 2989 1286 3057 praeter
1329 2980 1600 3040 Codicem
1640 2980 1980 3040 hodiernum
2023 2989 2184 3040 extet
2224 3001 2298 3040 ex
2339 3001 2454 3058 quo
2497 2981 2664 3042 factae
2705 2991 2857 3041 sunt.

433 3061 517 3120 ,N
520 3080 613 3118 am
640 3061 771 3137 quis
811 3060 997 3119 nescit
1036 3079 1136 3118 eos
1178 3059 1385 3136 saepius
1426 3060 1500 3118 ad
1544 3080 1774 3119 sensum
1815 3061 2007 3138 potius
2043 3080 2217 3138 quam
2257 3060 2332 3119 ad
2359 3061 2539 3120 verba
2563 3061 2860 3121 attendere

458 3140 735 3219 potuisse,
782 3146 850 3198 ut
898 3139 1138 3198 Hieron.
1188 3159 1305 3197 non
1353 3140 1532 3198 semel
1578 3141 1660 3198 ait
1707 3141 1779 3200 de
1830 3141 2036 3200 LXX.
2089 3140 2507 3217 Interpretibus
2522 3144 2551 3200 Ρ
2633 3139 2859 3198 Deinde

460 3218 769 3296 aliquando
798 3216 1179 3295 discrepantia
1205 3219 1392 3296 potuit
1413 3219 1547 3278 oriri
1576 3219 1649 3278 ab
1671 3239 1869 3300 eorum
1896 3219 2180 3298 imperitia
2199 3219 2296 3278 vel
2321 3220 2694 3297 negligentia,
2723 3220 2862 3296 quia

458 3317 578 3357 non
604 3296 744 3357 satis
771 3297 1136 3357 attenderunt
1164 3297 1239 3356 ad
1266 3299 1460 3374 verba,
1490 3298 1644 3358 unde
1673 3300 1884 3376 saepius
1923 3300 2186 3358 aberrare
2226 3307 2536 3376 potuerunt
2575 3300 2636 3356 in
2675 3299 2860 3358 literis

459 3385 519 3436 et
546 3377 787 3436 vocibus
814 3375 1114 3452 similibuS,
1160 3377 1332 3436 etiam
1360 3378 1483 3436 sine
1513 3377 1674 3438 vario
1702 3378 1934 3454 codice;
1976 3387 2044 3438 ut
2069 3380 2268 3436 Hier-0.
2296 3378 2408 3436 hoc
2435 3398 2552 3436 non
2580 3379 2758 3436 semel
2797 3377 2860 3436 in

458 3455 577 3514 illis
604 3455 803 3534 carpit.
888 3459 945 3516 3.
990 3456 1242 3516 Nimiam
1282 3456 1573 3516 licentiam
1614 3466 1924 3534 potuerunt
1951 3457 2123 3515 etiam
2153 3476 2394 3532 sumere,
2421 3464 2488 3516 ut
2528 3457 2665 3515 licet
2691 3457 2860 3514 aliter

456 3535 717 3613 legerent
755 3535 817 3594 in
858 3555 963 3596 suo
1004 3534 1219 3611 codice,
1258 3536 1427 3595 aliter
1465 3543 1658 3595 tamen
1699 3535 1870 3594 nimis
1897 3535 2170 3596 audacter
2193 3534 2515 3611 redderent,
2545 3534 2702 3612 quod
2742 3553 2860 3594 non

458 3616 599 3674 satis
629 3634 861 3675 sensum
888 3623 947 3675 et
974 3615 1378 3675 cohaerentiam
1406 3615 1628 3674 Textus
1673 3615 1953 3674 Hebraici
1993 3623 2451 3692 assequerentur,
2483 3623 2542 3673 et
2567 3633 2700 3674 cum
2721 3613 2860 3673 'levi

456 3695 771 3755 mutatione
819 3714 1051 3754 sensum
1099 3714 1270 3772 quem
1314 3694 1726 3754 existimabant
1771 3695 2128 3754 commodius
2171 3692 2346 3752 fluere
2395 3693 2560 3770 sequi
2601 3693 2857 3753 mallent.

456 3777 514 3832 4.
539 3774 778 3834 Constat
806 3773 1119 3834 Versiones
1147 3775 1339 3833 varias
1366 3782 1591 3834 veteres
1619 3793 1736 3833 non
1763 3773 2010 3851 amplius
2037 3773 2184 3832 tales
2211 3792 2340 3832 esse
2365 3773 2567 3850 quales
2593 3770 2860 3851 primitus

455 3851 747 3912 adornatae
774 3853 1015 3927 fuerant,
1048 3853 1151 3911 sed
1176 3854 1384 3913 mirum
1412 3853 1473 3911 in
1498 3852 1735 3913 modum
1763 3861 2060 3930 corruptas
2087 3860 2145 3911 et
2171 3850 2518 3928 immutatas,
2548 3863 2614 3913 ut
2641 3851 2860 3912 certum

456 3939 547 3990 est
587 3931 905 4007 praesertim
932 3931 1007 3989 de
1035 3931 1243 3990 LXX.
1272 3939 1333 3990 et
1358 3932 1633 4008 Vulgata.
1719 3935 1776 3990 5.
1821 3933 2260 4010 Exscriptorum
2287 3931 2591 3991 oscitantia
2623 3931 2721 3992 vel
2743 3932 2856 4004 *im-

454 4008 662 4086 peritia
700 4009 826 4066 fieri
865 4011 1068 4085 potuit,
1101 4017 1167 4068 ut
1192 4009 1388 4068 multoe
1415 4011 1754 4088 corruptelae
1793 4011 1856 4068 in
1883 4010 2198 4071 Versiones
2224 4010 2555 4089 irreperent,
2584 4032 2716 4090 quse
2742 4029 2860 4070 non

457 4087 589 4146 ideo
616 4107 651 4145 a
676 4086 955 4146 varietate
984 4087 1261 4146 Codicum
1289 4097 1431 4146 ortae
1457 4099 1609 4147 sunt.

540 4165 661 4225 IX.
703 4169 761 4226 3.
808 4165 905 4224 Sic
932 4165 1247 4226 Versiones
1274 4167 1519 4226 Veteres
1558 4167 1986 4245 aequiparantur
2024 4169 2238 4228 Textui
2279 4169 2580 4246 originali3
2625 4170 2776 4228 Nam
2809 4168 2860 4227 si

457 4245 520 4304 in
568 4244 833 4304 omnibus
880 4243 1295 4322 discrepantiis,
1342 4245 1523 4306 nihilo
1570 4247 1758 4324 magis
1795 4247 1873 4306 V.
1925 4248 2275 4326 Interpretes
2315 4249 2392 4307 ad
2431 4249 2682 4308 Textum
2725 4255 2860 4307 sunt
2903 4271 2914 4280 ·

457 4323 844 4400 examinandi,
873 4343 1048 4401 quam
1088 4325 1183 4382 hic
1211 4324 1287 4383 ad
1324 4324 1473 4400 illos,
1506 4325 1609 4384 sed
1636 4325 1864 4402 utrique
1891 4326 1966 4385 ad
1993 4345 2354 4386 communem
2383 4327 2673 4386 Canonem
2703 4345 2856 4384 com-

457 4403 732 4462 modioris
774 4423 976 4462 sensus
1017 4403 1133 4462 sint
1174 4403 1464 4480 exigendi,
1507 4413 1574 4464 ut
1614 4405 1716 4463 illa
1755 4405 1927 4464 lectio
1954 4406 2166 4483 vincat,
2213 4425 2387 4483 quam
2427 4405 2614 4483 major
2655 4423 2858 4464 sensus

456 4483 859 4542 convenientia
876 4482 1377 4558 commendaverit,
1403 4484 1525 4543 sive
1554 4484 1656 4542 illa
1683 4484 1743 4542 in
1761 4485 1954 4544 Textu
1983 4485 2250 4560 HebraeO,
2286 4485 2412 4544 sive
2431 4485 2493 4542 in
2515 4501 2857 4561 quocunque

456 4563 696 4623 istorum
728 4563 1111 4640 Interpretum
1153 4563 1510 4639 inveniatur3
1557 4564 1734 4622 Nulla
1761 4564 1972 4624 Textui
2017 4565 2310 4624 Hebraico
2353 4565 2528 4641 supra
2569 4552 2644 4620 V.
2681 4563 2854 4620 inter-

454 4651 645 4719 pretes
687 4643 1003 4703 authoritas
1040 4641 1395 4721 relinquitur,
1436 4642 1547 4702 nisi
1586 4664 1714 4721 quae
1753 4665 1787 4702 a
1824 4645 2040 4722 majore
2078 4663 2282 4703 sensus
2319 4641 2724 4702 commoditate
2757 4659 2855 4719 pe·
