3300 5225
370 393 590 444 Qums‘r.
621 372 713 455 x.]
1233 393 1312 431 ns
1341 389 1935 432 mnnsrmsrrons.
2661 373 2784 431 315.

371 533 484 593 Dei
509 535 630 591 κατ’
661 529 876 592 εὐδοκίαν
914 531 1226 592 destruere.
1309 531 1412 590 Ad
1437 532 1596 610 ipsos
1622 531 1797 590 etiam
1838 527 2121 589 accedunt
2158 527 2248 587 illi
2274 547 2350 586 ex
2388 527 2635 607 Nostris,
2678 532 2781 609 qui

371 614 633 674 Gratiam
659 613 1045 672 universalem
1086 620 1338 688 tuentur,
1383 612 1484 690 qui
1509 620 1576 670 ut
1601 611 1829 670 facilius
1868 608 2256 670 universalem
2299 609 2777 687 Redemptionem

369 693 686 770 adstruant,
719 700 980 752 statuunt
1005 691 1299 751 decretum
1321 692 1394 750 de
1409 691 1692 751 mittendo
1714 690 1945 751 Christo
1971 709 2077 768 pro
2096 689 2281 748 salute
2297 690 2525 766 generis
2544 691 2781 749 humani

369 772 692 853 praecedere
711 773 1006 832 decretum
1024 772 1358 848 Electionis,
1379 771 1536 849 quod
1561 771 1770 830 volunt
1794 770 2020 832 versari
2043 770 2203 828 circa
2222 768 2473 828 dandam
2498 769 2691 847 fidem,
2722 779 2785 830 et

371 873 448 912 ex
475 855 820 934 φιλκνοςωπήι
846 853 960 910 Dei
988 853 1243 929 generali
1257 870 1622 944 premanere,
1656 859 1828 926 atque
1855 850 2003 910 adeo
2027 850 2205 909 latius
2231 868 2301 907 eo
2330 869 2475 942 esse.
2610 929 2624 943 ⁶

373 965 850 1096 manuum
891 932 1072 1071 fact?
1069 931 1350 1070 41¹m2010
1328 929 2201 1088 1321‘33333121323353522221
2208 928 2783 1086 ῥὲἔῖᾒέἓὲἶῖηἶῖ

459 1085 622 1130 Eleoti
621 1099 744 1130 ⁰⁰⁰⁰⁰
893 1093 1032 1168 quia
1057 1091 1481 1168 beneplacitum
1509 1089 1771 1148 excludit
1796 1109 2023 1148 omnem
2052 1108 2285 1148 causam
2312 1097 2479 1147 extra
2508 1091 2714 1165 Deum,
2746 1109 2785 1148 a

518 1169 743 1229 Electio
769 1171 1051 1248 pendeat;
1094 1170 1232 1230 hinc
1257 1169 1412 1248 apud
1442 1170 1685 1245 Mosem,
1716 1169 1922 1246 inquit,
1951 1169 2253 1227 miserebor
2278 1171 2435 1244 cujus
2459 1171 2779 1246 mzleerebor,

373 1189 490 1308 ἓξ
571 1249 668 1308 Sic
697 1250 866 1309 Matt.
909 1250 992 1308 xi.
1035 1253 1132 1310 25.
1178 1253 1214 1284 ‘⁶
1245 1249 1536 1309 Confiteor
1576 1249 1689 1308 tibi
1728 1249 1919 1324 Pater,
1962 1247 2123 1324 quod
2160 1248 2541 1308 occultaveris
2580 1249 2707 1307 haec
2747 1269 2786 1308 a

373 1329 748 1406 sapientibus,
778 1339 838 1388 et
863 1330 1338 1408 intelligentibus,
1383 1337 1444 1388 et
1469 1349 1538 1388 ea
1563 1328 1919 1388 revelaveris
1946 1327 2281 1387 infantibus.
2365 1327 2559 1386 Etiam
2590 1329 2781 1406 Pater,

373 1410 475 1485 qui
536 1410 619 1468 ita
655 1409 873 1487 placuit
912 1411 1080 1486 tibist
1124 1417 1183 1469 ct
1225 1410 1394 1468 Rom.
1437 1409 1520 1468 ix.
1565 1411 1659 1468 11.
1704 1410 1741 1442 ‘⁴
1772 1408 1859 1468 Ut
1895 1408 2253 1485 propositum
2296 1407 2409 1465 Dei
2468 1408 2787 1467 secundum

373 1489 732 1548 Electionem
771 1489 1000 1549 firmum
1041 1496 1316 1565 maneret,
1361 1507 1478 1548 non
1519 1509 1596 1548 ex
1637 1488 1924 1565 operibus,
1969 1487 2074 1546 sed
2113 1507 2187 1546 ex
2228 1489 2532 1564 vocante,”
2578 1485 2686 1548 &e
2726 1497 2788 1547 et

371 1587 430 1626 v.
478 1571 570 1627 16.
617 1571 654 1602 “
697 1569 830 1627 Non
884 1577 975 1628 est
1019 1570 1288 1645 volentis,
1339 1588 1449 1627 nec
1515 1568 1815 1642 currentis,
1874 1566 1981 1626 sed
2038 1566 2365 1626 miserentis
2423 1567 2594 1642 Dei,'’
2639 1567 2785 1627 Luc.

372 1647 474 1706 xii.
495 1651 591 1707 32.
638 1649 674 1681 “
694 1649 782 1707 Ne
809 1649 950 1708 time
976 1667 1154 1727 parve
1183 1668 1348 1727 grex,
1376 1649 1513 1726 quia
1541 1645 1811 1727 (sabe-m)
1840 1646 2013 1706 libuit
2041 1647 2202 1705 Patri
2228 1653 2424 1706 vestro
2451 1647 2588 1706 dare
2616 1647 2787 1707 vobis

375 1727 704 1805 Regnum.'’
793 1728 858 1788 Si
883 1749 1024 1789 vero
1052 1731 1245 1788 omnia
1285 1730 1346 1787 in
1374 1728 1622 1787 solidum
1664 1729 1776 1787 soli
1815 1727 2177 1805 beneplacito
2219 1726 2333 1785 Dei
2360 1725 2785 1804 adscribuntur,

372 1826 492 1866 non
517 1816 710 1884 potest
735 1827 845 1866 nec
883 1807 1057 1868 debet
1083 1809 1198 1868 alia
1223 1818 1390 1869 extra
1427 1809 1619 1885 ipsum
1647 1827 1824 1868 causa
1850 1807 2049 1885 quaeri.
2134 1806 2258 1866 Nec
2289 1807 2463 1884 juvat
2498 1807 2783 1884 excipere,

373 1886 798 1962 beneplacitum
825 1887 984 1946 istud
1009 1888 1071 1946 in
1100 1889 1329 1948 Christo
1357 1887 1586 1946 fundari
1611 1897 1681 1947 ut
1706 1907 1849 1964 erga
1870 1906 1979 1946 nos
2006 1894 2310 1962 exeratur3
2353 1887 2491 1963 quia
2517 1887 2676 1946 aliud
2698 1896 2789 1947 est

377 1965 586 2024 debere
614 1965 676 2022 in
705 1965 934 2024 Christo
962 1966 1207 2042 fundari,
1251 1975 1318 2026 ut
1345 1987 1520 2026 causa
1559 1967 1934 2026 antecedente
1962 1984 1998 2024 a
2037 1985 2155 2043 qua
2190 1964 2457 2043 pendeat,
2501 1967 2658 2043 quod
2684 1987 2789 2026 ne-

376 2063 622 2183 {w
631 2046 1380 2202 &2332223331223223
1381 2047 1873 2202 ἰἷὲἰξῃέιξᾶὲὲἑΐ
1886 2066 1966 2183 ἐξ
1980 2045 2787 2203 {fflfflfflffiffss

377 2212 550 2278 nato;
595 2203 753 2280 quod
779 2203 1169 2263 concedimus.⁴
1936 2215 1951 2222 '

458 2283 570 2342 VI.
615 2287 670 2341 2.
701 2283 852 2357 Quia
891 2282 1160 2342 effectum
1188 2282 1508 2343 Electionis
1531 2301 1650 2343 non
1690 2289 1883 2360 potest
1915 2281 2033 2341 dici
2058 2282 2186 2359 ejus
2213 2301 2423 2358 causa3
2466 2282 2551 2343 At
2594 2283 2787 2342 Chris-

375 2370 472 2420 tus
501 2370 590 2421 est
629 2361 896 2422 effectum
925 2363 1259 2439 Electionis,
1303 2371 1504 2440 utpote
1533 2363 1632 2440 qui
1660 2363 1881 2422 electus
1905 2362 2031 2441 ipse
2058 2361 2135 2423 sit
2171 2370 2234 2420 et
2268 2362 2685 2440 prseordinatus
2724 2363 2789 2422 in

381 2441 779 2515 Mediatorem,
826 2443 943 2501 Isa.
971 2442 1098 2500 xlii.
1131 2447 1183 2519 1,
1234 2447 1264 2500 1
1299 2443 1426 2502 Pet.
1453 2443 1494 2502 i.
1525 2445 1622 2518 20,
1666 2451 1727 2501 et
1766 2442 1943 2500 Joan.
1984 2443 2067 2502 iii.
2114 2444 2209 2517 16,
2249 2442 2355 2500 ubi
2395 2442 2629 2502 dilectio
2673 2443 2787 2502 Dei

375 2539 518 2598 erga
541 2520 823 2580 mundum
863 2521 1138 2600 praecedit
1163 2519 1364 2581 ordine
1389 2521 1725 2580 missionem
1765 2521 1905 2579 Filii
1943 2528 2217 2598 tanquam
2254 2523 2385 2600 ejus
2411 2541 2602 2581 causa.
2690 2522 2789 2582 Sic

381 2605 410 2659 1
444 2601 487 2661 J
490 2622 618 2661 oan.
647 2601 728 2661 iv.
763 2603 854 2661 10.
903 2603 942 2635 “
970 2601 1044 2660 In
1087 2602 1194 2661 eo'’
1241 2603 1454 2662 dicitur
1495 2605 1534 2637 ‘⁶
1561 2601 1813 2661 charitas
1854 2622 1981 2660 esse
2012 2601 2141 2676 Dei,
2171 2621 2289 2660 non
2331 2601 2489 2680 quod
2516 2601 2787 2662 dilexeri-

374 2700 506 2740 mus
535 2682 742 2756 Deum,
788 2680 892 2740 sed
919 2680 1078 2759 quod
1116 2682 1279 2741 Deus
1319 2683 1478 2761 prior
1515 2700 1624 2741 nos
1664 2681 1951 2757 dilexerit,
1994 2690 2055 2740 ct
2094 2681 2321 2742 dederit
2361 2682 2576 2741 Filium
2618 2702 2789 2742 suum

374 2781 480 2839 pro
506 2761 736 2819 nobis.''
823 2762 1066 2821 Frustra
1106 2761 1392 2821 Corvinus
1419 2770 1478 2821 et
1504 2762 1606 2821 alii
1631 2761 1945 2838 excipiunt,
1991 2762 2238 2839 supponi
2265 2762 2498 2839 quidem
2522 2763 2788 2821 missioni

376 2840 592 2901 Christi
617 2842 870 2919 aliquem
897 2860 1150 2901 amorem
1178 2860 1280 2901 seu
1308 2840 1576 2901 affectum
1615 2841 1681 2899 in
1722 2841 1849 2899 Deo
1890 2841 2203 2900 miserendi
2242 2842 2317 2899 ad
2358 2842 2638 2918 salutem3
2683 2842 2791 2901 sed

375 2940 502 2979 esse
530 2938 892 2981 communem
921 2930 980 2981 et
1004 2922 1392 2981 universalem
1431 2930 1699 2999 respectu
1724 2920 1999 2996 omnium,
2041 2940 2161 2979 non
2188 2922 2495 2998 specialem
2522 2930 2787 2999 respectu

375 3001 723 3061 electorum:
755 3001 905 3076 Quia
930 3002 1042 3061 hoc
1071 3002 1254 3079 gratis
1283 3002 1640 3079 supponitur,
1674 3020 1791 3059 non
1818 3001 2131 3078 probatum-3
2174 3001 2399 3059 nullum
2429 3001 2583 3060 enim
2609 3002 2787 3060 talem

376 3098 627 3138 amorem
653 3079 1039 3139 universalem
1069 3082 1380 3140 salutarem
1405 3100 1480 3139 ex
1513 3081 1809 3157 Scriptura
1837 3080 2222 3157 agnoscimus,
2262 3080 2369 3139 sed
2392 3088 2618 3140 tantum
2658 3101 2787 3159 spe-

377 3158 582 3217 cialem
609 3176 752 3235 erga
777 3160 1008 3235 electos,
1053 3160 1264 3237 quibus
1293 3160 1563 3219 Christus
1586 3168 1815 3220 tantum
1859 3160 2133 3219 Servatur
2158 3168 2218 3219 et
2246 3160 2434 3238 Caput
2460 3159 2787 3221 destinaba-

376 3245 488 3311 tm,
518 3245 585 3295 ut
613 3255 720 3294 suo
745 3237 873 3296 loco
900 3238 1254 3314 probabitur.

459 3315 608 3374 VII.
651 3319 707 3374 3.
738 3316 951 3391 Tertio,
984 3318 1354 3377 confirmatur
1379 3336 1455 3375 cx
1483 3336 1569 3394 eo,
1600 3316 1761 3394 quod
1786 3318 2075 3396 objectum
2092 3318 2253 3395 prius
2280 3318 2453 3378 dehet
2478 3338 2607 3377 esse
2634 3327 2785 3395 actu,

379 3394 480 3473 qui
509 3394 662 3454 circa
689 3394 836 3453 illud
876 3404 1142 3456 versatur
1160 3418 1179 3457 τ
1219 3396 1304 3456 At
1343 3396 1650 3473 Objectum
1690 3397 1885 3455 meriti
1924 3396 2141 3456 Christi
2180 3406 2317 3457 sunt
2356 3396 2583 3474 Electi;
2628 3400 2789 3475 Ergo

380 3474 605 3533 Electio
633 3474 957 3552 praecedere
997 3475 1172 3535 debet
1213 3484 1274 3535 et
1317 3474 1801 3552 Redemptionem
1841 3484 1902 3533 et
1947 3475 2241 3534 decretum
2286 3478 2433 3553 ejus.
2478 3477 2789 3553 Objectum

381 3562 574 3613 autem
601 3554 803 3613 mortis
849 3554 1063 3614 Christi
1089 3572 1218 3614 esse
1246 3556 1500 3630 Electos,
1547 3574 1623 3613 cx
1668 3554 1785 3612 illis
1824 3554 1969 3611 locis
2010 3554 2311 3629 evincitur,
2355 3575 2485 3631 quae
2526 3564 2791 3615 statuunt

381 3632 672 3692 Christum
689 3652 796 3711 pro
821 3634 1036 3711 populo
1059 3652 1180 3710 suo,
1207 3634 1378 3695 Matt.
1400 3635 1458 3709 i.,
1481 3652 1587 3711 pro
1615 3633 1841 3707 ovibus,
1866 3632 1909 3690 J
1912 3632 2006 3690 oh.
2029 3652 2111 3707 x.,
2131 3651 2237 3708 pro
2264 3634 2479 3707 amicis,
2504 3634 2547 3692 J
2550 3634 2644 3692 oh.
2663 3654 2787 3710 xv„

377 3732 484 3791 pro
514 3713 778 3771 Ecclesia
805 3732 866 3771 se
895 3713 1140 3789 dedisse,
1175 3714 1324 3792 Eph.
1354 3734 1410 3772 v.
1443 3716 1542 3771 25.
1625 3713 1750 3770 Nec
1778 3712 1831 3770 si
1860 3711 2155 3789 Scriptura
2180 3711 2321 3769 alibi
2356 3712 2531 3771 latius
2557 3713 2792 3771 videtur

379 3791 690 3851 extendere
731 3800 974 3851 mortem
1013 3793 1226 3853 Christi
1267 3794 1343 3852 ad
1383 3808 1600 3868 omnes,
1644 3791 1920 3850 continuo
1958 3790 2363 3849 universalitas
2396 3791 2658 3851 absolute
2698 3801 2795 3851 est

377 3868 772 3948 intelligenda,
817 3871 922 3929 sed
948 3871 1207 3948 limitata,
1237 3873 1336 3931 vel
1361 3880 1626 3949 respectu
1652 3871 2047 3931 universitatis
2086 3870 2361 3945 fidelium,
2399 3872 2497 3929 vel
2523 3880 2789 3948 respectu

379 3965 655 4028 generum
685 3951 1060 4027 singulorum,
1091 3970 1208 4009 non
1237 3952 1594 4029 singulorum
1623 3970 1919 4029 generum,
1946 3959 2014 4009 ut
2038 3958 2241 4027 postea
2268 3950 2769 4011 demonstrabitur.

459 4028 642 4089 VIII.
688 4030 922 4105 Quart0‚
953 4031 1198 4089 intentio
1225 4031 1358 4090 finis
1385 4031 1709 4109 praecedere
1750 4030 1924 4089 debet
1950 4030 2390 4089 destinationem
2432 4030 2749 4090 mediorum
2768 4054 2786 4091 ι

379 4108 466 4169 At
494 4108 652 4168 salus
677 4117 769 4168 est
792 4106 943 4184 finis,
975 4108 1238 4170 Christus
1255 4120 1344 4170 est
1371 4111 1659 4186 medium3
1705 4111 1864 4187 Ergo
1891 4110 2051 4187 prius
2078 4109 2303 4186 concipi
2324 4110 2497 4169 debet
2512 4109 2788 4169 destinari

379 4190 624 4248 salutem
653 4189 869 4263 electis,
913 4208 1086 4267 quam
1115 4190 1392 4249 destinari
1421 4190 1713 4249 Christum
1739 4188 1817 4248 ad
1854 4190 2029 4247 finem
2056 4188 2219 4247 illum
2248 4189 2643 4248 obtinendum.
2704 4191 2791 4250 Ut

375 4268 620 4327 intentio
648 4268 890 4327 sanandi
917 4286 1136 4346 aegrum
1161 4270 1485 4347 praecedere
1513 4269 1688 4328 debet
1715 4268 1932 4327 Medici
1957 4268 2403 4345 inquisitionem,
2428 4277 2488 4328 et
2508 4269 2787 4329 remedio·

375 4347 994 4503 ἓὲὤὲἓξὶῖίἓίἶέἶ
1008 4350 1436 4505 effugii?
1447 4356 1566 4486 ⁵133ss
1590 4356 1801 4504 3333.
1811 4349 2789 4504 ffitt‘zmnieffiffissmfflfflss

379 4502 648 4583 eligendo
680 4508 990 4566 servatore
1017 4508 1118 4585 qui
1145 4508 1291 4585 ipsis
1317 4508 1562 4566 salutem
1587 4517 1937 4583 procuraret.
2020 4507 2191 4564 Alias
2204 4506 2321 4565 fine
2348 4506 2567 4565 incerto
2594 4507 2787 4565 venis·-

379 4595 470 4645 set
498 4586 778 4661 Christus,
823 4594 884 4645 ct
909 4585 1232 4646 destinatus
1259 4587 1464 4645 fuisset
1492 4584 1861 4671 Redemptor,
1906 4594 2213 4662 antequam
2242 4587 2389 4644 nihil
2416 4585 2572 4664 apud
2598 4586 2789 4643 Deum

381 4664 456 4723 de
481 4665 602 4723 illis
627 4666 729 4741 qui
756 4665 946 4743 reipsa
971 4666 1292 4725 redimendi
1319 4672 1483 4725 erant
1509 4665 1885 4724 constitutum
1912 4663 2133 4724 fuisset.
