3300 5225
388 408 615 458 QuAEsr.
645 388 764 470 nn]
1366 409 1444 449 nu
1473 408 1829 450 cucumim.
2577 372 2586 381 ’
2676 393 2793 457 ,389

378 569 503 610 non
529 549 592 609 in
621 548 944 609 Creatione.
988 552 1044 609 2.
1060 549 1150 613 ,In
1177 549 1470 609 miraculis
1497 550 1795 629 patrandis
1836 549 2100 611 homines
2128 568 2191 609 se
2217 548 2543 609 habuerunt
2569 557 2795 608 tantum

383 630 694 706 moraliter,
727 636 795 688 ut
833 629 1216 689 instrumenta
1243 631 1500 705 moralia,
1531 630 1606 689 ad
1646 651 1893 709 quorum
1932 630 2299 709 praesentiam
2330 630 2491 690 Deus
2519 630 2792 708 operaba-

383 716 496 784 tur,
529 709 633 767 sed
659 729 778 767 non
809 711 1056 785 physice,
1087 710 1172 769 ita
1197 720 1262 769 ut
1288 710 1431 769 reali
1457 710 1656 788 aliqua
1681 712 1907 770 actione
1936 730 2081 789 opus
2108 710 2517 769 miraculosum
2545 709 2791 786 attinge-

381 800 547 865 rent3
591 788 746 847 unde
774 789 1048 866 Apostoli
1073 798 1291 868 negant
1319 810 1381 849 se
1421 792 1655 868 propria
1681 792 1897 851 virtute
1924 791 2202 849 miracula
2230 789 2415 865 edere,
2448 789 2550 849 sed
2578 789 2793 848 virtute

386 868 604 928 Christi
649 876 892 945 tantum,
937 869 1074 928 Act.
1117 870 1199 929 iii.
1246 873 1338 945 12,
1383 872 1650 948 quamvis
1693 872 1847 929 enim
1895 870 2135 931 effectus
2178 870 2406 948 physici
2448 890 2566 928 non
2608 870 2795 947 possit

384 968 512 1009 esse
541 968 716 1007 causa
739 948 976 1007 moralis
1002 957 1244 1025 tantum,
1288 958 1480 1027 potest
1506 959 1701 1009 tamen
1728 970 1855 1011 esse
1884 951 2077 1029 aliqua
2104 971 2279 1010 causa
2303 950 2538 1008 moralis
2578 948 2791 1009 instru-

383 1028 656 1087 mentalis
683 1028 856 1087 simul
881 1048 1017 1089 cum
1043 1029 1303 1106 physica.
1378 1029 1494 1089 Sed
1521 1031 1580 1087 in
1611 1031 1898 1091 creatione
1921 1051 2051 1107 quse
2077 1030 2144 1089 fit
2170 1038 2478 1106 momente,
2510 1030 2657 1089 etin
2676 1048 2793 1107 qua

381 1109 608 1167 nullum
635 1109 978 1186 supponitur
1003 1110 1347 1186 subjectum,
1377 1110 1539 1169 nulla
1578 1118 1772 1188 potest
1804 1110 1931 1169 dari
1972 1131 2145 1170 causa
2186 1109 2653 1185 instrumentalis,
2684 1128 2791 1169 nee

319 1214 328 1221 ·
381 1188 640 1265 physica,
671 1208 778 1247 nec
805 1188 1057 1249 moralis,

463 1268 649 1326 VIII.
689 1268 850 1327 Deus
871 1269 1090 1327 creavit
1111 1269 1304 1327 omnia
1328 1288 1432 1345 per
1462 1270 1719 1345 Verbum,
1749 1290 1867 1329 non
1886 1276 2161 1348 tanquam
2187 1288 2292 1346 per
2316 1269 2551 1328 modum
2578 1268 2790 1328 instru—

381 1348 561 1407 menti
600 1356 657 1406 et
695 1367 884 1406 causae
925 1348 1333 1423 ministeriaIiS,
1379 1348 1483 1406 sed
1520 1350 1833 1409 efficienter
1876 1359 1935 1409 et
1980 1349 2373 1427 principaliter
2413 1368 2517 1426 per
2553 1350 2793 1411 Verbum

369 1430 692 1503 personale,
725 1427 941 1485 Filium
972 1427 1085 1485 Dei
1105 1436 1400 1503 aeternum‚
1425 1429 1683 1505 ejusdem
1710 1449 1842 1488 cum
1864 1430 2037 1488 Patre
2060 1430 2339 1503 essentiae,
2371 1430 2473 1506 qui
2499 1426 2630 1485 ideo
2659 1447 2792 1486 cum

383 1506 556 1565 Patre
583 1514 642 1566 et
686 1506 904 1584 Spiritu
949 1507 1009 1565 S.
1039 1508 1270 1565 unicam
1297 1526 1530 1565 causam
1559 1510 1797 1567 totalem
1826 1509 2131 1567 creationis
2160 1508 2484 1584 constituit;
2529 1508 2698 1583 cujus
2724 1514 2791 1565 ut

381 1586 581 1645 eadem
612 1594 701 1645 est
740 1595 963 1662 natura,
1007 1586 1089 1645 ita
1117 1586 1318 1645 eadem
1347 1594 1437 1645 est
1463 1588 1789 1663 causalitas,
1820 1596 1880 1647 et
1905 1589 1998 1645 vis
2026 1590 2307 1669 ing-mazia,
2339 1594 2569 1646 servato
2596 1596 2791 1645 tamen

382 1666 582 1725 ordine
610 1666 839 1743 agendi,
884 1666 984 1743 qui
1025 1666 1143 1725 illis
1185 1666 1476 1743 competit.
1560 1667 1686 1726 Nec
1716 1668 1765 1725 si
1792 1667 1836 1728 J
1839 1668 1933 1726 oh.
1964 1668 2001 1725 i.
2034 1671 2088 1742 3,
2122 1670 2313 1727 omnia
2340 1666 2611 1725 dicuntur
2638 1667 2792 1725 facta

381 1743 466 1803 διὰ
494 1746 664 1820 λόγου,
695 1745 806 1805 hoc
825 1746 1014 1823 magis
1036 1766 1270 1805 causam
1295 1747 1793 1805 instrumentalem
1820 1755 2001 1823 notat,
2026 1766 2199 1823 quam
2220 1766 2355 1805 cum
2375 1746 2567 1806 omnia
2587 1745 2787 1805 dicun·

381 1837 477 1885 tur
503 1846 629 1885 esse
659 1824 726 1883 2⁶³
753 1828 906 1885 αὐτοῦ
923 1846 1037 1902 per
1063 1826 1260 1902 zpsum,
1293 1827 1416 1885 scil.
1449 1827 1657 1902 Deum,
1691 1827 1860 1885 Rom.
1890 1828 1972 1886 xi.
2003 1830 2099 1887 36.

464 1906 583 1965 IX.
628 1906 906 1981 Quamvis
950 1906 1110 1965 Deus
1153 1926 1272 1966 non
1299 1906 1492 1965 valeat
1533 1907 1955 1966 communicare
1983 1907 2105 1964 vim
2146 1906 2461 1965 creativam
2494 1913 2787 1981 creaturae,

379 2005 499 2044 non
527 1988 786 2063 sequitur
812 1986 924 2045 hoc
949 1986 1346 2062 impotentiam
1384 1987 1444 2044 in
1475 1986 1601 2045 Deo
1629 2007 1889 2064 arguere,
1919 1987 2059 2064 quia
2083 1987 2195 2046 hoc
2220 2007 2339 2044 non
2364 1986 2432 2046 fit
2459 2006 2535 2045 ex
2563 1985 2792 2045 defectu

382 2065 633 2142 virtutis,
665 2066 770 2125 sed
789 2086 866 2125 ex
887 2066 1014 2142 ejus
1042 2065 1409 2142 perfectione,
1433 2086 1562 2144 quse
1584 2086 1702 2126 non
1730 2074 1921 2143 potest
1942 2067 2179 2125 extendi
2206 2066 2282 2123 ad
2310 2065 2787 2141 contradictoria;

381 2144 542 2204 Talis
583 2155 776 2204 autem
817 2146 1259 2204 communicatio
1299 2144 1575 2223 implicat,
1606 2155 1731 2204 tum
1772 2165 1807 2203 a
1844 2154 2007 2223 parte
2037 2146 2165 2221 Dei,
2211 2146 2311 2221 qui
2353 2144 2596 2222 gloriam
2626 2164 2789 2204 suam

383 2224 550 2284 alteri
587 2225 765 2299 daret,
807 2234 930 2284 tum
958 2246 994 2284 a
1032 2233 1194 2302 parte
1224 2226 1530 2301 Creaturae,
1563 2224 1700 2302 quia
1734 2225 1817 2283 sic
1854 2234 2010 2284 esset
2038 2224 2161 2284 Ens
2202 2224 2491 2283 infinitum
2518 2234 2577 2283 et
2605 2224 2788 2283 omni-

381 2314 605 2383 potens,
636 2304 715 2364 id.
743 2325 863 2363 non
891 2306 1184 2365 Creatura.

463 2385 550 2444 X.
593 2384 874 2463 Ejusdem
903 2394 992 2443 est
1017 2383 1251 2443 virtutis
1279 2404 1488 2459 creare,
1520 2392 1580 2444 et
1615 2403 1906 2460 recreare;
1951 2384 2032 2443 Et
2060 2383 2111 2442 si
2136 2383 2323 2443 virtus
2350 2382 2575 2442 infinita
2600 2382 2789 2459 requi—

379 2464 527 2525 ritur
552 2465 629 2524 ad
655 2465 982 2540 creandum,
1013 2484 1131 2523 non
1157 2464 1346 2523 minor
1373 2464 1629 2541 exigitur
1661 2464 1736 2522 ad
1776 2461 2168 2522 recreandum.
2254 2463 2427 2523 Unde
2454 2463 2627 2523 toties
2654 2482 2789 2527 con,-

381 2545 572 2603 versio
593 2546 824 2604 nomine
845 2544 1152 2603 creationis
1175 2544 1530 2622 exprimitur,
1552 2553 1610 2602 et
1629 2544 1849 2603 invicta
1874 2544 1984 2601 Dei
2003 2543 2259 2621 potentia
2278 2544 2341 2601 in
2360 2563 2431 2602 ea
2450 2543 2791 2620 celebratur,

382 2625 532 2702 Eph.
562 2626 601 2684 i.
635 2628 727 2702 19,
759 2629 854 2701 20,
887 2633 945 2684 et
972 2625 1052 2684 iii.
1087 2628 1178 2701 16,
1211 2627 1306 2684 20.
1393 2625 1516 2683 Nec
1545 2625 1594 2683 si
1633 2625 1795 2683 Deus
1836 2644 1939 2701 per
1965 2623 2345 2684 ministerium
2385 2625 2700 2698 hominum,
2732 2631 2795 2684 et

380 2705 732 2782 praeconium
759 2705 944 2765 Verbi
971 2706 1142 2764 istam
1171 2713 1454 2783 operatur,
1485 2705 1598 2764 hoc
1623 2704 1693 2764 fit
1718 2723 1821 2781 per
1847 2723 1949 2763 eos
1974 2713 2043 2763 ut
2080 2723 2183 2780 per
2210 2723 2441 2763 causam
2468 2703 2790 2782 physicam,

381 2785 486 2844 sed
540 2793 764 2846 tantum
811 2785 1122 2862 moralem;
1183 2803 1315 2846 cum
1367 2784 1616 2861 Spiritus
1669 2783 1729 2844 S.
1780 2783 2035 2844 efficacia
2080 2784 2205 2842 sola
2250 2785 2365 2844 hoc
2405 2784 2591 2862 possit
2644 2803 2791 2862 opus

380 2885 673 2944 peragere.

1304 3105 1695 3181 QUAESTIO
1737 3105 1858 3165 ΙΙΙ.

621 3265 717 3324 An
743 3265 996 3324 Mundus
1007 3264 1196 3338 fiacr-it
1219 3265 1291 3322 ab
1319 3273 1542 3341 ceter-no,
1571 3267 1663 3325 vel
1686 3285 1799 3324 esse
1823 3268 2022 3324 saltem
2038 3266 2293 3342 potuerit
2311 3266 2340 3325 3
2382 3265 2533 3344 Neg.

383 3459 427 3507 ²·
443 3459 868 3566 tfflfftzr‘sstx
908 3422 2133 3580 tta?‡2⁹2„22¹2252‚03523223513?550424b
2160 3424 2409 3562 3222&
2449 3423 2792 3562 ‘¹212OEss

441 3579 623 3679 ssffidis
669 3581 870 3680 h⁰⁰¹¹t¹⁸⁸
898 3581 1166 3658 possibili,
1199 3581 1300 3639 An
1327 3581 1578 3658 potuerit
1606 3581 1809 3640 saltem
1838 3599 1983 3640 esse.
2058 3581 2251 3638 Prima
2282 3581 2589 3640 intercedit
2620 3581 2791 3640 nobis

557 3649 670 3694 0⁸⁰1>
706 3651 774 3680 ⁰⁸·
903 3681 1036 3720 cum
1055 3661 1350 3720 veteribus
1373 3660 1759 3737 Philosophia,
1784 3660 1885 3737 qui
1903 3659 2105 3718 mundi
2126 3660 2503 3718 aeternitatem
2532 3679 2788 3718 asseruee

381 3751 534 3815 runt,
564 3741 662 3800 vel
703 3742 1074 3801 materialiter
1113 3749 1355 3815 tantum,
1385 3747 1453 3800 ut
1491 3741 1680 3815 Plato,
1710 3740 1933 3798 ratione
1972 3740 2244 3815 materiae,
2288 3759 2462 3817 quam
2500 3738 2793 3798 statuebat

381 3829 726 3880 coaeternam
757 3820 918 3898 Deo;
965 3841 1002 3880 a
1027 3840 1144 3899 quo
1171 3820 1450 3924 figmento
1479 3819 1654 3878 alieni
1694 3839 1811 3877 non
1853 3819 2085 3879 fuerunt
2129 3819 2330 3894 Stoici,
2362 3818 2479 3877 duo
2506 3818 2791 3896 principia

380 3919 572 3958 rerum
613 3908 908 3977 ponentes,
944 3907 1042 3960 νοῦν
1081 3904 1172 3959 καὶ
1201 3901 1338 3975 ὓλην,
1367 3909 1602 3959 mentem
1631 3907 1691 3958 et
1716 3899 2033 3957 materiam.
2096 3898 2213 3957 Vel
2251 3899 2427 3958 etiam
2438 3898 2787 3976 somaliter,

379 3989 448 4039 ut
472 3981 810 4056 Aristoteles,
834 3981 936 4058 qui
963 3980 1240 4040 mundum
1267 3979 1443 4039 etiam
1460 3979 1777 4038 formaliter
1804 3986 2080 4037 aeternum
2108 3979 2369 4053 asseruit,
2394 3987 2453 4038 et
2480 3979 2553 4037 ab
2576 3986 2791 4040 aeterno

381 4058 560 4118 fuisse
580 4061 740 4119 vices
761 4061 1143 4120 mutationum
1165 4061 1226 4118 in
1243 4060 1612 4138 generatione
1629 4067 1690 4118 et
1716 4058 2079 4135 corruptione
2096 4058 2403 4136 pertendit,
2426 4067 2597 4135 prout
2616 4058 2790 4119 hodie

381 4148 708 4216 cernuntur,
750 4140 854 4198 lib.
884 4139 1007 4199 viii.
1040 4139 1274 4216 Physic.
1306 4139 1473 4198 Licet
1507 4157 1648 4197 vero
1681 4139 1926 4197 Thomas
1966 4137 2145 4197 nimio
2175 4137 2554 4215 Praeceptoris
2595 4158 2790 4196 amore

379 4227 620 4278 conetur
645 4239 778 4280 eum
805 4239 1100 4295 excusare,
1133 4219 1300 4296 quasi
1329 4239 1446 4278 non
1487 4217 1827 4296 simpliciter
1868 4218 2112 4276 senserit
2140 4215 2428 4278 Mundum
2466 4237 2593 4277 esse
2622 4226 2785 4276 aeter—

381 4317 539 4372 num,
571 4298 676 4357 sed
701 4307 926 4359 tantum
953 4299 1197 4377 negarit,
1227 4307 1328 4358 aut
1355 4298 1655 4358 materiam
1682 4298 1941 4375 primam,
1974 4305 2075 4356 aut
2115 4297 2326 4356 coelum
2352 4297 2530 4356 fiiisse
2556 4317 2661 4375 per
2687 4317 2788 4374 ge-

381 4377 736 4438 nerationem
763 4379 1060 4456 producta,
1091 4379 1259 4437 facile
1295 4387 1488 4437 tamen
1527 4377 1759 4436 ostendi
1799 4385 2007 4454 potest,
2036 4378 2288 4436 rationes
2329 4396 2475 4453 quas
2515 4375 2681 4435 affert
2720 4395 2791 4436 eo

379 4457 635 4533 tendere,
679 4465 744 4518 ut
773 4467 974 4518 contra
1001 4458 1304 4517 Platonem
1333 4456 1622 4517 Mundum
1664 4456 1892 4516 initium
1919 4475 2215 4535 nunquam
2242 4456 2515 4516 habuisse
2550 4455 2789 4532 probet:

381 4535 484 4596 Ad
511 4555 612 4596 eos
639 4538 922 4598 accedunt
947 4537 1122 4597 hodie
1152 4536 1729 4597 Pseudo-Christiani
1756 4544 1816 4596 et
1843 4536 2039 4613 Athei,
2070 4537 2173 4615 qui
2186 4535 2428 4612 Mundi,
2458 4535 2559 4594 vel
2584 4534 2790 4596 saltem

381 4616 662 4693 Materiae,
693 4616 1072 4676 {eternitatem
1101 4618 1290 4677 adhuc
1317 4624 1570 4677 tuentur.
