<?xml version="1.0" encoding="UTF-8"?>
<!DOCTYPE html PUBLIC "-//W3C//DTD XHTML 1.0 Transitional//EN"
    "http://www.w3.org/TR/xhtml1/DTD/xhtml1-transitional.dtd">
<html xmlns="http://www.w3.org/1999/xhtml" xml:lang="en" lang="en">
 <head>
  <title>
</title>
<meta http-equiv="Content-Type" content="text/html;charset=utf-8" />
  <meta name='ocr-system' content='tesseract 3.04.00' />
  <meta name='ocr-capabilities' content='ocr_page ocr_carea ocr_par ocr_line ocrx_word'/>
</head>
<body>
  <div class='ocr_page' id='page_1' title='image "./institutiotheol00turrgoog_0406.png"; bbox 0 0 3300 5225; ppageno 0'>
   <div class='ocr_carea' id='block_1_1' title="bbox 565 356 2981 440">
    <p class='ocr_par' dir='ltr' id='par_1_1' title="bbox 565 356 2981 440">
     <span class='ocr_line' id='line_1_1' title="bbox 565 356 2981 440; baseline -0.002 -16"><span class='ocrx_word' id='word_1_1' title='bbox 565 368 682 425; x_wconf 79' lang='lat'><strong>354</strong></span> <span class='ocrx_word' id='word_1_2' title='bbox 747 418 759 427; x_wconf 83' lang='grc'>,</span> <span class='ocrx_word' id='word_1_3' title='bbox 1534 378 1717 420; x_wconf 71' lang='lat' dir='ltr'><strong>Locus</strong></span> <span class='ocrx_word' id='word_1_4' title='bbox 1744 378 2033 428; x_wconf 61' lang='lat' dir='ltr'><strong>Quas-rus.</strong></span> <span class='ocrx_word' id='word_1_5' title='bbox 2541 356 2791 440; x_wconf 56' lang='lat' dir='ltr'><strong>[Qua-:sm</strong></span> <span class='ocrx_word' id='word_1_6' title='bbox 2822 378 2981 421; x_wconf 61' lang='grc' dir='ltr'><strong>ινιτ.</strong></span> 
     </span>
    </p>
   </div>
   <div class='ocr_carea' id='block_1_2' title="bbox 558 518 2987 4733">
    <p class='ocr_par' dir='ltr' id='par_1_2' title="bbox 567 518 2985 679">
     <span class='ocr_line' id='line_1_2' title="bbox 567 518 2985 599; baseline -0.002 -14"><span class='ocrx_word' id='word_1_7' title='bbox 567 526 812 585; x_wconf 84' lang='lat' dir='ltr'><strong>salutem</strong></span> <span class='ocrx_word' id='word_1_8' title='bbox 840 522 1098 583; x_wconf 89' lang='lat' dir='ltr'><strong>misereri</strong></span> <span class='ocrx_word' id='word_1_9' title='bbox 1125 521 1390 598; x_wconf 85' lang='lat' dir='ltr'><strong>voluerit,</strong></span> <span class='ocrx_word' id='word_1_10' title='bbox 1409 540 1582 599; x_wconf 89' lang='lat' dir='ltr'><strong>quem</strong></span> <span class='ocrx_word' id='word_1_11' title='bbox 1608 520 2013 599; x_wconf 67' lang='lat' dir='ltr'><strong>particularem</strong></span> <span class='ocrx_word' id='word_1_12' title='bbox 2040 536 2168 578; x_wconf 84' lang='lat' dir='ltr'><strong>esse</strong></span> <span class='ocrx_word' id='word_1_13' title='bbox 2196 518 2337 578; x_wconf 86' lang='lat' dir='ltr'><strong>solis</strong></span> <span class='ocrx_word' id='word_1_14' title='bbox 2364 518 2581 595; x_wconf 80' lang='lat' dir='ltr'><strong>electis,</strong></span> <span class='ocrx_word' id='word_1_15' title='bbox 2602 536 2719 578; x_wconf 90' lang='lat' dir='ltr'><strong>non</strong></span> <span class='ocrx_word' id='word_1_16' title='bbox 2744 520 2985 580; x_wconf 79' lang='lat' dir='ltr'><strong>univer-</strong></span> 
     </span>
     <span class='ocr_line' id='line_1_3' title="bbox 567 602 1885 679; baseline -0.005 -15"><span class='ocrx_word' id='word_1_17' title='bbox 567 606 748 665; x_wconf 85' lang='lat' dir='ltr'><strong>salem</strong></span> <span class='ocrx_word' id='word_1_18' title='bbox 775 612 835 663; x_wconf 90' lang='lat' dir='ltr'><strong>et</strong></span> <span class='ocrx_word' id='word_1_19' title='bbox 862 614 1222 663; x_wconf 84' lang='lat' dir='ltr'><strong>communem</strong></span> <span class='ocrx_word' id='word_1_20' title='bbox 1249 602 1534 679; x_wconf 75' lang='lat' dir='ltr'><strong>omnibuS,</strong></span> <span class='ocrx_word' id='word_1_21' title='bbox 1563 616 1885 661; x_wconf 76' lang='lat' dir='ltr'><strong>censemus.</strong></span> 
     </span>
    </p>

    <p class='ocr_par' dir='ltr' id='par_1_3' title="bbox 564 677 2987 1957">
     <span class='ocr_line' id='line_1_4' title="bbox 647 677 2987 761; baseline -0.002 -18"><span class='ocrx_word' id='word_1_22' title='bbox 647 684 831 743; x_wconf 88' lang='lat' dir='ltr'>VIII.</span> <span class='ocrx_word' id='word_1_23' title='bbox 875 686 932 742; x_wconf 83' lang='lat'><strong>3.</strong></span> <span class='ocrx_word' id='word_1_24' title='bbox 964 684 1096 742; x_wconf 88' lang='lat' dir='ltr'><strong>Non</strong></span> <span class='ocrx_word' id='word_1_25' title='bbox 1123 684 1415 761; x_wconf 76' lang='lat' dir='ltr'><strong>quaeritur,</strong></span> <span class='ocrx_word' id='word_1_26' title='bbox 1447 681 1547 740; x_wconf 86' lang='lat' dir='ltr'><strong>An</strong></span> <span class='ocrx_word' id='word_1_27' title='bbox 1581 680 1751 741; x_wconf 85' lang='lat' dir='ltr'><strong>detur</strong></span> <span class='ocrx_word' id='word_1_28' title='bbox 1793 681 1854 739; x_wconf 89' lang='lat' dir='ltr'><strong>in</strong></span> <span class='ocrx_word' id='word_1_29' title='bbox 1884 680 2010 738; x_wconf 90' lang='lat' dir='ltr'><strong>Deo</strong></span> <span class='ocrx_word' id='word_1_30' title='bbox 2036 678 2307 738; x_wconf 81' lang='lat' dir='ltr'><strong>voluntas</strong></span> <span class='ocrx_word' id='word_1_31' title='bbox 2335 677 2530 755; x_wconf 84' lang='lat' dir='ltr'><strong>aliqua</strong></span> <span class='ocrx_word' id='word_1_32' title='bbox 2556 679 2894 757; x_wconf 71' lang='lat' dir='ltr'><strong>praecipiens</strong></span> <span class='ocrx_word' id='word_1_33' title='bbox 2920 686 2987 738; x_wconf 85' lang='lat' dir='ltr'><strong>et</strong></span> 
     </span>
     <span class='ocr_line' id='line_1_5' title="bbox 568 757 2983 841; baseline -0.002 -18"><span class='ocrx_word' id='word_1_34' title='bbox 568 763 892 841; x_wconf 83' lang='lat' dir='ltr'><strong>approbans</strong></span> <span class='ocrx_word' id='word_1_35' title='bbox 917 762 1093 821; x_wconf 86' lang='lat' dir='ltr'><strong>fidem</strong></span> <span class='ocrx_word' id='word_1_36' title='bbox 1121 770 1181 822; x_wconf 89' lang='lat' dir='ltr'><strong>et</strong></span> <span class='ocrx_word' id='word_1_37' title='bbox 1208 764 1452 823; x_wconf 87' lang='lat' dir='ltr'><strong>salutem</strong></span> <span class='ocrx_word' id='word_1_38' title='bbox 1477 762 1815 838; x_wconf 80' lang='lat' dir='ltr'><strong>hominum3</strong></span> <span class='ocrx_word' id='word_1_39' title='bbox 1860 778 1980 835; x_wconf 87' lang='lat' dir='ltr'><strong>seu,</strong></span> <span class='ocrx_word' id='word_1_40' title='bbox 2006 757 2105 816; x_wconf 86' lang='lat' dir='ltr'><strong>An</strong></span> <span class='ocrx_word' id='word_1_41' title='bbox 2126 759 2285 818; x_wconf 90' lang='lat' dir='ltr'><strong>Deus</strong></span> <span class='ocrx_word' id='word_1_42' title='bbox 2312 758 2548 817; x_wconf 85' lang='lat' dir='ltr'><strong>mandet</strong></span> <span class='ocrx_word' id='word_1_43' title='bbox 2572 759 2635 816; x_wconf 92' lang='lat' dir='ltr'><strong>in</strong></span> <span class='ocrx_word' id='word_1_44' title='bbox 2656 757 2983 837; x_wconf 82' lang='lat' dir='ltr'><strong>Evangelio</strong></span> 
     </span>
     <span class='ocr_line' id='line_1_6' title="bbox 565 837 2986 920; baseline -0.002 -17"><span class='ocrx_word' id='word_1_45' title='bbox 565 852 633 903; x_wconf 82' lang='lat' dir='ltr'><strong>ut</strong></span> <span class='ocrx_word' id='word_1_46' title='bbox 658 844 921 902; x_wconf 83' lang='lat' dir='ltr'><strong>homines</strong></span> <span class='ocrx_word' id='word_1_47' title='bbox 949 843 1186 903; x_wconf 89' lang='lat' dir='ltr'><strong>credant</strong></span> <span class='ocrx_word' id='word_1_48' title='bbox 1211 851 1271 902; x_wconf 87' lang='lat' dir='ltr'><strong>et</strong></span> <span class='ocrx_word' id='word_1_49' title='bbox 1297 842 1654 920; x_wconf 79' lang='lat' dir='ltr'>resipiscant,</span> <span class='ocrx_word' id='word_1_50' title='bbox 1680 841 1730 899; x_wconf 86' lang='lat' dir='ltr'><strong>si</strong></span> <span class='ocrx_word' id='word_1_51' title='bbox 1758 839 1971 899; x_wconf 81' lang='lat' dir='ltr'><strong>salvari</strong></span> <span class='ocrx_word' id='word_1_52' title='bbox 1998 839 2207 915; x_wconf 83' lang='lat' dir='ltr'><strong>velint3</strong></span> <span class='ocrx_word' id='word_1_53' title='bbox 2252 846 2312 897; x_wconf 87' lang='lat' dir='ltr'><strong>et</strong></span> <span class='ocrx_word' id='word_1_54' title='bbox 2330 837 2430 896; x_wconf 91' lang='lat' dir='ltr'><strong>An</strong></span> <span class='ocrx_word' id='word_1_55' title='bbox 2456 838 2544 896; x_wconf 89' lang='lat' dir='ltr'><strong>illi</strong></span> <span class='ocrx_word' id='word_1_56' title='bbox 2571 846 2799 917; x_wconf 86' lang='lat' dir='ltr'><strong>gratum</strong></span> <span class='ocrx_word' id='word_1_57' title='bbox 2826 846 2986 899; x_wconf 81' lang='lat' dir='ltr'><strong>esset</strong></span> 
     </span>
     <span class='ocr_line' id='line_1_7' title="bbox 564 917 2981 996; baseline -0.002 -15"><span class='ocrx_word' id='word_1_58' title='bbox 564 923 830 981; x_wconf 87' lang='lat' dir='ltr'><strong>homines</strong></span> <span class='ocrx_word' id='word_1_59' title='bbox 857 922 1088 981; x_wconf 87' lang='lat' dir='ltr'><strong>credere</strong></span> <span class='ocrx_word' id='word_1_60' title='bbox 1115 930 1174 982; x_wconf 88' lang='lat' dir='ltr'><strong>et</strong></span> <span class='ocrx_word' id='word_1_61' title='bbox 1202 922 1435 981; x_wconf 82' lang='lat' dir='ltr'><strong>servari.</strong></span> <span class='ocrx_word' id='word_1_62' title='bbox 1507 920 1693 980; x_wconf 88' lang='lat' dir='ltr'><strong>Nemo</strong></span> <span class='ocrx_word' id='word_1_63' title='bbox 1722 920 1874 977; x_wconf 88' lang='lat' dir='ltr'><strong>enim</strong></span> <span class='ocrx_word' id='word_1_64' title='bbox 1900 926 2077 995; x_wconf 86' lang='lat' dir='ltr'><strong>negat</strong></span> <span class='ocrx_word' id='word_1_65' title='bbox 2106 920 2295 978; x_wconf 90' lang='lat' dir='ltr'><strong>Deum</strong></span> <span class='ocrx_word' id='word_1_66' title='bbox 2322 917 2597 977; x_wconf 83' lang='lat' dir='ltr'><strong>delectari</strong></span> <span class='ocrx_word' id='word_1_67' title='bbox 2622 918 2816 996; x_wconf 88' lang='lat' dir='ltr'><strong>potius</strong></span> <span class='ocrx_word' id='word_1_68' title='bbox 2844 938 2981 977; x_wconf 87' lang='lat' dir='ltr'><strong>con·</strong></span> 
     </span>
     <span class='ocr_line' id='line_1_8' title="bbox 566 998 2985 1079; baseline -0.001 -19"><span class='ocrx_word' id='word_1_69' title='bbox 566 1002 832 1061; x_wconf 79' lang='lat' dir='ltr'>versione</span> <span class='ocrx_word' id='word_1_70' title='bbox 875 1010 934 1061; x_wconf 89' lang='lat' dir='ltr'><strong>et</strong></span> <span class='ocrx_word' id='word_1_71' title='bbox 976 1002 1098 1062; x_wconf 79' lang='lat' dir='ltr'><strong>vita</strong></span> <span class='ocrx_word' id='word_1_72' title='bbox 1138 1001 1474 1079; x_wconf 88' lang='lat' dir='ltr'><strong>peccatoris,</strong></span> <span class='ocrx_word' id='word_1_73' title='bbox 1563 1016 1699 1059; x_wconf 89' lang='lat' dir='ltr'><strong>uam</strong></span> <span class='ocrx_word' id='word_1_74' title='bbox 1746 1000 1875 1077; x_wconf 90' lang='lat' dir='ltr'><strong>ejus</strong></span> <span class='ocrx_word' id='word_1_75' title='bbox 1916 1006 2118 1073; x_wconf 88' lang='lat' dir='ltr'><strong>morte,</strong></span> <span class='ocrx_word' id='word_1_76' title='bbox 2166 1006 2226 1057; x_wconf 88' lang='lat' dir='ltr'><strong>et</strong></span> <span class='ocrx_word' id='word_1_77' title='bbox 2274 998 2689 1057; x_wconf 72' lang='lat' dir='ltr'>subscribimus</span> <span class='ocrx_word' id='word_1_78' title='bbox 2730 998 2985 1057; x_wconf 79' lang='lat' dir='ltr'><strong>libenter</strong></span> 
     </span>
     <span class='ocr_line' id='line_1_9' title="bbox 573 1077 2981 1159; baseline -0.002 -18"><span class='ocrx_word' id='word_1_79' title='bbox 573 1082 811 1159; x_wconf 82' lang='lat' dir='ltr'><strong>Synodo</strong></span> <span class='ocrx_word' id='word_1_80' title='bbox 841 1080 1243 1158; x_wconf 84' lang='lat' dir='ltr'><strong>Dordracenae,</strong></span> <span class='ocrx_word' id='word_1_81' title='bbox 1273 1100 1403 1158; x_wconf 80' lang='lat' dir='ltr'><strong>quae</strong></span> <span class='ocrx_word' id='word_1_82' title='bbox 1429 1080 1492 1138; x_wconf 91' lang='lat' dir='ltr'><strong>in</strong></span> <span class='ocrx_word' id='word_1_83' title='bbox 1570 1124 1584 1138; x_wconf 98' lang='lat'>.</span> <span class='ocrx_word' id='word_1_84' title='bbox 1607 1084 1665 1155; x_wconf 79' lang='lat'><strong>4,</strong></span> <span class='ocrx_word' id='word_1_85' title='bbox 1694 1078 1779 1137; x_wconf 86' lang='lat' dir='ltr'><strong>th.</strong></span> <span class='ocrx_word' id='word_1_86' title='bbox 1802 1078 1858 1154; x_wconf 88' lang='lat'><strong>8,</strong></span> <span class='ocrx_word' id='word_1_87' title='bbox 1891 1078 2108 1155; x_wconf 76' lang='lat' dir='ltr'><strong>statuit,</strong></span> <span class='ocrx_word' id='word_1_88' title='bbox 2136 1079 2173 1111; x_wconf 74' lang='lat'><strong>‘⁴</strong></span> <span class='ocrx_word' id='word_1_89' title='bbox 2196 1078 2386 1137; x_wconf 89' lang='lat' dir='ltr'><strong>Deum</strong></span> <span class='ocrx_word' id='word_1_90' title='bbox 2412 1077 2563 1137; x_wconf 88' lang='lat' dir='ltr'><strong>serio</strong></span> <span class='ocrx_word' id='word_1_91' title='bbox 2590 1086 2651 1136; x_wconf 90' lang='lat' dir='ltr'><strong>et</strong></span> <span class='ocrx_word' id='word_1_92' title='bbox 2678 1078 2981 1141; x_wconf 76' lang='lat' dir='ltr'><strong>verissime</strong></span> 
     </span>
     <span class='ocr_line' id='line_1_10' title="bbox 569 1156 2983 1238; baseline -0.002 -17"><span class='ocrx_word' id='word_1_93' title='bbox 569 1160 873 1221; x_wconf 77' lang='lat' dir='ltr'><strong>ostendere</strong></span> <span class='ocrx_word' id='word_1_94' title='bbox 893 1157 1089 1219; x_wconf 83' lang='lat' dir='ltr'><strong>Verbo</strong></span> <span class='ocrx_word' id='word_1_95' title='bbox 1107 1178 1229 1236; x_wconf 85' lang='lat' dir='ltr'><strong>suo,</strong></span> <span class='ocrx_word' id='word_1_96' title='bbox 1250 1160 1392 1238; x_wconf 89' lang='lat' dir='ltr'><strong>quid</strong></span> <span class='ocrx_word' id='word_1_97' title='bbox 1413 1158 1525 1219; x_wconf 88' lang='lat' dir='ltr'><strong>sibi</strong></span> <span class='ocrx_word' id='word_1_98' title='bbox 1552 1166 1782 1236; x_wconf 74' lang='lat' dir='ltr'><strong>gramm</strong></span> <span class='ocrx_word' id='word_1_99' title='bbox 1802 1158 1892 1231; x_wconf 87' lang='lat' dir='ltr'><strong>sit,</strong></span> <span class='ocrx_word' id='word_1_100' title='bbox 1916 1158 2185 1217; x_wconf 87' lang='lat' dir='ltr'><strong>nimirum</strong></span> <span class='ocrx_word' id='word_1_101' title='bbox 2206 1166 2273 1217; x_wconf 89' lang='lat' dir='ltr'><strong>ut</strong></span> <span class='ocrx_word' id='word_1_102' title='bbox 2292 1158 2483 1215; x_wconf 87' lang='lat' dir='ltr'><strong>vocati</strong></span> <span class='ocrx_word' id='word_1_103' title='bbox 2501 1156 2577 1215; x_wconf 89' lang='lat' dir='ltr'><strong>ad</strong></span> <span class='ocrx_word' id='word_1_104' title='bbox 2605 1176 2666 1216; x_wconf 89' lang='lat' dir='ltr'><strong>se</strong></span> <span class='ocrx_word' id='word_1_105' title='bbox 2683 1158 2983 1217; x_wconf 85' lang='lat' dir='ltr'><strong>veniant.’&#39;</strong></span> 
     </span>
     <span class='ocr_line' id='line_1_11' title="bbox 571 1236 2981 1318; baseline -0.001 -18"><span class='ocrx_word' id='word_1_106' title='bbox 571 1241 688 1300; x_wconf 82' lang='lat' dir='ltr'><strong>Sed</strong></span> <span class='ocrx_word' id='word_1_107' title='bbox 715 1240 1022 1318; x_wconf 54' lang='lat' dir='ltr'><strong>quaet-itum</strong></span> <span class='ocrx_word' id='word_1_108' title='bbox 1069 1239 1170 1298; x_wconf 87' lang='lat' dir='ltr'><strong>An</strong></span> <span class='ocrx_word' id='word_1_109' title='bbox 1197 1260 1274 1299; x_wconf 80' lang='lat' dir='ltr'><strong>ex</strong></span> <span class='ocrx_word' id='word_1_110' title='bbox 1299 1241 1405 1299; x_wconf 90' lang='lat' dir='ltr'><strong>tali</strong></span> <span class='ocrx_word' id='word_1_111' title='bbox 1429 1240 1731 1298; x_wconf 81' lang='lat' dir='ltr'><strong>voluntate</strong></span> <span class='ocrx_word' id='word_1_112' title='bbox 1757 1238 2112 1315; x_wconf 68' lang='lat' dir='ltr'><strong>approbante</strong></span> <span class='ocrx_word' id='word_1_113' title='bbox 2138 1244 2199 1295; x_wconf 88' lang='lat' dir='ltr'><strong>et</strong></span> <span class='ocrx_word' id='word_1_114' title='bbox 2242 1236 2608 1315; x_wconf 72' lang='lat' dir='ltr'><strong>praecipiente</strong></span> <span class='ocrx_word' id='word_1_115' title='bbox 2644 1238 2981 1297; x_wconf 85' lang='lat' dir='ltr'><strong>hominibus</strong></span> 
     </span>
     <span class='ocr_line' id='line_1_12' title="bbox 565 1316 2981 1397; baseline -0.002 -18"><span class='ocrx_word' id='word_1_116' title='bbox 565 1320 709 1397; x_wconf 88' lang='lat' dir='ltr'><strong>quid</strong></span> <span class='ocrx_word' id='word_1_117' title='bbox 737 1320 827 1379; x_wconf 88' lang='lat' dir='ltr'><strong>sui</strong></span> <span class='ocrx_word' id='word_1_118' title='bbox 855 1320 931 1378; x_wconf 90' lang='lat' dir='ltr'><strong>sit</strong></span> <span class='ocrx_word' id='word_1_119' title='bbox 957 1319 1130 1379; x_wconf 84' lang='lat' dir='ltr'><strong>officii</strong></span> <span class='ocrx_word' id='word_1_120' title='bbox 1156 1320 1232 1378; x_wconf 85' lang='lat' dir='ltr'><strong>ad</strong></span> <span class='ocrx_word' id='word_1_121' title='bbox 1259 1320 1504 1379; x_wconf 88' lang='lat' dir='ltr'><strong>salutem</strong></span> <span class='ocrx_word' id='word_1_122' title='bbox 1531 1316 1903 1378; x_wconf 87' lang='lat' dir='ltr'><strong>obtinendam</strong></span> <span class='ocrx_word' id='word_1_123' title='bbox 1930 1317 2115 1395; x_wconf 86' lang='lat' dir='ltr'><strong>possit</strong></span> <span class='ocrx_word' id='word_1_124' title='bbox 2135 1316 2333 1393; x_wconf 78' lang='lat' dir='ltr'><strong>colligi</strong></span> <span class='ocrx_word' id='word_1_125' title='bbox 2352 1317 2622 1375; x_wconf 84' lang='lat' dir='ltr'><strong>voluntas</strong></span> <span class='ocrx_word' id='word_1_126' title='bbox 2644 1317 2852 1393; x_wconf 84' lang='lat' dir='ltr'><strong>aliqua,</strong></span> <span class='ocrx_word' id='word_1_127' title='bbox 2874 1336 2981 1375; x_wconf 85' lang='lat' dir='ltr'><strong>seu</strong></span> 
     </span>
     <span class='ocr_line' id='line_1_13' title="bbox 566 1396 2982 1477; baseline -0 -20"><span class='ocrx_word' id='word_1_128' title='bbox 566 1400 872 1459; x_wconf 89' lang='lat' dir='ltr'><strong>consilium</strong></span> <span class='ocrx_word' id='word_1_129' title='bbox 891 1400 1020 1475; x_wconf 86' lang='lat' dir='ltr'><strong>Dei,</strong></span> <span class='ocrx_word' id='word_1_130' title='bbox 1040 1418 1155 1477; x_wconf 88' lang='lat' dir='ltr'><strong>quo</strong></span> <span class='ocrx_word' id='word_1_131' title='bbox 1181 1398 1494 1459; x_wconf 88' lang='lat' dir='ltr'><strong>intenderit</strong></span> <span class='ocrx_word' id='word_1_132' title='bbox 1521 1398 1765 1457; x_wconf 85' lang='lat' dir='ltr'><strong>salutem</strong></span> <span class='ocrx_word' id='word_1_133' title='bbox 1787 1396 2040 1455; x_wconf 88' lang='lat' dir='ltr'><strong>omnium</strong></span> <span class='ocrx_word' id='word_1_134' title='bbox 2062 1404 2122 1455; x_wconf 89' lang='lat' dir='ltr'><strong>et</strong></span> <span class='ocrx_word' id='word_1_135' title='bbox 2137 1396 2498 1473; x_wconf 87' lang='lat' dir='ltr'><strong>singulorum</strong></span> <span class='ocrx_word' id='word_1_136' title='bbox 2520 1397 2629 1455; x_wconf 88' lang='lat' dir='ltr'><strong>sub</strong></span> <span class='ocrx_word' id='word_1_137' title='bbox 2650 1396 2982 1456; x_wconf 85' lang='lat' dir='ltr'><strong>conditione</strong></span> 
     </span>
     <span class='ocr_line' id='line_1_14' title="bbox 566 1475 2983 1556; baseline -0 -20"><span class='ocrx_word' id='word_1_138' title='bbox 566 1478 722 1553; x_wconf 86' lang='lat' dir='ltr'><strong>fidei,</strong></span> <span class='ocrx_word' id='word_1_139' title='bbox 751 1488 812 1538; x_wconf 91' lang='lat' dir='ltr'><strong>et</strong></span> <span class='ocrx_word' id='word_1_140' title='bbox 849 1496 956 1556; x_wconf 88' lang='lat' dir='ltr'><strong>pro</strong></span> <span class='ocrx_word' id='word_1_141' title='bbox 1001 1479 1121 1538; x_wconf 85' lang='lat' dir='ltr'><strong>illis</strong></span> <span class='ocrx_word' id='word_1_142' title='bbox 1149 1478 1442 1539; x_wconf 75' lang='lat' dir='ltr'><strong>Christum</strong></span> <span class='ocrx_word' id='word_1_143' title='bbox 1483 1478 1547 1537; x_wconf 85' lang='lat' dir='ltr'><strong>in</strong></span> <span class='ocrx_word' id='word_1_144' title='bbox 1591 1476 1875 1535; x_wconf 86' lang='lat' dir='ltr'><strong>mundum</strong></span> <span class='ocrx_word' id='word_1_145' title='bbox 1910 1477 2139 1535; x_wconf 82' lang='lat' dir='ltr'><strong>mittere</strong></span> <span class='ocrx_word' id='word_1_146' title='bbox 2182 1475 2520 1535; x_wconf 77' lang='lat' dir='ltr'><strong>decreverit.</strong></span> <span class='ocrx_word' id='word_1_147' title='bbox 2606 1476 2779 1535; x_wconf 83' lang='lat' dir='ltr'><strong>Unde</strong></span> <span class='ocrx_word' id='word_1_148' title='bbox 2818 1484 2983 1553; x_wconf 80' lang='lat' dir='ltr'><strong>patet</strong></span> 
     </span>
     <span class='ocr_line' id='line_1_15' title="bbox 567 1554 2977 1633; baseline -0.001 -16"><span class='ocrx_word' id='word_1_149' title='bbox 567 1559 832 1617; x_wconf 84' lang='lat' dir='ltr'><strong>aberrare</strong></span> <span class='ocrx_word' id='word_1_150' title='bbox 860 1576 960 1617; x_wconf 87' lang='lat' dir='ltr'><strong>eos</strong></span> <span class='ocrx_word' id='word_1_151' title='bbox 987 1578 1022 1615; x_wconf 89' lang='lat' dir='ltr'><strong>a</strong></span> <span class='ocrx_word' id='word_1_152' title='bbox 1049 1558 1397 1632; x_wconf 75' lang='lat' dir='ltr'><strong>Quaestionis</strong></span> <span class='ocrx_word' id='word_1_153' title='bbox 1423 1576 1564 1616; x_wconf 85' lang='lat' dir='ltr'><strong>vero</strong></span> <span class='ocrx_word' id='word_1_154' title='bbox 1608 1556 1824 1631; x_wconf 82' lang='lat' dir='ltr'><strong>ordine,</strong></span> <span class='ocrx_word' id='word_1_155' title='bbox 1856 1555 1957 1633; x_wconf 87' lang='lat' dir='ltr'><strong>qui</strong></span> <span class='ocrx_word' id='word_1_156' title='bbox 1994 1554 2344 1633; x_wconf 83' lang='lat' dir='ltr'><strong>pertendunt</strong></span> <span class='ocrx_word' id='word_1_157' title='bbox 2384 1555 2482 1633; x_wconf 87' lang='lat' dir='ltr'><strong>agi</strong></span> <span class='ocrx_word' id='word_1_158' title='bbox 2522 1555 2617 1614; x_wconf 89' lang='lat' dir='ltr'><strong>hic</strong></span> <span class='ocrx_word' id='word_1_159' title='bbox 2650 1562 2874 1614; x_wconf 86' lang='lat' dir='ltr'><strong>tantum</strong></span> <span class='ocrx_word' id='word_1_160' title='bbox 2900 1556 2977 1614; x_wconf 90' lang='lat' dir='ltr'><strong>de</strong></span> 
     </span>
     <span class='ocr_line' id='line_1_16' title="bbox 567 1633 2985 1719; baseline -0.001 -23"><span class='ocrx_word' id='word_1_161' title='bbox 567 1638 866 1697; x_wconf 84' lang='lat' dir='ltr'><strong>voluntate</strong></span> <span class='ocrx_word' id='word_1_162' title='bbox 893 1640 1189 1719; x_wconf 70' lang='grc' dir='ltr'><strong>οὖκςιηίις,</strong></span> <span class='ocrx_word' id='word_1_163' title='bbox 1219 1656 1336 1696; x_wconf 90' lang='lat' dir='ltr'><strong>non</strong></span> <span class='ocrx_word' id='word_1_164' title='bbox 1363 1656 1503 1696; x_wconf 85' lang='lat' dir='ltr'><strong>vero</strong></span> <span class='ocrx_word' id='word_1_165' title='bbox 1529 1633 1762 1711; x_wconf 57' lang='grc' dir='ltr'><strong>εὐδοκίας,</strong></span> <span class='ocrx_word' id='word_1_166' title='bbox 1792 1636 1929 1713; x_wconf 88' lang='lat' dir='ltr'><strong>quia</strong></span> <span class='ocrx_word' id='word_1_167' title='bbox 1963 1642 2123 1712; x_wconf 85' lang='lat' dir='ltr'><strong>patet</strong></span> <span class='ocrx_word' id='word_1_168' title='bbox 2148 1634 2263 1711; x_wconf 88' lang='lat' dir='ltr'><strong>agi,</strong></span> <span class='ocrx_word' id='word_1_169' title='bbox 2292 1654 2410 1692; x_wconf 91' lang='lat' dir='ltr'><strong>non</strong></span> <span class='ocrx_word' id='word_1_170' title='bbox 2434 1634 2509 1693; x_wconf 87' lang='lat' dir='ltr'><strong>de</strong></span> <span class='ocrx_word' id='word_1_171' title='bbox 2536 1654 2606 1693; x_wconf 89' lang='lat' dir='ltr'><strong>eo</strong></span> <span class='ocrx_word' id='word_1_172' title='bbox 2633 1634 2791 1712; x_wconf 84' lang='lat' dir='ltr'><strong>quod</strong></span> <span class='ocrx_word' id='word_1_173' title='bbox 2818 1634 2985 1694; x_wconf 79' lang='lat' dir='ltr'><strong>Deus</strong></span> 
     </span>
     <span class='ocr_line' id='line_1_17' title="bbox 567 1714 2979 1794; baseline -0 -19"><span class='ocrx_word' id='word_1_174' title='bbox 567 1717 699 1775; x_wconf 85' lang='lat' dir='ltr'><strong>vult</strong></span> <span class='ocrx_word' id='word_1_175' title='bbox 725 1736 762 1775; x_wconf 92' lang='lat' dir='ltr'><strong>a</strong></span> <span class='ocrx_word' id='word_1_176' title='bbox 787 1717 956 1776; x_wconf 87' lang='lat' dir='ltr'><strong>nobis</strong></span> <span class='ocrx_word' id='word_1_177' title='bbox 993 1716 1136 1792; x_wconf 85' lang='lat' dir='ltr'><strong>fieri,</strong></span> <span class='ocrx_word' id='word_1_178' title='bbox 1169 1717 1272 1776; x_wconf 90' lang='lat' dir='ltr'><strong>sed</strong></span> <span class='ocrx_word' id='word_1_179' title='bbox 1312 1717 1470 1794; x_wconf 88' lang='lat' dir='ltr'><strong>quod</strong></span> <span class='ocrx_word' id='word_1_180' title='bbox 1505 1716 1636 1775; x_wconf 83' lang='lat' dir='ltr'><strong>vult</strong></span> <span class='ocrx_word' id='word_1_181' title='bbox 1674 1716 1799 1793; x_wconf 89' lang='lat' dir='ltr'><strong>ipse</strong></span> <span class='ocrx_word' id='word_1_182' title='bbox 1840 1714 2028 1774; x_wconf 85' lang='lat' dir='ltr'><strong>facere</strong></span> <span class='ocrx_word' id='word_1_183' title='bbox 2070 1714 2146 1773; x_wconf 92' lang='lat' dir='ltr'><strong>ad</strong></span> <span class='ocrx_word' id='word_1_184' title='bbox 2186 1714 2432 1773; x_wconf 88' lang='lat' dir='ltr'><strong>salutem</strong></span> <span class='ocrx_word' id='word_1_185' title='bbox 2472 1714 2786 1789; x_wconf 88' lang='lat' dir='ltr'><strong>hominum,</strong></span> <span class='ocrx_word' id='word_1_186' title='bbox 2818 1722 2876 1773; x_wconf 91' lang='lat' dir='ltr'><strong>et</strong></span> <span class='ocrx_word' id='word_1_187' title='bbox 2900 1715 2979 1774; x_wconf 88' lang='lat' dir='ltr'><strong>de</strong></span> 
     </span>
     <span class='ocr_line' id='line_1_18' title="bbox 568 1793 2979 1874; baseline 0 -21"><span class='ocrx_word' id='word_1_188' title='bbox 568 1796 802 1855; x_wconf 84' lang='lat' dir='ltr'><strong>decreto</strong></span> <span class='ocrx_word' id='word_1_189' title='bbox 827 1797 1094 1855; x_wconf 85' lang='lat' dir='ltr'><strong>mittendi</strong></span> <span class='ocrx_word' id='word_1_190' title='bbox 1121 1798 1414 1856; x_wconf 82' lang='lat' dir='ltr'><strong>Christum</strong></span> <span class='ocrx_word' id='word_1_191' title='bbox 1439 1816 1545 1874; x_wconf 90' lang='lat' dir='ltr'><strong>pro</strong></span> <span class='ocrx_word' id='word_1_192' title='bbox 1571 1795 1733 1871; x_wconf 88' lang='lat' dir='ltr'><strong>ipsis,</strong></span> <span class='ocrx_word' id='word_1_193' title='bbox 1764 1794 1920 1873; x_wconf 88' lang='lat' dir='ltr'><strong>quod</strong></span> <span class='ocrx_word' id='word_1_194' title='bbox 1944 1794 2230 1872; x_wconf 85' lang='lat' dir='ltr'><strong>pertinere</strong></span> <span class='ocrx_word' id='word_1_195' title='bbox 2257 1793 2333 1852; x_wconf 87' lang='lat' dir='ltr'><strong>ad</strong></span> <span class='ocrx_word' id='word_1_196' title='bbox 2358 1794 2716 1853; x_wconf 84' lang='lat' dir='ltr'><strong>voluntatem</strong></span> <span class='ocrx_word' id='word_1_197' title='bbox 2742 1793 2979 1871; x_wconf 63' lang='grc' dir='ltr'><strong>εὐδοκίας,</strong></span> 
     </span>
     <span class='ocr_line' id='line_1_19' title="bbox 567 1874 1714 1957; baseline 0 -24"><span class='ocrx_word' id='word_1_198' title='bbox 567 1893 686 1934; x_wconf 84' lang='lat' dir='ltr'><strong>non</strong></span> <span class='ocrx_word' id='word_1_199' title='bbox 712 1894 852 1935; x_wconf 85' lang='lat' dir='ltr'><strong>vero</strong></span> <span class='ocrx_word' id='word_1_200' title='bbox 878 1878 1172 1957; x_wconf 70' lang='grc' dir='ltr'><strong>ιῦιιςιστήις,</strong></span> <span class='ocrx_word' id='word_1_201' title='bbox 1203 1896 1372 1935; x_wconf 89' lang='lat' dir='ltr'><strong>nemo</strong></span> <span class='ocrx_word' id='word_1_202' title='bbox 1398 1894 1514 1934; x_wconf 89' lang='lat' dir='ltr'><strong>non</strong></span> <span class='ocrx_word' id='word_1_203' title='bbox 1535 1874 1714 1933; x_wconf 85' lang='lat' dir='ltr'><strong>videt.</strong></span> 
     </span>
    </p>

    <p class='ocr_par' dir='ltr' id='par_1_4' title="bbox 563 1952 2986 3145">
     <span class='ocr_line' id='line_1_20' title="bbox 651 1952 2979 2033; baseline -0.002 -16"><span class='ocrx_word' id='word_1_204' title='bbox 651 1955 772 2017; x_wconf 86' lang='lat' dir='ltr'><strong>IX.</strong></span> <span class='ocrx_word' id='word_1_205' title='bbox 815 1959 872 2014; x_wconf 85' lang='lat'><strong>4.</strong></span> <span class='ocrx_word' id='word_1_206' title='bbox 903 1954 1036 2014; x_wconf 88' lang='lat' dir='ltr'><strong>Non</strong></span> <span class='ocrx_word' id='word_1_207' title='bbox 1061 1956 1354 2033; x_wconf 74' lang='lat' dir='ltr'><strong>quaeritur,</strong></span> <span class='ocrx_word' id='word_1_208' title='bbox 1403 1954 1504 2013; x_wconf 89' lang='lat' dir='ltr'><strong>An</strong></span> <span class='ocrx_word' id='word_1_209' title='bbox 1550 1955 1798 2013; x_wconf 87' lang='lat' dir='ltr'><strong>Decreto</strong></span> <span class='ocrx_word' id='word_1_210' title='bbox 1839 1952 2091 2031; x_wconf 87' lang='lat' dir='ltr'><strong>quodam</strong></span> <span class='ocrx_word' id='word_1_211' title='bbox 2118 1952 2383 2013; x_wconf 85' lang='lat' dir='ltr'><strong>absoluto</strong></span> <span class='ocrx_word' id='word_1_212' title='bbox 2410 1953 2665 2012; x_wconf 86' lang='lat' dir='ltr'><strong>omnium</strong></span> <span class='ocrx_word' id='word_1_213' title='bbox 2694 1961 2752 2012; x_wconf 91' lang='lat' dir='ltr'><strong>et</strong></span> <span class='ocrx_word' id='word_1_214' title='bbox 2778 1954 2979 2032; x_wconf 77' lang='lat' dir='ltr'><strong>singu—</strong></span> 
     </span>
     <span class='ocr_line' id='line_1_21' title="bbox 565 2031 2983 2111; baseline 0 -18"><span class='ocrx_word' id='word_1_215' title='bbox 565 2032 755 2094; x_wconf 88' lang='lat' dir='ltr'><strong>lorum</strong></span> <span class='ocrx_word' id='word_1_216' title='bbox 784 2036 1028 2094; x_wconf 84' lang='lat' dir='ltr'><strong>salutem</strong></span> <span class='ocrx_word' id='word_1_217' title='bbox 1056 2035 1381 2111; x_wconf 88' lang='lat' dir='ltr'><strong>intenderit,</strong></span> <span class='ocrx_word' id='word_1_218' title='bbox 1431 2034 1544 2094; x_wconf 90' lang='lat' dir='ltr'><strong>hoc</strong></span> <span class='ocrx_word' id='word_1_219' title='bbox 1583 2034 1738 2092; x_wconf 87' lang='lat' dir='ltr'><strong>enim</strong></span> <span class='ocrx_word' id='word_1_220' title='bbox 1778 2033 2092 2092; x_wconf 85' lang='lat' dir='ltr'><strong>absurdum</strong></span> <span class='ocrx_word' id='word_1_221' title='bbox 2118 2052 2245 2092; x_wconf 82' lang='lat' dir='ltr'><strong>esse</strong></span> <span class='ocrx_word' id='word_1_222' title='bbox 2271 2031 2576 2091; x_wconf 87' lang='lat' dir='ltr'><strong>nobiscum</strong></span> <span class='ocrx_word' id='word_1_223' title='bbox 2600 2032 2852 2093; x_wconf 85' lang='lat' dir='ltr'><strong>fatentur</strong></span> <span class='ocrx_word' id='word_1_224' title='bbox 2890 2034 2983 2093; x_wconf 86' lang='lat' dir='ltr'><strong>illi</strong></span> 
     </span>
     <span class='ocr_line' id='line_1_22' title="bbox 567 2110 2979 2193; baseline 0 -20"><span class='ocrx_word' id='word_1_225' title='bbox 567 2132 701 2173; x_wconf 85' lang='lat' dir='ltr'><strong>cum</strong></span> <span class='ocrx_word' id='word_1_226' title='bbox 727 2115 940 2191; x_wconf 88' lang='lat' dir='ltr'><strong>quibus</strong></span> <span class='ocrx_word' id='word_1_227' title='bbox 965 2134 1119 2174; x_wconf 89' lang='lat' dir='ltr'><strong>nunc</strong></span> <span class='ocrx_word' id='word_1_228' title='bbox 1148 2114 1390 2193; x_wconf 86' lang='lat' dir='ltr'><strong>agimus,</strong></span> <span class='ocrx_word' id='word_1_229' title='bbox 1405 2113 1542 2191; x_wconf 89' lang='lat' dir='ltr'><strong>quia</strong></span> <span class='ocrx_word' id='word_1_230' title='bbox 1563 2113 1614 2172; x_wconf 89' lang='lat' dir='ltr'><strong>si</strong></span> <span class='ocrx_word' id='word_1_231' title='bbox 1638 2114 1751 2171; x_wconf 84' lang='lat' dir='ltr'><strong>hoc</strong></span> <span class='ocrx_word' id='word_1_232' title='bbox 1777 2114 1942 2187; x_wconf 85' lang='lat' dir='ltr'><strong>foret,</strong></span> <span class='ocrx_word' id='word_1_233' title='bbox 1966 2132 2167 2172; x_wconf 89' lang='lat' dir='ltr'><strong>omnes</strong></span> <span class='ocrx_word' id='word_1_234' title='bbox 2187 2110 2565 2172; x_wconf 76' lang='lat' dir='ltr'><strong>infallibiliter</strong></span> <span class='ocrx_word' id='word_1_235' title='bbox 2584 2122 2979 2190; x_wconf 78' lang='lat' dir='ltr'><strong>servarentur3</strong></span> 
     </span>
     <span class='ocr_line' id='line_1_23' title="bbox 568 2190 2979 2270; baseline 0 -19"><span class='ocrx_word' id='word_1_236' title='bbox 568 2212 700 2252; x_wconf 90' lang='lat' dir='ltr'><strong>cum</strong></span> <span class='ocrx_word' id='word_1_237' title='bbox 730 2202 930 2253; x_wconf 84' lang='lat' dir='ltr'><strong>contra</strong></span> <span class='ocrx_word' id='word_1_238' title='bbox 955 2196 1120 2253; x_wconf 75' lang='lat' dir='ltr'><strong>multi</strong></span> <span class='ocrx_word' id='word_1_239' title='bbox 1141 2196 1252 2253; x_wconf 78' lang='lat' dir='ltr'><strong>sint</strong></span> <span class='ocrx_word' id='word_1_240' title='bbox 1275 2195 1472 2269; x_wconf 76' lang='lat' dir='ltr'><strong>vocati,</strong></span> <span class='ocrx_word' id='word_1_241' title='bbox 1505 2203 1560 2252; x_wconf 80' lang='lat' dir='ltr'><strong>et</strong></span> <span class='ocrx_word' id='word_1_242' title='bbox 1573 2194 1757 2270; x_wconf 74' lang='lat' dir='ltr'><strong>pauci</strong></span> <span class='ocrx_word' id='word_1_243' title='bbox 1778 2192 1948 2251; x_wconf 73' lang='lat' dir='ltr'><strong>electi.</strong></span> <span class='ocrx_word' id='word_1_244' title='bbox 2010 2192 2142 2267; x_wconf 86' lang='lat' dir='ltr'><strong>Sed,</strong></span> <span class='ocrx_word' id='word_1_245' title='bbox 2174 2190 2275 2249; x_wconf 91' lang='lat' dir='ltr'><strong>An</strong></span> <span class='ocrx_word' id='word_1_246' title='bbox 2302 2192 2533 2251; x_wconf 87' lang='lat' dir='ltr'><strong>decreto</strong></span> <span class='ocrx_word' id='word_1_247' title='bbox 2562 2192 2810 2269; x_wconf 84' lang='lat' dir='ltr'><strong>quodam</strong></span> <span class='ocrx_word' id='word_1_248' title='bbox 2838 2212 2979 2252; x_wconf 89' lang='lat' dir='ltr'><strong>con-</strong></span> 
     </span>
     <span class='ocr_line' id='line_1_24' title="bbox 566 2270 2984 2349; baseline 0.001 -19"><span class='ocrx_word' id='word_1_249' title='bbox 566 2272 866 2349; x_wconf 79' lang='lat' dir='ltr'><strong>ditionatO,</strong></span> <span class='ocrx_word' id='word_1_250' title='bbox 897 2281 956 2333; x_wconf 86' lang='lat' dir='ltr'><strong>et</strong></span> <span class='ocrx_word' id='word_1_251' title='bbox 981 2275 1282 2333; x_wconf 81' lang='lat' dir='ltr'><strong>voluntate</strong></span> <span class='ocrx_word' id='word_1_252' title='bbox 1308 2273 1560 2332; x_wconf 80' lang='lat' dir='ltr'><strong>maxime</strong></span> <span class='ocrx_word' id='word_1_253' title='bbox 1590 2272 1757 2347; x_wconf 87' lang='lat' dir='ltr'><strong>seria,</strong></span> <span class='ocrx_word' id='word_1_254' title='bbox 1772 2272 1935 2330; x_wconf 88' lang='lat' dir='ltr'><strong>Deus</strong></span> <span class='ocrx_word' id='word_1_255' title='bbox 1962 2270 2229 2330; x_wconf 87' lang='lat' dir='ltr'><strong>omnibus</strong></span> <span class='ocrx_word' id='word_1_256' title='bbox 2256 2280 2315 2331; x_wconf 86' lang='lat' dir='ltr'><strong>et</strong></span> <span class='ocrx_word' id='word_1_257' title='bbox 2344 2271 2589 2348; x_wconf 83' lang='lat' dir='ltr'><strong>singulis</strong></span> <span class='ocrx_word' id='word_1_258' title='bbox 2618 2272 2984 2333; x_wconf 83' lang='lat' dir='ltr'><strong>constituerit</strong></span> 
     </span>
     <span class='ocr_line' id='line_1_25' title="bbox 565 2350 2983 2428; baseline 0 -17"><span class='ocrx_word' id='word_1_259' title='bbox 565 2350 704 2411; x_wconf 84' lang='lat' dir='ltr'><strong>dare</strong></span> <span class='ocrx_word' id='word_1_260' title='bbox 733 2353 976 2413; x_wconf 83' lang='lat' dir='ltr'><strong>salutem</strong></span> <span class='ocrx_word' id='word_1_261' title='bbox 1007 2353 1115 2413; x_wconf 89' lang='lat' dir='ltr'><strong>sub</strong></span> <span class='ocrx_word' id='word_1_262' title='bbox 1143 2353 1470 2413; x_wconf 85' lang='lat' dir='ltr'><strong>conditione</strong></span> <span class='ocrx_word' id='word_1_263' title='bbox 1497 2351 1653 2411; x_wconf 78' lang='lat' dir='ltr'><strong>fidei.</strong></span> <span class='ocrx_word' id='word_1_264' title='bbox 1739 2352 1905 2410; x_wconf 84' lang='lat' dir='ltr'><strong>Licet</strong></span> <span class='ocrx_word' id='word_1_265' title='bbox 1951 2350 2105 2409; x_wconf 87' lang='lat' dir='ltr'><strong>enim</strong></span> <span class='ocrx_word' id='word_1_266' title='bbox 2150 2368 2565 2427; x_wconf 88' lang='lat' dir='ltr'><strong>nonnunquam</strong></span> <span class='ocrx_word' id='word_1_267' title='bbox 2604 2360 2819 2428; x_wconf 80' lang='lat' dir='ltr'><strong>negent</strong></span> <span class='ocrx_word' id='word_1_268' title='bbox 2845 2350 2983 2411; x_wconf 87' lang='lat' dir='ltr'><strong>Viri</strong></span> 
     </span>
     <span class='ocr_line' id='line_1_26' title="bbox 569 2429 2981 2506; baseline 0 -15"><span class='ocrx_word' id='word_1_269' title='bbox 569 2431 805 2492; x_wconf 79' lang='lat' dir='ltr'><strong>Fratres</strong></span> <span class='ocrx_word' id='word_1_270' title='bbox 833 2450 896 2491; x_wconf 88' lang='lat' dir='ltr'><strong>se</strong></span> <span class='ocrx_word' id='word_1_271' title='bbox 923 2435 1203 2492; x_wconf 77' lang='lat' dir='ltr'><strong>decretum</strong></span> <span class='ocrx_word' id='word_1_272' title='bbox 1228 2432 1414 2492; x_wconf 89' lang='lat' dir='ltr'><strong>ullum</strong></span> <span class='ocrx_word' id='word_1_273' title='bbox 1435 2432 1874 2492; x_wconf 63' lang='lat' dir='ltr'><strong>conditionatum</strong></span> <span class='ocrx_word' id='word_1_274' title='bbox 1901 2438 2169 2506; x_wconf 86' lang='lat' dir='ltr'><strong>statuere,</strong></span> <span class='ocrx_word' id='word_1_275' title='bbox 2220 2429 2323 2489; x_wconf 88' lang='lat' dir='ltr'><strong>sed</strong></span> <span class='ocrx_word' id='word_1_276' title='bbox 2362 2440 2587 2489; x_wconf 86' lang='lat' dir='ltr'><strong>tantum</strong></span> <span class='ocrx_word' id='word_1_277' title='bbox 2614 2432 2981 2491; x_wconf 79' lang='lat' dir='ltr'><strong>voluntatem</strong></span> 
     </span>
     <span class='ocr_line' id='line_1_27' title="bbox 568 2508 2983 2588; baseline 0 -19"><span class='ocrx_word' id='word_1_278' title='bbox 568 2510 1037 2587; x_wconf 74' lang='lat' dir='ltr'><strong>conditionatum,</strong></span> <span class='ocrx_word' id='word_1_279' title='bbox 1067 2520 1134 2572; x_wconf 87' lang='lat' dir='ltr'><strong>ut</strong></span> <span class='ocrx_word' id='word_1_280' title='bbox 1159 2512 1452 2571; x_wconf 87' lang='lat' dir='ltr'><strong>declinent</strong></span> <span class='ocrx_word' id='word_1_281' title='bbox 1479 2511 1823 2571; x_wconf 73' lang='lat' dir='ltr'><strong>sententiam</strong></span> <span class='ocrx_word' id='word_1_282' title='bbox 1850 2510 2025 2569; x_wconf 85' lang='lat' dir='ltr'><strong>latam</strong></span> <span class='ocrx_word' id='word_1_283' title='bbox 2054 2509 2114 2567; x_wconf 87' lang='lat' dir='ltr'><strong>in</strong></span> <span class='ocrx_word' id='word_1_284' title='bbox 2146 2509 2397 2588; x_wconf 80' lang='lat' dir='ltr'><strong>Synodis</strong></span> <span class='ocrx_word' id='word_1_285' title='bbox 2420 2509 2755 2585; x_wconf 83' lang='lat' dir='ltr'><strong>Gallicanis,</strong></span> <span class='ocrx_word' id='word_1_286' title='bbox 2774 2508 2983 2571; x_wconf 75' lang='lat' dir='ltr'><strong>adver-</strong></span> 
     </span>
     <span class='ocr_line' id='line_1_28' title="bbox 567 2588 2982 2684; baseline 0 -34"><span class='ocrx_word' id='word_1_287' title='bbox 567 2608 676 2684; x_wconf 74' lang='lat'><strong>.⁸¹¹⁸.</strong></span> <span class='ocrx_word' id='word_1_288' title='bbox 697 2610 798 2651; x_wconf 90' lang='lat' dir='ltr'><strong>eos</strong></span> <span class='ocrx_word' id='word_1_289' title='bbox 825 2592 925 2670; x_wconf 91' lang='lat' dir='ltr'><strong>qui</strong></span> <span class='ocrx_word' id='word_1_290' title='bbox 952 2591 1035 2651; x_wconf 86' lang='lat' dir='ltr'><strong>ita</strong></span> <span class='ocrx_word' id='word_1_291' title='bbox 1060 2591 1222 2671; x_wconf 89' lang='lat' dir='ltr'><strong>loqui</strong></span> <span class='ocrx_word' id='word_1_292' title='bbox 1249 2592 1572 2652; x_wconf 80' lang='lat' dir='ltr'><strong>voluerint:</strong></span> <span class='ocrx_word' id='word_1_293' title='bbox 1616 2591 1750 2650; x_wconf 88' lang='lat' dir='ltr'><strong>Non</strong></span> <span class='ocrx_word' id='word_1_294' title='bbox 1792 2598 2037 2684; x_wconf 71' lang='lat' dir='ltr'><strong>possunt</strong></span> <span class='ocrx_word' id='word_1_295' title='bbox 2070 2597 2265 2650; x_wconf 87' lang='lat' dir='ltr'><strong>tamen</strong></span> <span class='ocrx_word' id='word_1_296' title='bbox 2292 2588 2522 2684; x_wconf 77' lang='lat' dir='ltr'><strong>diffiteri</strong></span> <span class='ocrx_word' id='word_1_297' title='bbox 2551 2590 2861 2651; x_wconf 84' lang='lat' dir='ltr'><strong>Primarios</strong></span> <span class='ocrx_word' id='word_1_298' title='bbox 2902 2610 2982 2651; x_wconf 80' lang='lat' dir='ltr'><strong>ex</strong></span> 
     </span>
     <span class='ocr_line' id='line_1_29' title="bbox 563 2669 2983 2828; baseline 0.001 -20"><span class='ocrx_word' id='word_1_299' title='bbox 563 2673 1196 2828; x_wconf 56' lang='lat' dir='ltr'><strong>ffissiptffizssssz‘ff‘</strong></span> <span class='ocrx_word' id='word_1_300' title='bbox 1197 2669 2118 2827; x_wconf 54' lang='lat' dir='ltr'><strong>⁸v·⁰;;“...m‘²*⁰23.¹;3¹;t?‚¹‘3..“22122.⁴25</strong></span> <span class='ocrx_word' id='word_1_301' title='bbox 2131 2677 2361 2826; x_wconf 55' lang='lat'><strong>2333</strong></span> <span class='ocrx_word' id='word_1_302' title='bbox 2378 2671 2793 2828; x_wconf 57' lang='lat'><strong>&amp;323325313</strong></span> <span class='ocrx_word' id='word_1_303' title='bbox 2792 2691 2959 2810; x_wconf 64' lang='lat' dir='ltr'><strong>momm&#39;*</strong></span> <span class='ocrx_word' id='word_1_304' title='bbox 2889 2689 2983 2810; x_wconf 63' lang='lat'><strong>⁸³⁶.</strong></span> 
     </span>
     <span class='ocr_line' id='line_1_30' title="bbox 567 2828 2983 2908; baseline 0.001 -20"><span class='ocrx_word' id='word_1_305' title='bbox 567 2828 650 2888; x_wconf 85' lang='lat' dir='ltr'><strong>Et</strong></span> <span class='ocrx_word' id='word_1_306' title='bbox 675 2847 768 2888; x_wconf 90' lang='lat' dir='ltr'><strong>res</strong></span> <span class='ocrx_word' id='word_1_307' title='bbox 813 2830 942 2907; x_wconf 88' lang='lat' dir='ltr'><strong>ipsa</strong></span> <span class='ocrx_word' id='word_1_308' title='bbox 988 2849 1163 2907; x_wconf 88' lang='lat' dir='ltr'><strong>quam</strong></span> <span class='ocrx_word' id='word_1_309' title='bbox 1211 2837 1473 2890; x_wconf 88' lang='lat' dir='ltr'><strong>statuunt</strong></span> <span class='ocrx_word' id='word_1_310' title='bbox 1513 2831 1626 2888; x_wconf 87' lang='lat' dir='ltr'><strong>hoe</strong></span> <span class='ocrx_word' id='word_1_311' title='bbox 1668 2829 1960 2908; x_wconf 82' lang='lat' dir='ltr'><strong>postulat3</strong></span> <span class='ocrx_word' id='word_1_312' title='bbox 2006 2849 2137 2889; x_wconf 88' lang='lat' dir='ltr'><strong>cum</strong></span> <span class='ocrx_word' id='word_1_313' title='bbox 2178 2829 2333 2888; x_wconf 84' lang='lat' dir='ltr'><strong>enim</strong></span> <span class='ocrx_word' id='word_1_314' title='bbox 2376 2829 2573 2890; x_wconf 88' lang='lat' dir='ltr'><strong>nullus</strong></span> <span class='ocrx_word' id='word_1_315' title='bbox 2618 2829 2789 2889; x_wconf 87' lang='lat' dir='ltr'><strong>detur</strong></span> <span class='ocrx_word' id='word_1_316' title='bbox 2815 2837 2983 2890; x_wconf 83' lang='lat' dir='ltr'><strong>actus</strong></span> 
     </span>
     <span class='ocr_line' id='line_1_31' title="bbox 565 2907 2981 2986; baseline 0 -18"><span class='ocrx_word' id='word_1_317' title='bbox 565 2908 812 2986; x_wconf 63' lang='lat' dir='ltr'><strong>propria</strong></span> <span class='ocrx_word' id='word_1_318' title='bbox 839 2918 900 2969; x_wconf 91' lang='lat' dir='ltr'><strong>et</strong></span> <span class='ocrx_word' id='word_1_319' title='bbox 925 2909 1250 2968; x_wconf 73' lang='lat' dir='ltr'><strong>intrinsecae</strong></span> <span class='ocrx_word' id='word_1_320' title='bbox 1276 2909 1574 2968; x_wconf 84' lang='lat' dir='ltr'><strong>volitionis</strong></span> <span class='ocrx_word' id='word_1_321' title='bbox 1619 2909 1681 2967; x_wconf 92' lang='lat' dir='ltr'><strong>in</strong></span> <span class='ocrx_word' id='word_1_322' title='bbox 1726 2910 1853 2968; x_wconf 90' lang='lat' dir='ltr'><strong>Deo</strong></span> <span class='ocrx_word' id='word_1_323' title='bbox 1900 2909 1973 2967; x_wconf 90' lang='lat' dir='ltr'><strong>de</strong></span> <span class='ocrx_word' id='word_1_324' title='bbox 2000 2910 2084 2968; x_wconf 89' lang='lat' dir='ltr'><strong>rei</strong></span> <span class='ocrx_word' id='word_1_325' title='bbox 2110 2907 2356 2986; x_wconf 87' lang='lat' dir='ltr'><strong>alicujus</strong></span> <span class='ocrx_word' id='word_1_326' title='bbox 2384 2918 2614 2984; x_wconf 82' lang='lat' dir='ltr'><strong>eventu,</strong></span> <span class='ocrx_word' id='word_1_327' title='bbox 2654 2909 2756 2986; x_wconf 86' lang='lat' dir='ltr'><strong>qui</strong></span> <span class='ocrx_word' id='word_1_328' title='bbox 2782 2909 2981 2968; x_wconf 83' lang='lat' dir='ltr'><strong>deere-</strong></span> 
     </span>
     <span class='ocr_line' id='line_1_32' title="bbox 565 2988 2986 3067; baseline 0 -20"><span class='ocrx_word' id='word_1_329' title='bbox 565 2998 691 3047; x_wconf 90' lang='lat' dir='ltr'><strong>tum</strong></span> <span class='ocrx_word' id='word_1_330' title='bbox 718 3007 836 3046; x_wconf 90' lang='lat' dir='ltr'><strong>non</strong></span> <span class='ocrx_word' id='word_1_331' title='bbox 861 2989 1148 3065; x_wconf 85' lang='lat' dir='ltr'><strong>importet,</strong></span> <span class='ocrx_word' id='word_1_332' title='bbox 1178 2989 1443 3066; x_wconf 83' lang='lat' dir='ltr'><strong>quisquis</strong></span> <span class='ocrx_word' id='word_1_333' title='bbox 1478 2990 1839 3048; x_wconf 83' lang='lat' dir='ltr'><strong>voluntatem</strong></span> <span class='ocrx_word' id='word_1_334' title='bbox 1866 2988 2314 3048; x_wconf 71' lang='lat' dir='ltr'><strong>conditionatum</strong></span> <span class='ocrx_word' id='word_1_335' title='bbox 2358 2988 2423 3046; x_wconf 89' lang='lat' dir='ltr'><strong>in</strong></span> <span class='ocrx_word' id='word_1_336' title='bbox 2452 2989 2579 3048; x_wconf 91' lang='lat' dir='ltr'><strong>Deo</strong></span> <span class='ocrx_word' id='word_1_337' title='bbox 2606 2989 2884 3067; x_wconf 84' lang='lat' dir='ltr'><strong>agnoseit,</strong></span> <span class='ocrx_word' id='word_1_338' title='bbox 2930 2990 2986 3048; x_wconf 88' lang='lat' dir='ltr'><strong>is</strong></span> 
     </span>
     <span class='ocr_line' id='line_1_33' title="bbox 565 3067 2335 3145; baseline 0.001 -20"><span class='ocrx_word' id='word_1_339' title='bbox 565 3067 782 3144; x_wconf 86' lang='lat' dir='ltr'><strong>pariter</strong></span> <span class='ocrx_word' id='word_1_340' title='bbox 807 3067 1100 3127; x_wconf 76' lang='lat' dir='ltr'><strong>decretum</strong></span> <span class='ocrx_word' id='word_1_341' title='bbox 1127 3069 1581 3127; x_wconf 83' lang='lat' dir='ltr'><strong>conditionatum</strong></span> <span class='ocrx_word' id='word_1_342' title='bbox 1609 3067 1672 3125; x_wconf 88' lang='lat' dir='ltr'><strong>in</strong></span> <span class='ocrx_word' id='word_1_343' title='bbox 1698 3087 1769 3127; x_wconf 90' lang='lat' dir='ltr'><strong>eo</strong></span> <span class='ocrx_word' id='word_1_344' title='bbox 1794 3067 2066 3128; x_wconf 84' lang='lat' dir='ltr'><strong>admittat</strong></span> <span class='ocrx_word' id='word_1_345' title='bbox 2092 3076 2335 3145; x_wconf 79' lang='lat' dir='ltr'><strong>oportet.</strong></span> 
     </span>
    </p>

    <p class='ocr_par' dir='ltr' id='par_1_5' title="bbox 562 3145 2985 3862">
     <span class='ocr_line' id='line_1_34' title="bbox 649 3145 2980 3226; baseline 0.001 -22"><span class='ocrx_word' id='word_1_346' title='bbox 649 3145 736 3205; x_wconf 88' lang='lat' dir='ltr'><strong>X.</strong></span> <span class='ocrx_word' id='word_1_347' title='bbox 780 3148 836 3206; x_wconf 78' lang='lat'><strong>5.</strong></span> <span class='ocrx_word' id='word_1_348' title='bbox 868 3147 1000 3205; x_wconf 89' lang='lat' dir='ltr'><strong>Non</strong></span> <span class='ocrx_word' id='word_1_349' title='bbox 1025 3147 1304 3226; x_wconf 68' lang='lat' dir='ltr'><strong>quaeritur</strong></span> <span class='ocrx_word' id='word_1_350' title='bbox 1325 3148 1401 3207; x_wconf 90' lang='lat' dir='ltr'><strong>de</strong></span> <span class='ocrx_word' id='word_1_351' title='bbox 1431 3147 1885 3208; x_wconf 85' lang='lat' dir='ltr'><strong>Universalitate</strong></span> <span class='ocrx_word' id='word_1_352' title='bbox 1914 3147 2367 3225; x_wconf 87' lang='lat' dir='ltr'><strong>Redemptionis,</strong></span> <span class='ocrx_word' id='word_1_353' title='bbox 2388 3148 2487 3207; x_wconf 80' lang='lat' dir='ltr'><strong>vel</strong></span> <span class='ocrx_word' id='word_1_354' title='bbox 2514 3147 2872 3223; x_wconf 85' lang='lat' dir='ltr'><strong>Vocationis,</strong></span> <span class='ocrx_word' id='word_1_355' title='bbox 2900 3147 2980 3206; x_wconf 89' lang='lat' dir='ltr'><strong>de</strong></span> 
     </span>
     <span class='ocr_line' id='line_1_35' title="bbox 569 3225 2979 3304; baseline 0.001 -20"><span class='ocrx_word' id='word_1_356' title='bbox 569 3225 666 3284; x_wconf 77' lang='lat' dir='ltr'><strong>his</strong></span> <span class='ocrx_word' id='word_1_357' title='bbox 691 3225 844 3284; x_wconf 84' lang='lat' dir='ltr'><strong>enim</strong></span> <span class='ocrx_word' id='word_1_358' title='bbox 875 3226 1002 3285; x_wconf 92' lang='lat' dir='ltr'><strong>Deo</strong></span> <span class='ocrx_word' id='word_1_359' title='bbox 1029 3226 1204 3286; x_wconf 87' lang='lat' dir='ltr'><strong>dante</strong></span> <span class='ocrx_word' id='word_1_360' title='bbox 1233 3245 1338 3286; x_wconf 80' lang='lat' dir='ltr'><strong>suo</strong></span> <span class='ocrx_word' id='word_1_361' title='bbox 1363 3227 1494 3286; x_wconf 87' lang='lat' dir='ltr'><strong>loeo</strong></span> <span class='ocrx_word' id='word_1_362' title='bbox 1521 3227 1811 3304; x_wconf 81' lang='lat' dir='ltr'><strong>agendum</strong></span> <span class='ocrx_word' id='word_1_363' title='bbox 1840 3227 1965 3303; x_wconf 89' lang='lat' dir='ltr'><strong>erit,</strong></span> <span class='ocrx_word' id='word_1_364' title='bbox 2018 3227 2121 3286; x_wconf 84' lang='lat' dir='ltr'><strong>sed</strong></span> <span class='ocrx_word' id='word_1_365' title='bbox 2168 3227 2242 3286; x_wconf 90' lang='lat' dir='ltr'><strong>de</strong></span> <span class='ocrx_word' id='word_1_366' title='bbox 2292 3227 2723 3287; x_wconf 65' lang='lat' dir='ltr'><strong>Universazctate</strong></span> <span class='ocrx_word' id='word_1_367' title='bbox 2762 3227 2979 3286; x_wconf 72' lang='lat' dir='ltr'><strong>miseri·</strong></span> 
     </span>
     <span class='ocr_line' id='line_1_36' title="bbox 567 3305 2983 3386; baseline 0.001 -23"><span class='ocrx_word' id='word_1_368' title='bbox 567 3305 792 3380; x_wconf 76' lang='lat' dir='ltr'><strong>oordiae,</strong></span> <span class='ocrx_word' id='word_1_369' title='bbox 841 3314 902 3365; x_wconf 88' lang='lat' dir='ltr'><strong>et</strong></span> <span class='ocrx_word' id='word_1_370' title='bbox 938 3307 1162 3383; x_wconf 71' lang='lat' dir='ltr'><strong>yratioe,</strong></span> <span class='ocrx_word' id='word_1_371' title='bbox 1207 3307 1401 3383; x_wconf 85' lang='lat' dir='ltr'><strong>quoad</strong></span> <span class='ocrx_word' id='word_1_372' title='bbox 1443 3307 1822 3366; x_wconf 87' lang='lat' dir='ltr'><strong>intentionem</strong></span> <span class='ocrx_word' id='word_1_373' title='bbox 1860 3306 2082 3367; x_wconf 85' lang='lat' dir='ltr'><strong>salutis.</strong></span> <span class='ocrx_word' id='word_1_374' title='bbox 2168 3307 2253 3367; x_wconf 88' lang='lat' dir='ltr'><strong>Ut</strong></span> <span class='ocrx_word' id='word_1_375' title='bbox 2300 3307 2557 3382; x_wconf 69' lang='lat' dir='ltr'><strong>Quaestio</strong></span> <span class='ocrx_word' id='word_1_376' title='bbox 2582 3307 2880 3386; x_wconf 80' lang='lat' dir='ltr'><strong>redigatur</strong></span> <span class='ocrx_word' id='word_1_377' title='bbox 2902 3305 2983 3366; x_wconf 88' lang='lat' dir='ltr'><strong>ad</strong></span> 
     </span>
     <span class='ocr_line' id='line_1_37' title="bbox 565 3384 2983 3464; baseline 0.001 -22"><span class='ocrx_word' id='word_1_378' title='bbox 565 3384 678 3443; x_wconf 83' lang='lat' dir='ltr'><strong>hos</strong></span> <span class='ocrx_word' id='word_1_379' title='bbox 701 3385 1017 3462; x_wconf 80' lang='lat' dir='ltr'><strong>terminos3</strong></span> <span class='ocrx_word' id='word_1_380' title='bbox 1063 3385 1162 3443; x_wconf 88' lang='lat' dir='ltr'><strong>An</strong></span> <span class='ocrx_word' id='word_1_381' title='bbox 1183 3385 1353 3446; x_wconf 87' lang='lat' dir='ltr'><strong>detur</strong></span> <span class='ocrx_word' id='word_1_382' title='bbox 1377 3386 1438 3445; x_wconf 91' lang='lat' dir='ltr'><strong>in</strong></span> <span class='ocrx_word' id='word_1_383' title='bbox 1467 3387 1595 3446; x_wconf 90' lang='lat' dir='ltr'><strong>Deo</strong></span> <span class='ocrx_word' id='word_1_384' title='bbox 1621 3386 1917 3446; x_wconf 87' lang='lat' dir='ltr'><strong>decretum</strong></span> <span class='ocrx_word' id='word_1_385' title='bbox 1945 3386 2181 3463; x_wconf 84' lang='lat' dir='ltr'><strong>aliquod</strong></span> <span class='ocrx_word' id='word_1_386' title='bbox 2208 3387 2492 3464; x_wconf 86' lang='lat' dir='ltr'><strong>generale,</strong></span> <span class='ocrx_word' id='word_1_387' title='bbox 2524 3387 2649 3446; x_wconf 81' lang='lat' dir='ltr'><strong>sive</strong></span> <span class='ocrx_word' id='word_1_388' title='bbox 2676 3387 2983 3445; x_wconf 87' lang='lat' dir='ltr'><strong>eonsilium</strong></span> 
     </span>
     <span class='ocr_line' id='line_1_38' title="bbox 565 3464 2985 3544; baseline 0 -20"><span class='ocrx_word' id='word_1_389' title='bbox 565 3471 628 3524; x_wconf 81' lang='lat' dir='ltr'><strong>et</strong></span> <span class='ocrx_word' id='word_1_390' title='bbox 652 3464 1010 3542; x_wconf 85' lang='lat' dir='ltr'><strong>propositum</strong></span> <span class='ocrx_word' id='word_1_391' title='bbox 1051 3465 1292 3544; x_wconf 85' lang='lat' dir='ltr'><strong>dicatur,</strong></span> <span class='ocrx_word' id='word_1_392' title='bbox 1337 3467 1464 3526; x_wconf 83' lang='lat' dir='ltr'><strong>sive</strong></span> <span class='ocrx_word' id='word_1_393' title='bbox 1509 3466 1783 3525; x_wconf 78' lang='lat' dir='ltr'><strong>voluntas</strong></span> <span class='ocrx_word' id='word_1_394' title='bbox 1810 3466 2217 3542; x_wconf 84' lang='lat' dir='ltr'><strong>conditionata,</strong></span> <span class='ocrx_word' id='word_1_395' title='bbox 2246 3484 2364 3543; x_wconf 88' lang='lat' dir='ltr'><strong>qua</strong></span> <span class='ocrx_word' id='word_1_396' title='bbox 2389 3485 2525 3525; x_wconf 85' lang='lat' dir='ltr'><strong>vere</strong></span> <span class='ocrx_word' id='word_1_397' title='bbox 2552 3473 2612 3525; x_wconf 90' lang='lat' dir='ltr'><strong>et</strong></span> <span class='ocrx_word' id='word_1_398' title='bbox 2640 3467 2789 3526; x_wconf 86' lang='lat' dir='ltr'><strong>serio</strong></span> <span class='ocrx_word' id='word_1_399' title='bbox 2818 3467 2985 3524; x_wconf 87' lang='lat' dir='ltr'><strong>Deus</strong></span> 
     </span>
     <span class='ocr_line' id='line_1_39' title="bbox 563 3543 2976 3624; baseline 0 -22"><span class='ocrx_word' id='word_1_400' title='bbox 563 3543 822 3603; x_wconf 85' lang='lat' dir='ltr'><strong>omnium</strong></span> <span class='ocrx_word' id='word_1_401' title='bbox 849 3551 910 3604; x_wconf 89' lang='lat' dir='ltr'><strong>et</strong></span> <span class='ocrx_word' id='word_1_402' title='bbox 951 3545 1310 3624; x_wconf 84' lang='lat' dir='ltr'><strong>singulorum</strong></span> <span class='ocrx_word' id='word_1_403' title='bbox 1353 3546 1612 3605; x_wconf 87' lang='lat' dir='ltr'><strong>misereri</strong></span> <span class='ocrx_word' id='word_1_404' title='bbox 1638 3545 1715 3604; x_wconf 88' lang='lat' dir='ltr'><strong>ad</strong></span> <span class='ocrx_word' id='word_1_405' title='bbox 1752 3546 1997 3605; x_wconf 85' lang='lat' dir='ltr'><strong>salutem</strong></span> <span class='ocrx_word' id='word_1_406' title='bbox 2044 3545 2371 3622; x_wconf 88' lang='lat' dir='ltr'><strong>intenderit,</strong></span> <span class='ocrx_word' id='word_1_407' title='bbox 2414 3565 2533 3604; x_wconf 91' lang='lat' dir='ltr'><strong>non</strong></span> <span class='ocrx_word' id='word_1_408' title='bbox 2559 3545 2734 3606; x_wconf 88' lang='lat' dir='ltr'><strong>fidem</strong></span> <span class='ocrx_word' id='word_1_409' title='bbox 2762 3545 2976 3620; x_wconf 84' lang='lat' dir='ltr'><strong>dando,</strong></span> 
     </span>
     <span class='ocr_line' id='line_1_40' title="bbox 565 3623 2985 3703; baseline 0 -19"><span class='ocrx_word' id='word_1_410' title='bbox 565 3623 671 3684; x_wconf 85' lang='lat' dir='ltr'><strong>sed</strong></span> <span class='ocrx_word' id='word_1_411' title='bbox 695 3643 802 3702; x_wconf 88' lang='lat' dir='ltr'><strong>pro</strong></span> <span class='ocrx_word' id='word_1_412' title='bbox 827 3625 1097 3685; x_wconf 86' lang='lat' dir='ltr'><strong>omnibus</strong></span> <span class='ocrx_word' id='word_1_413' title='bbox 1137 3634 1198 3685; x_wconf 90' lang='lat' dir='ltr'><strong>et</strong></span> <span class='ocrx_word' id='word_1_414' title='bbox 1241 3626 1486 3703; x_wconf 90' lang='lat' dir='ltr'><strong>singulis</strong></span> <span class='ocrx_word' id='word_1_415' title='bbox 1531 3626 1825 3685; x_wconf 81' lang='lat' dir='ltr'><strong>Christum</strong></span> <span class='ocrx_word' id='word_1_416' title='bbox 1850 3625 2150 3699; x_wconf 88' lang='lat' dir='ltr'><strong>mittendo,</strong></span> <span class='ocrx_word' id='word_1_417' title='bbox 2192 3634 2253 3684; x_wconf 88' lang='lat' dir='ltr'><strong>et</strong></span> <span class='ocrx_word' id='word_1_418' title='bbox 2280 3643 2480 3684; x_wconf 87' lang='lat' dir='ltr'><strong>omnes</strong></span> <span class='ocrx_word' id='word_1_419' title='bbox 2509 3643 2575 3684; x_wconf 91' lang='lat' dir='ltr'><strong>ac</strong></span> <span class='ocrx_word' id='word_1_420' title='bbox 2604 3625 2865 3703; x_wconf 85' lang='lat' dir='ltr'><strong>sing-ulos</strong></span> <span class='ocrx_word' id='word_1_421' title='bbox 2904 3625 2985 3683; x_wconf 85' lang='lat' dir='ltr'><strong>ad</strong></span> 
     </span>
     <span class='ocr_line' id='line_1_41' title="bbox 565 3704 2978 3782; baseline 0.001 -20"><span class='ocrx_word' id='word_1_422' title='bbox 565 3704 810 3764; x_wconf 90' lang='lat' dir='ltr'><strong>salutem</strong></span> <span class='ocrx_word' id='word_1_423' title='bbox 838 3705 1103 3764; x_wconf 83' lang='lat' dir='ltr'><strong>vocando</strong></span> <span class='ocrx_word' id='word_1_424' title='bbox 1147 3704 1256 3764; x_wconf 90' lang='lat' dir='ltr'><strong>sub</strong></span> <span class='ocrx_word' id='word_1_425' title='bbox 1303 3705 1631 3765; x_wconf 85' lang='lat' dir='ltr'><strong>conditione</strong></span> <span class='ocrx_word' id='word_1_426' title='bbox 1674 3704 1814 3763; x_wconf 88' lang='lat' dir='ltr'><strong>fidei</strong></span> <span class='ocrx_word' id='word_1_427' title='bbox 1839 3712 1899 3763; x_wconf 88' lang='lat' dir='ltr'><strong>et</strong></span> <span class='ocrx_word' id='word_1_428' title='bbox 1922 3704 2277 3782; x_wconf 73' lang='lat' dir='ltr'><strong>poenitentiae</strong></span> <span class='ocrx_word' id='word_1_429' title='bbox 2292 3707 2322 3764; x_wconf 69' lang='grc' dir='ltr'>Ρ</span> <span class='ocrx_word' id='word_1_430' title='bbox 2403 3704 2573 3780; x_wconf 85' lang='lat' dir='ltr'><strong>Quod</strong></span> <span class='ocrx_word' id='word_1_431' title='bbox 2600 3705 2821 3764; x_wconf 65' lang='lat' dir='ltr'><strong>Gratim</strong></span> <span class='ocrx_word' id='word_1_432' title='bbox 2846 3705 2978 3764; x_wconf 79' lang='lat' dir='ltr'><strong>uni—</strong></span> 
     </span>
     <span class='ocr_line' id='line_1_42' title="bbox 562 3783 1894 3862; baseline 0.001 -21"><span class='ocrx_word' id='word_1_433' title='bbox 562 3783 810 3842; x_wconf 77' lang='lat' dir='ltr'><strong>versalis</strong></span> <span class='ocrx_word' id='word_1_434' title='bbox 837 3783 1075 3842; x_wconf 89' lang='lat' dir='ltr'><strong>Patroni</strong></span> <span class='ocrx_word' id='word_1_435' title='bbox 1102 3791 1399 3862; x_wconf 81' lang='lat' dir='ltr'><strong>statuunt3</strong></span> <span class='ocrx_word' id='word_1_436' title='bbox 1445 3785 1568 3844; x_wconf 88' lang='lat' dir='ltr'><strong>Nos</strong></span> <span class='ocrx_word' id='word_1_437' title='bbox 1593 3802 1894 3861; x_wconf 86' lang='lat' dir='ltr'><strong>negamus.</strong></span> 
     </span>
    </p>

    <p class='ocr_par' dir='ltr' id='par_1_6' title="bbox 558 3861 2982 4733">
     <span class='ocr_line' id='line_1_43' title="bbox 646 3861 2981 3940; baseline 0 -21"><span class='ocrx_word' id='word_1_438' title='bbox 646 3861 770 3919; x_wconf 87' lang='lat' dir='ltr'><strong>XI.</strong></span> <span class='ocrx_word' id='word_1_439' title='bbox 813 3861 964 3937; x_wconf 86' lang='lat' dir='ltr'><strong>Quia</strong></span> <span class='ocrx_word' id='word_1_440' title='bbox 987 3881 1130 3921; x_wconf 82' lang='lat' dir='ltr'><strong>vero</strong></span> <span class='ocrx_word' id='word_1_441' title='bbox 1157 3863 1412 3938; x_wconf 79' lang='lat' dir='ltr'><strong>Quaestio</strong></span> <span class='ocrx_word' id='word_1_442' title='bbox 1439 3864 1553 3923; x_wconf 87' lang='lat' dir='ltr'><strong>ista</strong></span> <span class='ocrx_word' id='word_1_443' title='bbox 1577 3871 1855 3940; x_wconf 78' lang='lat' dir='ltr'><strong>tanquam</strong></span> <span class='ocrx_word' id='word_1_444' title='bbox 1880 3863 2073 3921; x_wconf 86' lang='lat' dir='ltr'><strong>minus</strong></span> <span class='ocrx_word' id='word_1_445' title='bbox 2112 3863 2454 3936; x_wconf 86' lang='lat' dir='ltr'><strong>necessaria,</strong></span> <span class='ocrx_word' id='word_1_446' title='bbox 2486 3871 2546 3922; x_wconf 89' lang='lat' dir='ltr'><strong>et</strong></span> <span class='ocrx_word' id='word_1_447' title='bbox 2571 3861 2981 3939; x_wconf 81' lang='lat' dir='ltr'><strong>intempestiva</strong></span> 
     </span>
     <span class='ocr_line' id='line_1_44' title="bbox 565 3939 2979 4021; baseline 0.001 -23"><span class='ocrx_word' id='word_1_448' title='bbox 565 3939 913 4018; x_wconf 88' lang='lat' dir='ltr'><strong>quibusdam</strong></span> <span class='ocrx_word' id='word_1_449' title='bbox 939 3942 1187 4018; x_wconf 84' lang='lat' dir='ltr'><strong>videtur,</strong></span> <span class='ocrx_word' id='word_1_450' title='bbox 1235 3961 1306 4002; x_wconf 91' lang='lat' dir='ltr'><strong>eo</strong></span> <span class='ocrx_word' id='word_1_451' title='bbox 1347 3943 1505 4019; x_wconf 88' lang='lat' dir='ltr'><strong>quod</strong></span> <span class='ocrx_word' id='word_1_452' title='bbox 1537 3942 1601 4000; x_wconf 88' lang='lat' dir='ltr'><strong>in</strong></span> <span class='ocrx_word' id='word_1_453' title='bbox 1627 3961 1697 4000; x_wconf 84' lang='lat' dir='ltr'><strong>ea</strong></span> <span class='ocrx_word' id='word_1_454' title='bbox 1724 3951 1931 4018; x_wconf 80' lang='lat' dir='ltr'><strong>agatur</strong></span> <span class='ocrx_word' id='word_1_455' title='bbox 1956 3949 2179 4001; x_wconf 85' lang='lat' dir='ltr'><strong>tantum</strong></span> <span class='ocrx_word' id='word_1_456' title='bbox 2208 3941 2280 4001; x_wconf 92' lang='lat' dir='ltr'><strong>de</strong></span> <span class='ocrx_word' id='word_1_457' title='bbox 2308 3943 2576 4002; x_wconf 72' lang='lat' dir='ltr'><strong>Methodo</strong></span> <span class='ocrx_word' id='word_1_458' title='bbox 2604 3942 2853 4021; x_wconf 88' lang='lat' dir='ltr'><strong>quadam</strong></span> <span class='ocrx_word' id='word_1_459' title='bbox 2889 3941 2979 4000; x_wconf 91' lang='lat' dir='ltr'><strong>di·</strong></span> 
     </span>
     <span class='ocr_line' id='line_1_45' title="bbox 565 4019 2977 4096; baseline 0.001 -20"><span class='ocrx_word' id='word_1_460' title='bbox 565 4037 753 4093; x_wconf 76' lang='lat' dir='ltr'><strong>versa,</strong></span> <span class='ocrx_word' id='word_1_461' title='bbox 783 4019 938 4078; x_wconf 86' lang='lat' dir='ltr'><strong>circa</strong></span> <span class='ocrx_word' id='word_1_462' title='bbox 963 4037 1136 4096; x_wconf 80' lang='lat' dir='ltr'><strong>quam</strong></span> <span class='ocrx_word' id='word_1_463' title='bbox 1163 4021 1382 4079; x_wconf 87' lang='lat' dir='ltr'><strong>nemini</strong></span> <span class='ocrx_word' id='word_1_464' title='bbox 1407 4021 1480 4079; x_wconf 90' lang='lat' dir='ltr'><strong>lis</strong></span> <span class='ocrx_word' id='word_1_465' title='bbox 1509 4021 1586 4080; x_wconf 90' lang='lat' dir='ltr'><strong>sit</strong></span> <span class='ocrx_word' id='word_1_466' title='bbox 1626 4021 1933 4096; x_wconf 84' lang='lat' dir='ltr'><strong>movenda,</strong></span> <span class='ocrx_word' id='word_1_467' title='bbox 1982 4039 2099 4080; x_wconf 91' lang='lat' dir='ltr'><strong>non</strong></span> <span class='ocrx_word' id='word_1_468' title='bbox 2126 4039 2267 4080; x_wconf 81' lang='lat' dir='ltr'><strong>vero</strong></span> <span class='ocrx_word' id='word_1_469' title='bbox 2296 4022 2368 4080; x_wconf 92' lang='lat' dir='ltr'><strong>de</strong></span> <span class='ocrx_word' id='word_1_470' title='bbox 2394 4022 2517 4081; x_wconf 87' lang='lat' dir='ltr'><strong>ullo</strong></span> <span class='ocrx_word' id='word_1_471' title='bbox 2558 4019 2836 4080; x_wconf 72' lang='lat' dir='ltr'><strong>doctrinae</strong></span> <span class='ocrx_word' id='word_1_472' title='bbox 2878 4039 2977 4079; x_wconf 90' lang='lat' dir='ltr'><strong>ca·-</strong></span> 
     </span>
     <span class='ocr_line' id='line_1_46' title="bbox 564 4097 2977 4180; baseline 0.002 -26"><span class='ocrx_word' id='word_1_473' title='bbox 564 4097 685 4174; x_wconf 89' lang='lat' dir='ltr'><strong>pite</strong></span> <span class='ocrx_word' id='word_1_474' title='bbox 709 4117 723 4172; x_wconf 88' lang='lat'><strong>;</strong></span> <span class='ocrx_word' id='word_1_475' title='bbox 757 4097 830 4155; x_wconf 92' lang='lat' dir='ltr'><strong>In</strong></span> <span class='ocrx_word' id='word_1_476' title='bbox 858 4107 1220 4158; x_wconf 87' lang='lat' dir='ltr'><strong>antecessum</strong></span> <span class='ocrx_word' id='word_1_477' title='bbox 1247 4099 1690 4175; x_wconf 86' lang='lat' dir='ltr'><strong>observandum,</strong></span> <span class='ocrx_word' id='word_1_478' title='bbox 1710 4099 1869 4176; x_wconf 89' lang='lat' dir='ltr'><strong>quod</strong></span> <span class='ocrx_word' id='word_1_479' title='bbox 1890 4100 1939 4159; x_wconf 87' lang='lat' dir='ltr'><strong>si</strong></span> <span class='ocrx_word' id='word_1_480' title='bbox 1966 4099 2039 4160; x_wconf 92' lang='lat' dir='ltr'><strong>de</strong></span> <span class='ocrx_word' id='word_1_481' title='bbox 2068 4100 2195 4159; x_wconf 86' lang='lat' dir='ltr'><strong>sola</strong></span> <span class='ocrx_word' id='word_1_482' title='bbox 2220 4101 2503 4161; x_wconf 89' lang='lat' dir='ltr'><strong>Methodo</strong></span> <span class='ocrx_word' id='word_1_483' title='bbox 2530 4109 2815 4180; x_wconf 87' lang='lat' dir='ltr'><strong>ageretur,</strong></span> <span class='ocrx_word' id='word_1_484' title='bbox 2847 4119 2977 4177; x_wconf 74' lang='lat' dir='ltr'><strong>quae</strong></span> 
     </span>
     <span class='ocr_line' id='line_1_47' title="bbox 558 4174 2977 4254; baseline 0.002 -20"><span class='ocrx_word' id='word_1_485' title='bbox 558 4175 648 4234; x_wconf 88' lang='lat' dir='ltr'><strong>rei</strong></span> <span class='ocrx_word' id='word_1_486' title='bbox 675 4174 858 4252; x_wconf 86' lang='lat' dir='ltr'><strong>ipsius</strong></span> <span class='ocrx_word' id='word_1_487' title='bbox 885 4176 1280 4237; x_wconf 83' lang='lat' dir='ltr'><strong>diversitatem</strong></span> <span class='ocrx_word' id='word_1_488' title='bbox 1307 4186 1439 4254; x_wconf 89' lang='lat' dir='ltr'><strong>post</strong></span> <span class='ocrx_word' id='word_1_489' title='bbox 1481 4197 1542 4237; x_wconf 83' lang='lat' dir='ltr'><strong>se</strong></span> <span class='ocrx_word' id='word_1_490' title='bbox 1569 4197 1688 4238; x_wconf 88' lang='lat' dir='ltr'><strong>non</strong></span> <span class='ocrx_word' id='word_1_491' title='bbox 1714 4180 1982 4254; x_wconf 64' lang='lat' dir='ltr'><strong>traheret,</strong></span> <span class='ocrx_word' id='word_1_492' title='bbox 2026 4179 2194 4239; x_wconf 75' lang='lat' dir='ltr'><strong>facile</strong></span> <span class='ocrx_word' id='word_1_493' title='bbox 2221 4179 2317 4239; x_wconf 89' lang='lat' dir='ltr'><strong>hic</strong></span> <span class='ocrx_word' id='word_1_494' title='bbox 2346 4181 2757 4241; x_wconf 83' lang='lat' dir='ltr'><strong>Controversia</strong></span> <span class='ocrx_word' id='word_1_495' title='bbox 2778 4199 2977 4239; x_wconf 84' lang='lat' dir='ltr'><strong>carere</strong></span> 
     </span>
     <span class='ocr_line' id='line_1_48' title="bbox 565 4255 2977 4338; baseline 0.002 -26"><span class='ocrx_word' id='word_1_496' title='bbox 565 4273 868 4331; x_wconf 87' lang='lat' dir='ltr'><strong>possemus</strong></span> <span class='ocrx_word' id='word_1_497' title='bbox 893 4277 907 4314; x_wconf 76' lang='lat' dir='ltr'><strong>t</strong></span> <span class='ocrx_word' id='word_1_498' title='bbox 951 4257 1006 4314; x_wconf 85' lang='lat' dir='ltr'>N</span> <span class='ocrx_word' id='word_1_499' title='bbox 1009 4275 1075 4315; x_wconf 91' lang='lat' dir='ltr'><strong>ec</strong></span> <span class='ocrx_word' id='word_1_500' title='bbox 1103 4257 1257 4315; x_wconf 86' lang='lat' dir='ltr'><strong>enim</strong></span> <span class='ocrx_word' id='word_1_501' title='bbox 1283 4256 1359 4316; x_wconf 87' lang='lat' dir='ltr'><strong>de</strong></span> <span class='ocrx_word' id='word_1_502' title='bbox 1387 4257 1511 4316; x_wconf 88' lang='lat' dir='ltr'><strong>solo</strong></span> <span class='ocrx_word' id='word_1_503' title='bbox 1537 4257 1703 4338; x_wconf 55' lang='grc' dir='ltr'><strong>τρέπῃ</strong></span> <span class='ocrx_word' id='word_1_504' title='bbox 1728 4255 1955 4324; x_wconf 65' lang='grc' dir='ltr'><strong>παιδείας</strong></span> <span class='ocrx_word' id='word_1_505' title='bbox 1983 4277 2115 4317; x_wconf 90' lang='lat' dir='ltr'><strong>cum</strong></span> <span class='ocrx_word' id='word_1_506' title='bbox 2142 4277 2433 4338; x_wconf 88' lang='lat' dir='ltr'><strong>quoquam</strong></span> <span class='ocrx_word' id='word_1_507' title='bbox 2468 4260 2817 4338; x_wconf 85' lang='lat' dir='ltr'><strong>litigandum</strong></span> <span class='ocrx_word' id='word_1_508' title='bbox 2846 4275 2977 4318; x_wconf 89' lang='lat' dir='ltr'><strong>cen·</strong></span> 
     </span>
     <span class='ocr_line' id='line_1_49' title="bbox 563 4333 2978 4418; baseline 0.002 -26"><span class='ocrx_word' id='word_1_509' title='bbox 563 4351 777 4409; x_wconf 86' lang='lat' dir='ltr'><strong>semus,</strong></span> <span class='ocrx_word' id='word_1_510' title='bbox 805 4334 980 4393; x_wconf 90' lang='lat' dir='ltr'><strong>modo</strong></span> <span class='ocrx_word' id='word_1_511' title='bbox 1008 4353 1150 4393; x_wconf 87' lang='lat' dir='ltr'><strong>sana</strong></span> <span class='ocrx_word' id='word_1_512' title='bbox 1175 4333 1437 4394; x_wconf 86' lang='lat' dir='ltr'><strong>doctrina</strong></span> <span class='ocrx_word' id='word_1_513' title='bbox 1479 4337 1556 4397; x_wconf 88' lang='lat' dir='ltr'><strong>sit</strong></span> <span class='ocrx_word' id='word_1_514' title='bbox 1601 4338 1665 4395; x_wconf 90' lang='lat' dir='ltr'><strong>in</strong></span> <span class='ocrx_word' id='word_1_515' title='bbox 1690 4347 1817 4398; x_wconf 88' lang='lat' dir='ltr'><strong>tuto</strong></span> <span class='ocrx_word' id='word_1_516' title='bbox 1843 4361 1857 4399; x_wconf 72' lang='grc' dir='ltr'><strong><em>ε</em></strong></span> <span class='ocrx_word' id='word_1_517' title='bbox 1898 4339 2121 4398; x_wconf 89' lang='lat' dir='ltr'><strong>Verum</strong></span> <span class='ocrx_word' id='word_1_518' title='bbox 2150 4338 2200 4397; x_wconf 91' lang='lat' dir='ltr'><strong>si</strong></span> <span class='ocrx_word' id='word_1_519' title='bbox 2226 4359 2321 4399; x_wconf 89' lang='lat' dir='ltr'><strong>res</strong></span> <span class='ocrx_word' id='word_1_520' title='bbox 2345 4339 2473 4418; x_wconf 88' lang='lat' dir='ltr'><strong>ipsa</strong></span> <span class='ocrx_word' id='word_1_521' title='bbox 2498 4341 2673 4418; x_wconf 88' lang='lat' dir='ltr'><strong>paulo</strong></span> <span class='ocrx_word' id='word_1_522' title='bbox 2700 4339 2978 4399; x_wconf 86' lang='lat' dir='ltr'><strong>attentius</strong></span> 
     </span>
     <span class='ocr_line' id='line_1_50' title="bbox 563 4413 2981 4498; baseline 0.002 -26"><span class='ocrx_word' id='word_1_523' title='bbox 563 4413 943 4490; x_wconf 84' lang='lat' dir='ltr'><strong>expendatur,</strong></span> <span class='ocrx_word' id='word_1_524' title='bbox 975 4414 1144 4473; x_wconf 81' lang='lat' dir='ltr'><strong>facile</strong></span> <span class='ocrx_word' id='word_1_525' title='bbox 1189 4415 1427 4493; x_wconf 84' lang='lat' dir='ltr'><strong>patebit,</strong></span> <span class='ocrx_word' id='word_1_526' title='bbox 1478 4435 1596 4476; x_wconf 88' lang='lat' dir='ltr'><strong>non</strong></span> <span class='ocrx_word' id='word_1_527' title='bbox 1621 4418 1723 4494; x_wconf 86' lang='lat' dir='ltr'><strong>agi</strong></span> <span class='ocrx_word' id='word_1_528' title='bbox 1748 4425 1973 4477; x_wconf 84' lang='lat' dir='ltr'><strong>tantum</strong></span> <span class='ocrx_word' id='word_1_529' title='bbox 2001 4417 2074 4476; x_wconf 91' lang='lat' dir='ltr'><strong>de</strong></span> <span class='ocrx_word' id='word_1_530' title='bbox 2100 4418 2393 4496; x_wconf 88' lang='lat' dir='ltr'><strong>methodo,</strong></span> <span class='ocrx_word' id='word_1_531' title='bbox 2422 4419 2528 4478; x_wconf 86' lang='lat' dir='ltr'><strong>sed</strong></span> <span class='ocrx_word' id='word_1_532' title='bbox 2554 4420 2663 4478; x_wconf 85' lang='lat' dir='ltr'><strong>sub</strong></span> <span class='ocrx_word' id='word_1_533' title='bbox 2690 4426 2981 4498; x_wconf 63' lang='lat' dir='ltr'><strong>praetextu</strong></span> 
     </span>
     <span class='ocr_line' id='line_1_51' title="bbox 563 4493 2979 4576; baseline 0.001 -24"><span class='ocrx_word' id='word_1_534' title='bbox 563 4509 732 4552; x_wconf 68' lang='lat' dir='ltr'><strong>novae</strong></span> <span class='ocrx_word' id='word_1_535' title='bbox 763 4493 1046 4570; x_wconf 87' lang='lat' dir='ltr'><strong>Methodi,</strong></span> <span class='ocrx_word' id='word_1_536' title='bbox 1073 4511 1287 4554; x_wconf 85' lang='lat' dir='ltr'><strong>novam</strong></span> <span class='ocrx_word' id='word_1_537' title='bbox 1314 4495 1634 4556; x_wconf 86' lang='lat' dir='ltr'><strong>doctrinam</strong></span> <span class='ocrx_word' id='word_1_538' title='bbox 1662 4499 1878 4556; x_wconf 76' lang='lat' dir='ltr'><strong>invehi.</strong></span> <span class='ocrx_word' id='word_1_539' title='bbox 1962 4496 2105 4571; x_wconf 87' lang='lat' dir='ltr'><strong>Quis</strong></span> <span class='ocrx_word' id='word_1_540' title='bbox 2132 4497 2285 4556; x_wconf 87' lang='lat' dir='ltr'><strong>enim</strong></span> <span class='ocrx_word' id='word_1_541' title='bbox 2314 4498 2529 4557; x_wconf 79' lang='lat' dir='ltr'><strong>dixerit</strong></span> <span class='ocrx_word' id='word_1_542' title='bbox 2554 4499 2631 4557; x_wconf 89' lang='lat' dir='ltr'><strong>ad</strong></span> <span class='ocrx_word' id='word_1_543' title='bbox 2658 4499 2979 4576; x_wconf 86' lang='lat' dir='ltr'><strong>simplicem</strong></span> 
     </span>
     <span class='ocr_line' id='line_1_52' title="bbox 565 4571 2979 4654; baseline 0.002 -25"><span class='ocrx_word' id='word_1_544' title='bbox 565 4571 910 4632; x_wconf 81' lang='lat' dir='ltr'><strong>Methodum</strong></span> <span class='ocrx_word' id='word_1_545' title='bbox 935 4574 1222 4651; x_wconf 88' lang='lat' dir='ltr'><strong>pertinere</strong></span> <span class='ocrx_word' id='word_1_546' title='bbox 1249 4574 1522 4653; x_wconf 86' lang='lat' dir='ltr'><strong>dogmata</strong></span> <span class='ocrx_word' id='word_1_547' title='bbox 1562 4595 1693 4653; x_wconf 76' lang='lat' dir='ltr'><strong>quse</strong></span> <span class='ocrx_word' id='word_1_548' title='bbox 1732 4576 1829 4636; x_wconf 88' lang='lat' dir='ltr'><strong>hic</strong></span> <span class='ocrx_word' id='word_1_549' title='bbox 1866 4585 2267 4654; x_wconf 86' lang='lat' dir='ltr'><strong>proponuntur</strong></span> <span class='ocrx_word' id='word_1_550' title='bbox 2306 4574 2380 4636; x_wconf 89' lang='lat' dir='ltr'><strong>de</strong></span> <span class='ocrx_word' id='word_1_551' title='bbox 2408 4577 2827 4652; x_wconf 84' lang='lat' dir='ltr'><strong>Misericordia,</strong></span> <span class='ocrx_word' id='word_1_552' title='bbox 2860 4577 2979 4635; x_wconf 68' lang='lat' dir='ltr'><strong>Re-</strong></span> 
     </span>
     <span class='ocr_line' id='line_1_53' title="bbox 563 4651 2982 4733; baseline 0.003 -25"><span class='ocrx_word' id='word_1_553' title='bbox 563 4651 910 4730; x_wconf 87' lang='lat' dir='ltr'><strong>demptione,</strong></span> <span class='ocrx_word' id='word_1_554' title='bbox 967 4662 1028 4713; x_wconf 90' lang='lat' dir='ltr'><strong>et</strong></span> <span class='ocrx_word' id='word_1_555' title='bbox 1067 4655 1388 4714; x_wconf 87' lang='lat' dir='ltr'><strong>Vocatione</strong></span> <span class='ocrx_word' id='word_1_556' title='bbox 1433 4656 1799 4716; x_wconf 83' lang='lat' dir='ltr'><strong>universali?</strong></span> <span class='ocrx_word' id='word_1_557' title='bbox 1879 4653 1978 4713; x_wconf 84' lang='lat' dir='ltr'><strong>An</strong></span> <span class='ocrx_word' id='word_1_558' title='bbox 2005 4663 2095 4716; x_wconf 85' lang='lat' dir='ltr'><strong>est</strong></span> <span class='ocrx_word' id='word_1_559' title='bbox 2134 4657 2441 4718; x_wconf 85' lang='lat' dir='ltr'><strong>methodus</strong></span> <span class='ocrx_word' id='word_1_560' title='bbox 2481 4665 2724 4733; x_wconf 83' lang='lat' dir='ltr'><strong>tantum,</strong></span> <span class='ocrx_word' id='word_1_561' title='bbox 2768 4657 2982 4715; x_wconf 75' lang='lat' dir='ltr'><strong>dooere</strong></span> 
     </span>
    </p>
   </div>
   <div class='ocr_carea' id='block_1_3' title="bbox 3273 1813 3279 2361">
    <p class='ocr_par' dir='ltr' id='par_1_7' title="bbox 3273 1813 3279 2361">
     <span class='ocr_line' id='line_1_54' title="bbox 3273 1813 3279 2361; baseline 0 0"><span class='ocrx_word' id='word_1_562' title='bbox 3273 1813 3279 2361; x_wconf 95' lang='lat' dir='ltr'><strong> </strong></span> 
     </span>
    </p>
   </div>
   <div class='ocr_carea' id='block_1_4' title="bbox 3273 1860 3279 2361">
    <p class='ocr_par' dir='ltr' id='par_1_8' title="bbox 3273 1860 3279 2361">
     <span class='ocr_line' id='line_1_55' title="bbox 3273 1860 3279 2361; baseline 0 0"><span class='ocrx_word' id='word_1_563' title='bbox 3273 1860 3279 2361; x_wconf 95' lang='lat' dir='ltr'><strong> </strong></span> 
     </span>
    </p>
   </div>
   <div class='ocr_carea' id='block_1_5' title="bbox 3273 1860 3279 2361">
    <p class='ocr_par' dir='ltr' id='par_1_9' title="bbox 3273 1860 3279 2361">
     <span class='ocr_line' id='line_1_56' title="bbox 3273 1860 3279 2361; baseline 0 0"><span class='ocrx_word' id='word_1_564' title='bbox 3273 1860 3279 2361; x_wconf 95' lang='lat' dir='ltr'><strong> </strong></span> 
     </span>
    </p>
   </div>
   <div class='ocr_carea' id='block_1_6' title="bbox 3273 1860 3279 2376">
    <p class='ocr_par' dir='ltr' id='par_1_10' title="bbox 3273 1860 3279 2376">
     <span class='ocr_line' id='line_1_57' title="bbox 3273 1860 3279 2376; baseline 0 0"><span class='ocrx_word' id='word_1_565' title='bbox 3273 1860 3279 2376; x_wconf 95' lang='lat' dir='ltr'><strong> </strong></span> 
     </span>
    </p>
   </div>
  </div>
 </body>
</html>
