3300 5225
563 342 600 397 4
1381 318 1388 325 ⁵
1555 349 1738 396 Locus
1766 348 2001 395 snmus,
2614 332 2869 415 [QuAEsr.
2902 348 2963 395 ιι.

568 508 693 573 tem,
723 497 840 556 Tit.
869 497 906 556 i.
941 499 994 572 1,
1025 496 1301 572 doctrina,
1332 496 1448 556 Tit.
1477 496 1515 555 i.
1547 497 1602 571 9,
1633 504 1695 554 et
1721 495 1851 553 aliis
1878 494 2125 573 idgenus
2152 493 2394 554 vocibus
2420 493 2781 571 exprimitur.
2854 494 2969 554 Sed

568 598 684 636 non
727 578 917 636 minus
964 542 1094 635 i’deo
1121 595 1331 634 nomen
1377 576 1489 634 hoc
1528 574 1763 633 retineri
1782 583 1995 713 (potest
2032 581 2093 634 et
2128 574 2317 649 debet,
2361 574 2497 651 quia
2543 583 2604 632 et
2643 574 2819 652 longo
2862 594 2973 633 usu

569 653 2973 813 ‘⁶²⁶3⁷5?ussssffm⁰ivissssig¹3ffl¹fffssffffi31iiness⁰fi¹nmu⁸²si⁸ftiffi⁸issussffisffit¹ffr¹¹¹<33iid3tm

571 816 644 875 de
694 818 821 875 Deo
877 815 1150 876 sublimia
1192 814 1479 888 dicebant,
1523 813 1619 873 vel
1664 814 1917 873 Deorum
1950 814 2169 872 cultum
2210 812 2594 890 explicabant,
2639 814 2735 871 vel
2775 833 2973 873 eorum

571 896 810 972 nataleS,
842 894 1132 973 conjugia,
1162 894 1514 972 progeniem,
1545 893 1785 970 imperia
1812 902 1871 953 et
1897 913 1990 952 res
2017 901 2211 970 gestas
2240 892 2671 971 explicabant,
2656 893 2767 971 1psi
2798 895 2971 951 Theo—

572 978 688 1051 1092·
713 984 848 1035 sunt
889 974 1178 1052 appellati,
1223 982 1283 1033 et
1309 993 1507 1033 eorum
1547 973 1790 1033 scientia
1820 974 2138 1049 Theoloqia,
2181 981 2249 1031 ut
2274 980 2479 1031 notant
2508 972 2745 1033 Lactan.
2774 972 2849 1031 de
2878 974 2975 1031 Ira

575 1055 686 1113 Dei
714 1076 764 1114 c.
794 1056 854 1115 11.
885 1056 1065 1114 Clem.
1097 1054 1272 1111 Alex.
1305 1062 1500 1113 strom.
1531 1055 1588 1111 3.
1633 1051 1811 1111 Isido.
1841 1052 1943 1111 lib.
1977 1055 2032 1110 5.
2064 1052 2284 1111 Aristo.
2313 1052 2563 1129 metaph.
2594 1054 2651 1110 3.

1173 1133 1320 1191 VII.
1366 1134 1590 1191 Nomen
1631 1131 1967 1208 Theologia}
2006 1131 2157 1190 inter
2197 1131 2555 1189 Christianos
2592 1130 2686 1189 vel
2732 1131 2976 1191 sumitur

621 1192 686 1238 ΠΒ
664 1208 743 1238 ⁸¹¹⁸
765 1192 842 1239 ΝΟ
814 1208 910 1238 ⁰³¹¹
912 1208 962 1237 ¹¹¹
945 1193 1002 1237 ⁵⁸·
1093 1213 1463 1288 inadaequate,
1509 1231 1546 1269 a
1575 1220 1737 1287 parte
1781 1211 2080 1270 efficientis
2121 1219 2186 1269 ut
2228 1220 2394 1269 sonat
2436 1214 2543 1269 Θιέ
2568 1210 2725 1283 Λέγω
2704 1213 2973 1269 Sermo-

571 1312 696 1351 nem
724 1294 854 1368 Dei,
899 1301 959 1352 et
984 1312 1020 1350 a
1045 1301 1207 1370 parte
1236 1291 1448 1369 objecti
1478 1290 1624 1363 λογον
1653 1297 1761 1371 mg?
1744 1294 1853 1349 vi?
1880 1304 2007 1349 eun
2034 1290 2357 1349 Sermonem
2384 1292 2454 1349 de
2480 1293 2643 1362 Deo;
2684 1292 2781 1349 vel
2821 1294 2972 1349 adae-

572 1382 740 1448 quate
765 1379 936 1449 prout
963 1380 1127 1431 notat
1151 1380 1478 1448 utrumque,
1523 1380 1583 1430 et
1611 1390 1930 1429 samonem
1961 1370 2089 1443 Dei,
2134 1378 2193 1429 et
2220 1388 2539 1428 sermonem
2568 1370 2641 1428 de
2672 1371 2815 1445 De0,
2846 1391 2976 1447 quae

573 1452 688 1510 duo
717 1450 1123 1528 conjungenda
1150 1459 1302 1526 sunt,
1334 1452 1471 1527 quia
1497 1450 1569 1509 de
1603 1451 1728 1508 Deo
1758 1450 1881 1507 sine
1905 1450 2031 1508 Deo
2059 1448 2217 1525 loqui
2246 1469 2364 1507 ιιοιι
2390 1469 2712 1542 possumus.
2760 1416 2844 1509 U't
2873 1470 2973 1508 no-

572 1539 728 1589 tetur
755 1530 1032 1603 doctrina,
1077 1550 1206 1606 quoe
1234 1531 1588 1607 originaliter
1613 1538 1703 1588 est
1730 1549 1765 1587 a
1796 1530 1939 1604 Deo,
1982 1529 2237 1605 oly'ectioe
2263 1527 2335 1588 de
2366 1530 2493 1588 Deo
2520 1530 2659 1607 agit,
2704 1537 2763 1588 et
2790 1532 2975 1588 termi-

574 1610 759 1668 native
779 1610 839 1667 in
863 1610 1051 1668 Deum
1073 1609 1270 1684 fertur,
1293 1619 1353 1669 et
1372 1610 1447 1668 ad
1471 1610 1661 1668 Deum
1682 1609 1858 1684 ducit,
1881 1608 2038 1687 quod
2059 1629 2175 1667 non
2196 1609 2345 1667 male
2368 1609 2621 1667 Thomas
2646 1612 2711 1666 1³
2746 1612 2822 1665 1ae
2838 1630 2895 1686 q.
2920 1613 2975 1668 7.

575 1688 864 1766 exprimit,
900 1690 1200 1765 Theoloqia
1235 1710 1276 1747 a
1303 1691 1430 1747 Deo
1471 1692 1717 1763 docetur,
1762 1691 1951 1747 Deum
1978 1691 2149 1765 docet,
2194 1698 2250 1747 et
2288 1692 2372 1747 ad
2397 1691 2587 1748 Deum
2626 1689 2794 1747 ducit.
2882 1689 2979 1748 Sic

577 1769 976 1845 complectitur
1001 1768 1114 1827 ista
1140 1769 1522 1827 nomenclatio
1549 1767 1767 1845 duplex
1795 1768 2128 1845 Tbeologiae
2144 1769 2510 1845 principium
2541 1788 2719 1853 unum
2748 1769 2978 1843 essendi,

577 1848 736 1926 quod
765 1849 926 1907 Deus
955 1857 1058 1924 est,
1091 1848 1334 1907 alterum
1362 1848 1740 1923 coynoscendi,
1774 1848 1931 1925 quod
1959 1856 2049 1907 est
2076 1848 2379 1908 Verbum
2362 1849 2562 1924 1psius.

657 1928 841 1987 VIII.
885 1894 1111 1986 Rursim
1149 1926 1427 1985 trifariam
1467 1928 1713 1986 sumitur
1748 1928 1902 2005 apud
1930 1927 2243 1986 Authores.
2331 1931 2383 1987 l.
2416 1928 2577 1988 Late.
2662 1931 2718 1986 2.
2753 1927 2981 1987 Strictc.

577 2011 636 2068 3.
694 2008 1023 2067 Secundum
1070 2008 1292 2085 justam
1350 2006 1789 2085 significationis
1844 2028 1963 2067 suae
2016 2006 2471 2085 amplitudinem.
2564 2006 2761 2066 Primo
2809 2006 2982 2068 modo

579 2088 1044 2147 accommodatur
1061 2088 1462 2164 Memphysicoe
1487 2106 1603 2163 quo
1631 2106 1805 2146 sensu
1824 2088 2057 2146 Aristot.
2085 2088 2327 2164 primam
2351 2087 2783 2164 Philosophiam
2811 2095 2984 2145 vocat

575 2168 956 2244 Theoloqiam,
995 2166 1097 2227 lib.
1129 2170 1184 2227 6.
1230 2167 1372 2226 Met.
1415 2187 1541 2273 cap.
1589 2169 1641 2226 1.
1684 2176 1746 2226 et
1784 2167 1885 2227 lib.
1934 2169 2026 2227 10.
2112 2166 2543 2245 Philosophiam
2584 2166 2983 2226 Theoreticam

577 2247 788 2307 dividit
827 2248 886 2305 in
923 2255 1042 2307 tres
1081 2256 1290 2324 partes,
1335 2260 1406 2319 φυ
1407 2251 1556 2312 σηκὸν,
1583 2255 1845 2324 peno-pam
1828 2250 1947 2314 αεὶ),
1990 2255 2051 2306 et
2090 2250 2380 2319 θεολογικὲν.
2452 2246 2735 2322 Secundo,
2784 2245 2987 2305 Patres

581 2328 892 2404 sseoloqioe
919 2327 1150 2385 nomine
1176 2328 1540 2404 peculiariter
1560 2328 1871 2405 designant
1896 2328 2056 2385 illam
2076 2326 2353 2386 doctrinae
2376 2326 2715 2385 Christianae
2742 2334 2981 2403 partem,

576 2428 706 2483 quae
733 2406 808 2465 de
837 2407 1052 2467 Christi
1079 2407 1400 2467 Divinitate
1427 2407 1568 2483 agit,
1602 2427 1721 2485 quo
1762 2427 1937 2467 sensu
1976 2407 2021 2465 J
2022 2425 2239 2465 oannes
2280 2403 2649 2481 singulariter
2679 2406 2986 2481 Theoloqus

574 2494 669 2544 cst
694 2486 1038 2561 nominatus,
1069 2484 1208 2561 quia
1229 2485 1452 2543 fortiter
1477 2506 1595 2562 prae
1624 2487 1849 2543 caeteris
1874 2488 1955 2546 τὲ
1980 2510 2068 2543 του
2094 2484 2219 2555 λέγει
2222 2512 2249 2543 υ
2276 2485 2472 2547 διόπτα
2497 2482 2759 2558 asseruit,
2788 2491 2857 2541 ut
2882 2503 2985 2541 ex·

576 2584 789 2643 ponere
820 2563 1052 2623 videtur
1078 2563 1264 2640 Apoc.
1290 2564 1331 2622 i.
1362 2567 1418 2640 2,
1462 2571 1522 2623 et
1554 2564 1869 2639 (ἔναρον-ἕω
1894 2565 2287 2622 Nazianzenus
2322 2564 2474 2623 inter
2498 2562 2753 2641 reliquos
2782 2562 2985 2622 Patres

577 2663 792 2702 nomen
822 2643 1089 2718 ‚Theoloqi
1118 2641 1382 2719 obtinuit,
1426 2643 1564 2720 quia
1605 2643 1821 2702 Christi
1864 2642 2243 2701 Divinitatem
2270 2643 2447 2702 variis
2475 2642 2846 2703 Orationibus
2887 2641 2983 2702 de-

578 2723 956 2798 monstravit3
1003 2721 1176 2782 Unde
1216 2721 1512 2782 distinctio
1551 2721 1707 2800 apud
1748 2723 1905 2800 ipsos
1948 2730 2085 2780 nata
2128 2725 2380 2801 Oua-yla«,-
2408 2731 2467 2782 et
2492 2724 2776 2799 οἷκονᾳώις,
2812 2724 2985 2781 Theo-

577 2804 743 2880 loqioe
783 2811 842 2861 et
875 2801 1252 2874 Oecommiae5
1287 2801 1392 2859 ina
1427 2801 1747 2861 doctrinam
1776 2801 1848 2862 de
1892 2801 2213 2862 Divinitate
2242 2803 2471 2898 Christi,
2515 2803 2631 2862 ista
2669 2803 2989 2862 doctrinam

578 2883 654 2942 de
682 2882 944 2960 ejusdem
975 2881 1400 2940 Incarnatione
1419 2881 1602 2940 intelli
1605 2890 1769 2960 gunt,
1810 2890 1869 2941 et
1895 2887 2127 2954 οεολογιῒν
2154 2889 2316 2948 ἱκοῦ)
2341 2883 2401 2960 ip
2404 2883 2484 2942 sis
2510 2891 2615 2958 est,
2660 2881 2733 2942 de
2776 2881 2991 2940 Christi

585 2963 908 3020 Divinitate
947 2961 1246 3020 disserere.
1327 2962 1532 3020 Euseb.
1575 2961 1711 3021 hist.
1763 2962 1922 3022 Eecl.
1965 2963 2065 3024 lib.
2106 2982 2165 3022 v.
2207 2983 2332 3041 cap.
2376 2965 2473 3022 28.
2515 2963 2742 3021 Basilii.
2783 2962 2885 3020 lib.
2927 2961 2987 3020 ii.

579 3061 634 3100 c.
665 3041 932 3100 Eunomi.
963 3051 1022 3101 et
1045 3040 1293 3099 Nazian.
1324 3041 1457 3100 Ora.
1486 3044 1564 3099 42
1593 3049 1654 3100 et
1679 3044 1778 3102 49.
1860 3042 2057 3101 Tertio
2083 3042 2333 3101 maxime
2376 3042 2648 3120 proprie
2644 3049 2807 3101 notat
2844 3043 2987 3117 Syn—

581 3130 778 3197 tayma
801 3141 900 3179 scu
923 3121 1146 3196 Corpus
1174 3121 1444 3178 doctrinm
1463 3123 1534 3179 de
1553 3123 1684 3180 Deo
1705 3130 1760 3180 et
1782 3123 1945 3181 rebus
1972 3121 2187 3197 divinis,
2216 3143 2259 3181 a
2279 3125 2407 3182 Deo
2434 3125 2518 3181 ad
2538 3142 2701 3181 suam
2723 3121 2987 3199 qloriam,

583 3210 638 3266 et
663 3201 945 3259 hommum
969 3203 1208 3259 salutem
1233 3203 1508 3276 revelatoe,
1539 3220 1657 3278 quo
1685 3221 1859 3261 sensu
1884 3202 1981 3260 hic
2008 3220 2045 3258 a
2069 3167 2237 3260 nob’is
2266 3203 2527 3261 sumitur.

667 3280 787 3338 IX.
839 3281 983 3338 Usus
1023 3279 1272 3340 nominis
1311 3280 1663 3357 Theologiae‚
1706 3281 1804 3340 vel
1844 3288 1934 3340 est
1974 3282 2283 3357 aequivocus
2322 3290 2382 3341 et
2421 3281 2718 3374 abusivus,
2760 3278 2992 3358 quando

585 3359 859 3418 tribuitur
899 3359 1060 3418 falsae
1087 3359 1422 3438 Theologiae
1463 3360 1845 3420 Ethnieorum
1886 3369 1947 3419 et
1988 3360 2437 3437 Haereticorum3
2480 3361 2597 3420 Vel
2634 3361 2818 3418 minus
2848 3379 2990 3435 pro-

575 3439 766 3516 prius,
795 3439 1026 3516 quando
1069 3437 1303 3498 effertur
1343 3439 1416 3498 de
1459 3439 1728 3516 originali
1768 3447 1828 3499 et
1867 3439 2092 3499 infinita
2137 3441 2446 3518 Sapientia,
2477 3460 2608 3518 quae
2648 3459 2685 3497 a
2724 3440 2892 3498 nobis
2932 3439 2993 3495 in

589 3519 717 3579 Deo
745 3519 1066 3597 concipitur
1093 3519 1343 3595 seipsum
1370 3516 1650 3577 ineffabili
1678 3527 1737 3578 et
1775 3518 2191 3597 perfectissimo
2230 3521 2403 3579 modo
2432 3528 2841 3597 cognoscente3
2883 3519 2995 3576 hoe

583 3600 741 3658 enim
767 3619 980 3658 nomen
1019 3598 1104 3656 rei
1143 3598 1324 3675 ipsius
1351 3597 1696 3674 dignitatem
1736 3599 1968 3677 assequi
2008 3618 2124 3657 non
2163 3608 2387 3677 potest3
2432 3599 2549 3657 Vel
2576 3599 2649 3658 de
2677 3598 2996 3674 Theologia

589 3679 830 3754 Christi,
876 3678 956 3736 Et
985 3678 1057 3736 de
1086 3676 1404 3754 Theologia
1433 3676 1749 3754 Angelica;
1795 3678 1911 3737 Vel
1926 3679 2222 3756 proprius,
2245 3678 2478 3757 quando
2506 3677 2779 3738 tribuitur
2806 3678 2993 3735 Theo-

587 3757 759 3832 logiae
781 3725 1080 3816 h’ominum
1109 3756 1432 3834 Viatorum,
1466 3776 1598 3834 quae
1625 3757 1688 3816 in
1716 3759 2039 3820 naturalem
2065 3768 2125 3818 et
2166 3758 2659 3836 supernaturalem
2687 3756 2993 3833 distingui-

590 3844 701 3910 tur,
731 3845 798 3894 ut
825 3836 973 3894 infra
999 3835 1237 3895 dicetur.

1527 3997 1920 4070 QUAESTIO
1964 3998 2049 4056 ΙΙ.

1287 4152 1381 4210 An
1406 4153 1482 4210 sit
1509 4155 1829 4232 Theoloqz'a,
1860 4163 1915 4212 et
1944 4127 2301 4232 Quotupleae.
2292 4158 2317 4198 ἲ

1196 4309 1245 4367 Ι.
1291 4310 1436 4368 Dari
1462 4311 1843 4388 Theologiam
1884 4313 2069 4372 multa
2094 4314 2359 4391 probant,
2396 4315 2448 4372 1.
2476 4313 2715 4370 Natura
2742 4318 2797 4368 et
2821 4310 2996 4368 Bom‘-

1112 4397 1201 4446 tas
1227 4390 1359 4464 Dei,
1390 4389 1492 4467 qui
1520 4408 1652 4448 cum
1682 4390 1759 4450 sit
1784 4393 2056 4470 optimus,
2094 4394 2191 4453 sui
2219 4393 2471 4452 maxime
2498 4399 2589 4449 est
2615 4389 2997 4448 communica

1111 4467 1286 4544 tivus,
1332 4487 1450 4527 non
1491 4478 1683 4529 autem
1726 4490 1789 4530 se
1816 4473 2203 4533 communicat
2242 4479 2519 4532 creaturae
2550 4469 2818 4529 rationali
2846 4487 2998 4527 com·

590 4543 820 4604 modius
847 4553 906 4603 et
944 4545 1210 4608 humanoe
1251 4555 1472 4608 naturae
1521 4551 1976 4627 convenientius,
2022 4572 2195 4630 quam
2236 4573 2341 4629 per
2380 4550 2472 4610 sui
2513 4549 2902 4626 cognitionem
2944 4555 3003 4606 et

591 4643 861 4684 amorem.
945 4629 1000 4686 2.
1043 4629 1394 4704 Populorum
1434 4645 1742 4707 consensus,
1788 4637 1845 4691 et
1886 4631 2127 4692 affectus
2166 4633 2403 4690 innatus
2442 4629 2712 4688 omnibus
2752 4645 2995 4705 cognos-

653 4374 1020 4420 'summetur

654 4433 764 4478 dari
783 4433 1031 4491 probatur.
