3300 5225
575 369 818 435 xxxviii
1435 385 1702 434 onA'rro
1732 385 2105 434 munnam.

575 545 740 611 dixit
768 545 814 610 J
815 545 1161 611 ustinianus
1207 545 1384 628 ipse3
1443 554 1677 629 quanto
1726 571 1865 614 cum
1902 547 2091 612 animi
2122 545 2333 630 vigore
2360 547 2655 611 adversus
2686 545 2977 610 vitiorum

575 645 888 726 publicam
919 645 1122 710 labem
1169 644 1506 728 intonaret,
1537 669 1663 711 non
1702 649 1837 712 sine
1882 646 2179 711 uberibus
2210 646 2545 728 lachrymis
2572 645 2847 726 singulos
2896 645 2979 708 ad

573 743 1002 824 poenitentiam
1033 745 1314 825 hortans,
1345 745 1484 826 ipsa
1509 753 1590 808 ut
1609 767 1713 810 res
1740 747 1923 810 fidem
1946 747 2178 808 faceret
2206 765 2327 808 non
2356 744 2705 808 inconsulto
2730 743 2975 826 ardore,

575 841 686 906 sed
714 848 974 922 paterno
1001 843 1066 906 in
1097 862 1202 906 eos
1232 845 1454 923 quibus
1503 843 1891 908 irascebatur
1938 845 2187 922 affectu,
2220 842 2571 924 publiciqne
2604 841 2751 905 boni
2808 841 2979 905 desi-

578 940 750 1004 derio
783 940 1148 1020 permoveri.
1209 939 1458 1018 Quanta
1485 961 1626 1005 cum
1647 941 1903 1008 solertia
1930 939 2223 1005 Doctoris
2252 941 2537 1021 partibus
2566 939 2635 1002 in
2664 938 2981 1004 Cathedra

578 1037 949 1120 Theologiea
1009 1039 1262 1102 fimctus
1309 1041 1522 1121 fuerit,
1569 1045 1807 1120 quanta
1850 1039 2083 1120 ingenii
2132 1039 2483 1118 velocitate,
2544 1043 2777 1118 quanta
2828 1059 2985 1118 per-

577 1136 908 1216 spicuitate
933 1137 1212 1201 involuta
1237 1137 1580 1220 evolvebam,
1615 1139 2037 1220 distinguebat
2066 1136 2383 1218 perplexa,
2407 1139 2671 1201 obscura
2698 1136 2983 1216 explicas-

576 1236 714 1315 bat,
746 1235 964 1316 dignos
996 1235 1238 1300 vindice
1271 1236 1464 1300 nodos
1491 1236 1861 1318 resolvebat,
1892 1235 2211 1316 aperiebat
2238 1235 2671 1315 Sophistannn
2700 1233 2979 1298 latebras

575 1339 644 1398 et
671 1353 974 1409 recessus,
1003 1353 1078 1396 ac
1113 1353 1235 1414 qua
1265 1341 1446 1414 parte
1477 1333 1803 1398 laborabat
1828 1334 2025 1398 hostis
2058 1333 2406 1414 detegebat,
2436 1332 2647 1398 dicant
2666 1331 2985 1412 Prophet-

575 1451 746 1496 arum
803 1431 940 1512 filii,
989 1431 1114 1495 imo
1167 1431 1496 1514 Pmphetae
1524 1455 1540 1495 :
1613 1435 1667 1496 si
1718 1433 1881 1497 enim
1934 1439 2069 1496 tres
2106 1439 2219 1494 aut
2246 1438 2515 1511 quatuor
2542 1431 2837 1510 excipias,
2870 1431 2978 1494 vix

574 1529 800 1594 Pastor
827 1535 926 1593 est
953 1529 1122 1610 apud
1152 1551 1284 1606 nos,
1316 1530 1421 1611 qui
1449 1552 1574 1594 non
1603 1551 1679 1595 eo
1726 1551 1875 1595 usus
1904 1530 1989 1594 sit
2036 1537 2443 1611 praceptore,
2476 1535 2543 1592 et
2576 1530 2679 1610 qui
2710 1549 2791 1592 ex
2840 1529 2979 1609 ejus

575 1627 902 1708 disciplina
953 1649 1076 1690 non
1129 1629 1450 1708 prodierit.
1551 1629 1889 1693 Ductorem
1936 1647 2113 1692 suum
2150 1635 2333 1710 μαῖα
2380 1627 2585 1690 animo
2634 1635 2979 1709 agnoscunt

575 1725 867 1802 Helvetii,
903 1725 1092 1806 Galli,
1123 1725 1551 1801 Genevenses3
1606 1724 1739 1791 Vos
1788 1747 1997 1792 omnes
2041 1725 2283 1806 appello
2324 1731 2542 1807 testes,
2570 1732 2851 1805 posteros
2898 1745 2979 1791 ω

573 1833 830 1906 nepotes
860 1824 1096 1902 docet-e,
1129 1825 1327 1906 qualis
1357 1825 1547 1890 fuerit
1579 1825 1821 1890 Doctor
1868 1833 2079 1890 noster
2110 1833 2443 1908 μακαρίτης.
2544 1822 2691 1887 Heu
2738 1823 2979 1888 utinam

571 1924 752 1989 hodie
785 1923 1070 1987 doceret!

673 2023 978 2085 Somnus
997 2029 1150 2098 erat,
1183 2022 1234 2086 si
1265 2023 1404 2104 quis
1431 2041 1726 2102 unquam,
1758 2021 2143 2103 Theologus3
2174 2028 2429 2084 noverat
2458 2020 2707 2100 quippe,
2730 2027 2803 2082 ut
2826 2020 2975 2084 olim

573 2121 800 2202 populo
830 2121 874 2184 J
875 2121 1094 2185 udaico
1127 2121 1210 2183 ad
1265 2122 1536 2184 radicem
1567 2120 1795 2184 montis
1846 2139 2168 2185 accessuro
2200 2119 2425 2184 clathri
2459 2119 2832 2198 cancellique
2860 2139 2981 2181 au·-

572 2219 763 2283 daciae
797 2239 924 2282 suae
953 2219 1159 2282 obices
1189 2219 1400 2300 positi,
1437 2219 1526 2282 sic
1572 2226 1748 2282 certa
1776 2220 1951 2282 nobis
2001 2219 2301 2300 repagula
2330 2237 2465 2280 esse
2492 2216 2850 2292 constituta,
2902 2237 2977 2282 ac

570 2323 800 2380 nostrae
833 2317 1170 2398 cognitioni
1197 2317 1396 2380 multa
1433 2317 1763 2398 subducta,
1793 2339 1929 2397 quae
1982 2336 2253 2380 summus
2284 2316 2553 2378 omnium
2586 2315 2822 2377 arbiter
2872 2315 2975 2379 hic

568 2416 842 2497 ignorari
869 2415 1086 2496 voluit,
1115 2415 1432 2495 expectari
1449 2435 1596 2479 vero
1623 2416 1691 2478 in
1708 2417 1925 2478 futura
1948 2417 2271 2479 beatorum
2293 2414 2475 2487 sede3
2526 2418 2745 2493 aperta
2760 2411 2980 2493 Scrip-

566 2520 726 2576 turae
781 2512 994 2576 sedula
1038 2513 1498 2594 pervestigabat
1546 2513 1879 2594 industria,
1912 2513 2024 2576 sed
2084 2512 2151 2575 in
2200 2512 2442 2576 occult-a
2474 2519 2575 2573 xa)
2608 2517 2843 2595 arms-§gu
2876 2519 2978 2584 τῆς

571 2620 831 2687 κοσμικῆς
861 2616 1253 2689 καταλήψεως
1286 2610 1618 2674 temerario
1635 2630 1789 2673 ausu
1817 2632 1941 2674 non
1963 2614 2429 2693 perrumpebat.
2504 2609 2777 2675 Dolebat
2804 2630 2979 2674 sum-

569 2730 818 2790 mopere
845 2729 1024 2773 ruere
1051 2710 1255 2773 omnia
1283 2709 1351 2771 in
1383 2709 1562 2788 pejus
1589 2728 1707 2789 per
1736 2709 1997 2773 vetitum
2026 2711 2223 2790 nefas,
2252 2708 2511 2773 lacerari
2534 2708 2771 2773 Christi
2798 2710 2977 2771 tuni-

567 2828 726 2889 cam,
759 2808 970 2889 augeri
1021 2826 1286 2887 errores,
1319 2806 1659 2870 multorum
1712 2807 1895 2872 fidem
1942 2807 2327 2887 labefactari,
2372 2806 2629 2887 pietatis
2676 2808 2977 2887 mysteria

567 2906 736 2971 hisce
765 2906 1150 2987 temporibus
1179 2904 1414 2969 cavillis
1463 2905 1745 2969 huma-nis
1772 2906 2069 2987 vellicari,
2106 2912 2175 2969 et
2222 2905 2715 2985 samosatenum,
2750 2904 2977 2969 Photi-

566 3026 738 3084 num‚
767 3004 1018 3085 Arium,
1051 3003 1326 3067 infausta
1356 3010 1422 3067 et
1448 3003 1516 3065 in
1545 3002 1915 3067 Clu-istianae
1964 3004 2307 3084 Religionis
2354 3004 2647 3083 probrum
2676 3009 2827 3065 nata
2858 3024 2977 3067 no-

567 3102 755 3182 mina,
779 3102 982 3163 denuo
1013 3101 1184 3164 velut
1231 3122 1314 3165 ex
1360 3121 1504 3165 orco
1532 3102 1767 3166 reduci.
1890 3101 2257 3184 Sanguineis
2309 3101 2577 3163 deflebat
2618 3100 2970 3182 lachrymis,

567 3198 729 3278 quod
757 3198 982 3263 multos
1015 3200 1258 3263 afficere
1285 3200 1532 3263 audiret
1549 3200 1859 3280 serpentis
1886 3199 2202 3264 Athei'smi
2225 3200 2423 3273 tabesa,
2444 3198 2871 3263 Socinianismi
2894 3218 2971 3264 ac

565 3296 998 3377 Pelagianismi
1029 3298 1346 3379 gliscentis
1379 3298 1687 3379 contagia.
1788 3298 2015 3361 Omnia
2046 3297 2167 3361 Dei
2201 3316 2425 3361 arcana
2454 3296 2819 3379 mirabatur,
2844 3318 2968 3361 non

565 3396 986 3469 scrutabatur;
1021 3396 1228 3459 aiebat
1255 3396 1486 3476 inquiri
1515 3416 1637 3459 non
1669 3396 1885 3460 decere
1915 3416 2052 3476 quae
2073 3416 2197 3459 non
2226 3395 2395 3475 capit
2426 3394 2743 3459 terrestris
2772 3394 2973 3459 imbe-

564 3492 816 3575 cillitas,
847 3514 920 3557 ac
951 3490 1318 3559 insanientis
1350 3514 1484 3559 esse
1513 3514 1670 3574 opus
1698 3494 1993 3571 scientiae,
2028 3494 2173 3574 plus
2204 3493 2512 3559 sciscitari
2538 3514 2720 3573 quam
2754 3493 2971 3557 docere

561 3590 698 3655 vult
731 3591 922 3655 Deus.

659 3688 1268 3754 CHRISTIANARUM
1293 3688 1597 3753 virtutum
1631 3689 1959 3771 imag-inem
1986 3690 2261 3754 moribus
2290 3710 2361 3753 ac
2392 3690 2527 3751 vita
2546 3684 2971 3769 eum‘expres-

561 3788 714 3851 sisse
751 3790 1036 3851 omnibus
1089 3796 1328 3863 notum,
1381 3790 1486 3869 qui
1540 3788 1711 3851 illius
1740 3788 2159 3852 familiaritate
2210 3790 2583 3861 utebantur-3
2636 3786 2701 3849 N
2704 3807 2775 3850 ec
2802 3788 2969 3851 enim

561 3892 698 3947 erat
726 3904 806 3947 ex
839 3906 1048 3948 eorum
1081 3906 1354 3960 numere,
1387 3889 1498 3968 qui
1531 3888 1881 3969 loq-ematur
1898 3908 2041 3970 quoe
2063 3887 2185 3950 Dea·
2208 3896 2379 3966 sunt,
2398 3887 2659 3969 faciunt
2675 3906 2817 3966 quoe
2844 3904 2969 3949 aaa

559 3990 730 4057 eunt,
749 3983 1112 4065 phalerata
1139 3985 1346 4065 ’παρὰ
1375 4004 1572 4064 quam
1595 4005 1755 4047 vera
1780 3986 2121 4067 sapientia,
2154 3992 2313 4047 ὄπυῖοι
2344 3992 2387 4045 οι·
2420 3990 2586 4045 αὐτοῦ
2622 3990 2794 4065 λόγοι,
2828 3993 2971 4046 τοῖαι

561 4089 662 4142 κα.)
717 4088 780 4141 αἱ
825 4083 1068 4165 πράξεις,
1121 4088 1222 4141 καὶ
1269 4088 1421 4141 imm
1473 4088 1548 4142 τὰ.
1588 4083 1745 4164 ἔργα,
1798 4090 2024 4151 τοιοῦτος
2074 4090 2099 4145 ὁ
2147 4086 2286 4158 βίος.
2386 4080 2565 4158 Quod
2614 4080 2971 4145 Athanasio

559 4178 993 4242 Nazianzenus
1011 4177 1238 4241 tribuit
1253 4172 1614 4255 encomiuni',
1634 4179 1701 4242 in
1724 4178 2163 4244 Turrettinum
2186 4186 2465 4245 nostrum
2484 4180 2763 4260 apprime
2772 4179 2963 4259 quad-

555 4277 758 4351 rabat,
791 4281 1014 4355 ὑψηλός
1041 4302 1138 4351 μεν
1167 4286 1275 4345 mk
1303 4278 1492 4360 ἐ’ςγοις,
1525 4285 1768 4347 ταπεινὸς
1798 4283 1851 4339 δὲ
1889 4284 2199 4362 φρονήμασι,
2232 4286 2365 4342 tam
2410 4278 2617 4341 auimo
2648 4278 2968 4353 demissus,

558 4394 742 4454 quam
769 4374 904 4437 vita
949 4380 1087 4437 erat
1121 4374 1424 4441 sublimis.
1525 4374 1675 4439 Non
1726 4377 2044 4456 quaerebat
2094 4378 2427 4452 theatrum,
2480 4397 2595 4440 nec
2641 4376 2967 4456 plausum3

557 4474 878 4537 honestam
907 4472 1074 4554 apud
1122 4472 1278 4537 alios
1325 4472 1848 4538 existimationem
1878 4494 2002 4540 non
2046 4478 2399 4557 spernebat,
2450 4474 2561 4537 sed
2610 4494 2725 4539 nec
2774 4474 2965 4538 etiam

555 4572 892 4657 captabat3
941 4590 1140 4652 neque
1169 4590 1440 4653 unquam
1467 4592 1549 4635 ex
1577 4572 1838 4637 aliorum
1870 4574 2325 4640 obtrectatione
2352 4578 2813 4636 mouumentum
2840 4572 2965 4637 sibi

552 4670 844 4753 >cupiebat
877 4676 1188 4744 erectum;
1237 4669 1392 4736 nihil
1419 4670 1502 4736 ad
1530 4670 1791 4754 gloriam
1820 4692 2014 4750 suam,
2044 4674 2251 4739 omnia
2282 4672 2363 4735 ad
2392 4670 2703 4753 publicam
2734 4672 2965 4737 refere-
