3300 5225
370 402 590 453 ona-:sn
620 382 756 465 xx.]
1336 402 1415 443 nn
1444 401 1788 444 semri-tm.
2663 386 2775 445 139

371 561 503 621 quae
530 542 605 602 de
636 541 931 620 Scriptura
954 548 1261 601 moventur
1302 541 1740 618 Controversiae,
1784 541 2052 602 excitatae
2091 548 2263 603 sunt:
2305 541 2434 601 Nec
2471 540 2628 601 enim
2669 543 2785 601 alia

373 622 447 682 de
476 642 649 682 causa
675 623 773 681 vel
800 621 1143 681 Authoritas
1173 622 1481 699 Scripturas
1508 622 1569 680 in
1596 622 1838 682 dubium
1865 631 2108 681 vocatur
2133 642 2168 680 a
2191 621 2528 698 Pontificiis,
2557 622 2656 681 vel
2685 624 2785 681 In-

372 703 619 779 tegritas
664 709 726 762 et
768 702 999 760 Puritas
1041 701 1401 778 convellitur,
1452 702 1549 761 vel
1605 702 1997 781 Perspicuitas
2063 710 2124 760 ct
2172 701 2458 761 Perfectio
2501 702 2784 779 arguitur,

376 786 553 860 quam
578 790 646 842 ut
671 782 943 842 evincant
986 780 1339 857 Scripturam
1377 800 1497 839 non
1534 797 1704 859 posse
1748 782 2282 841 controversiarum
2323 798 2450 841 esse
2489 780 2534 841 J
2537 780 2786 857 udicem,

375 862 483 921 sed
508 862 833 922 necessario
862 861 939 919 ad
965 860 1245 919 Tri-hunul
1272 860 1551 919 Ecclesiae
1593 861 2043 938 confugiendum
2071 880 2218 920 esse.

983 939 1069 999 II.
1114 940 1216 998 Ad
1260 940 1485 999 Statum
1527 940 1876 1014 Quoestionis
1916 940 2358 1017 observandum,
2418 942 2471 999 l.
2517 938 2574 999 N
2575 958 2654 997 on
2693 938 2790 997 hic

545 1021 695 1108 tionis
780 1031 799 1042 ·
899 1019 1081 1095 quaeri
1108 1019 1181 1077 de
1208 1020 1593 1096 qualicunque
1616 1020 1872 1097 judicio;
1916 1019 2018 1078 An
2041 1021 2228 1080 ullum
2255 1026 2544 1097 competat
2584 1020 2788 1078 Eccle-

696 1094 710 1106 '
899 1098 1001 1157 sias
1041 1099 1139 1157 vel
1180 1100 1307 1176 ejus
1350 1099 1696 1158 Rectoribus
1736 1099 1810 1159 de
1853 1100 2273 1160 Controversiis
2311 1099 2450 1158 fidei
2484 1098 2788 1176 judicium,

379 1174 537 1251 quod
566 1174 783 1234 crimen
812 1176 920 1235 sibi
948 1178 1263 1255 impactum
1306 1196 1413 1237 sua
1451 1179 1619 1257 praxi
1659 1178 1913 1239 refutant
1953 1179 2310 1257 Orthodoxi3
2359 1178 2478 1238 Sed
2517 1179 2795 1255 quaeritur

379 1262 605 1314 tantum
630 1254 704 1314 de
736 1256 1015 1334 Supremo
1056 1266 1117 1316 et
1158 1257 1419 1316 Insallibi
1458 1277 1575 1335 quo
1616 1258 1886 1317 standum
1928 1258 2364 1334 cadendumque
2406 1258 2483 1319 sit
2521 1254 2788 1317 necessa·

378 1336 483 1410 rio,
528 1332 629 1391 An
657 1334 734 1395 sit
758 1354 935 1413 penes
967 1337 1319 1414 Scripturam
1346 1337 1549 1414 ipsam,
1580 1337 1740 1415 quod
1763 1339 2054 1415 volumus,
2085 1338 2188 1397 An
2213 1352 2354 1396 vero
2395 1356 2575 1415 penes
2603 1336 2790 1395 homi-

377 1432 511 1472 nem
538 1414 806 1491 aliquem,
852 1424 953 1475 aut
980 1417 1207 1475 Coetum
1234 1416 1546 1475 conflatum
1573 1436 1652 1475 ex
1677 1417 2029 1493 hominibuS,
2060 1417 2219 1495 quod
2244 1416 2454 1476 volunt
2482 1416 2794 1477 Pontificii.

461 1492 583 1551 III.
626 1493 866 1571 Triplex
892 1496 988 1554 hic
1016 1504 1281 1554 accurate
1308 1495 1758 1573 distinguendus
1783 1507 1875 1556 est
1901 1496 2122 1556 Judex.
2207 1497 2438 1556 Primus
2485 1496 2796 1573 Supremas

378 1580 439 1632 et
463 1574 887 1654 αὖταμτοςικδς,
920 1576 1021 1653 qui
1041 1576 1269 1653 judicat
1299 1575 1649 1635 authoritate
1676 1576 2034 1653 legislatoria
2059 1585 2120 1635 et
2145 1576 2412 1635 absoluta
2436 1595 2540 1653 per
2558 1576 2795 1635 modum

378 1653 589 1712 summi
619 1654 921 1732 Principis,
951 1657 1052 1731 qui
1082 1655 1299 1731 Legem
1327 1654 1479 1730 tulit,
1504 1663 1564 1713 et
1590 1674 1626 1712 a
1653 1674 1768 1731 quo
1796 1674 1912 1716 non
1941 1655 2112 1716 datur
2135 1656 2506 1733 provocatio„
2579 1656 2795 1715 Secun-

379 1732 505 1809 dus,
540 1738 817 1813 ἔμπηρα-αἱς
848 1754 951 1793 seu
978 1736 1385 1811 Ministmialis,
1429 1735 1531 1811 qui
1560 1734 1788 1812 Legum
1826 1735 2354 1812 interpretationem
2381 1734 2519 1794 facit
2543 1754 2648 1813 per
2673 1754 2794 1793 mo-

377 1811 517 1871 dum
544 1814 792 1872 ministri
816 1814 1054 1892 publici.
1133 1814 1383 1891 Tertius,
1414 1812 1654 1879 wama).
1695 1834 1800 1874 seu
1837 1816 2122 1891 ffivahoe,
2165 1815 2268 1891 qui
2293 1823 2419 1874 tum
2443 1814 2520 1874 de
2545 1814 2794 1891 legibug

376 1900 504 1950 tum
532 1892 606 1951 de
632 1893 1098 1971 interpretatione
1134 1893 1361 1972 judicat
1398 1914 1505 1972 per
1542 1894 1778 1953 modum
1818 1895 2062 1972 privatae
2099 1893 2481 1954 discretionis.
2567 1893 2796 1953 Primus

382 1971 485 2030 dat
510 1973 802 2031 Judicium
829 1974 1144 2033 Dect'siomb
1168 1974 1389 2032 ultimas
1430 1982 1490 2033 et
1530 1974 1830 2033 absolutae.
1917 1972 2218 2033 Secundus
2258 1974 2550 2033 Judn’eium
2588 1976 2795 2032 Deter-

380 2052 701 2109 mimztiom's
744 2054 1003 2129 publicae,
1060 2053 1165 2111 sed
1219 2052 1630 2128 subalternum,
1702 2060 1762 2112 et
1812 2052 2044 2129 legibus
2097 2052 2456 2112 adstrictum.
2565 2052 2798 2112 Tertius

380 2131 674 2190 Judicium
712 2133 967 2191 Privatae
1007 2132 1394 2205 Discrett'omb,
1439 2132 1563 2190 sine
1600 2131 1726 2190 ulla
1764 2131 2111 2190 authoritate
2149 2131 2402 2209 publica.
2504 2131 2623 2191 Hic
2678 2150 2798 2191 non

382 2209 745 2349 glffipummus
772 2211 847 2270 de
874 2211 917 2270 J
920 2210 1089 2270 udice
1129 2210 1508 2287 ministeriali,
1553 2221 1614 2270 et
1638 2211 1884 2287 privato,
1930 2210 2036 2269 sed
2074 2210 2148 2268 dc
2189 2228 2456 2288 supremo·
2497 2218 2558 2270 et
2583 2209 2794 2269 infalli-

468 2367 579 2427 IV.
623 2368 681 2427 N
682 2387 757 2427 on
784 2368 1079 2445 quaeritur,
1111 2368 1211 2426 An
1242 2367 1539 2445 Scriptura
1566 2367 1642 2427 sit
1669 2368 1900 2445 Regula
1915 2374 1976 2427 et
1992 2368 2210 2426 Norma
2225 2367 2794 2445 Controversiamm3

384 2446 521 2507 Hoc
548 2448 703 2506 enim
728 2468 846 2507 non
872 2448 1191 2508 diffitentur
1219 2448 1525 2523 Pontificii,
1558 2447 1764 2506 saltem
1779 2448 1892 2505 hoc
1906 2447 2116 2506 volunt
2129 2446 2318 2505 videri
2339 2453 2494 2505 certo
2524 2454 2792 2522 statuere,

382 2526 521 2586 licet
548 2528 707 2604 quod
732 2546 847 2587 una
874 2547 1050 2587 manu
1092 2527 1249 2603 daut,
1282 2527 1464 2586 altera
1489 2526 1768 2602 auferant,
1807 2525 1936 2603 ejus
1977 2526 2384 2585 obscuritatem
2411 2533 2471 2585 et
2497 2525 2794 2603 imperfec-

383 2607 601 2666 tionem
630 2616 955 2686 arguentes.
1043 2607 1177 2684 Sed,
1209 2610 1311 2666 An
1339 2607 1415 2667 sit
1442 2606 1645 2684 regula
1671 2606 1868 2667 totalis
1885 2615 1944 2666 et
1971 2606 2160 2684 plena,
2182 2625 2300 2664 non
2315 2605 2576 2683 partialis
2605 2614 2664 2665 et
2689 2605 2794 2664 im-

382 2687 657 2764 perfecta.
744 2687 844 2745 Illi
888 2688 1043 2746 enim
1088 2688 1376 2766 Regulam
1420 2695 1645 2746 tantum
1688 2686 1992 2764 partialem
2033 2703 2161 2746 esse
2203 2686 2428 2760 volunt,
2457 2694 2518 2744 et
2561 2685 2797 2762 quidem

384 2774 671 2843 quatenus
692 2765 866 2843 juxta
892 2776 1145 2826 mentem
1174 2767 1453 2826 Ecclesiae
1480 2765 1795 2825 Catholicae
1821 2764 1901 2824 id.
1933 2766 2210 2824 Romanae
2237 2765 2578 2842 explicatur.

466 2846 543 2904 V.
590 2846 1022 2905 Pontificiorum
1051 2847 1335 2905 sententia
1362 2865 1431 2905 eo
1462 2845 1630 2904 redit.
1719 2847 1772 2905 1.
1818 2845 2202 2922 Distinguunt
2239 2844 2391 2903 inter
2417 2844 2473 2902 N
2474 2862 2694 2902 ormam
2735 2851 2796 2903 et

385 2924 430 2983 J
431 2924 676 3000 udicem,
696 2925 797 3002 qui
826 2943 902 2984 ex
932 2925 1229 3003 Scriptura
1248 2925 1421 2984 debet
1447 2925 1595 2984 ferre
1616 2924 1931 3002 judicium3
1965 2924 2317 3002 Scripturam
2333 2922 2568 3000 quidem
2585 2941 2794 2999 agnos·

386 3011 525 3062 cunt
552 3023 679 3063 esse
705 3025 982 3080 normam,
1016 3004 1119 3063 sed
1145 3005 1446 3081 partialem
1473 3013 1532 3064 et
1558 3003 1998 3082 inadaequatam,
2037 3003 2130 3062 cui
2171 3003 2430 3062 Traditio
2459 3000 2694 3083 ὅγςοφος
2721 3003 2798 3062 sit

386 3082 687 3160 addenda;
732 3092 791 3142 et
816 3091 947 3161 quae
988 3101 1105 3142 non
1134 3083 1379 3143 sufficiat
1418 3083 1494 3142 ad
1536 3083 1974 3143 controversias
2015 3081 2387 3158 definiendas,
2417 3083 2532 3141 nisi
2559 3081 2798 3141 accedat

387 3161 433 3254 ὖ.
433 3161 621 3220 udicis
648 3162 895 3240 alicujus
921 3162 1173 3221 visibilis
1200 3171 1259 3222 et
1284 3162 1605 3221 infallibilis
1634 3163 1935 3237 sententia,
1966 3180 2096 3238 quae
2123 3163 2276 3255 clare
2316 3163 2672 3240 pronunciet,
2703 3168 2794 3220 ut-

386 3239 2796 3397 iffmfflffoeffluffissffisslnlffissssssniuuffisssssnssffiinuffieiissiirfiffii

390 3406 641 3474 quatuor
666 3399 897 3477 erigunt
922 3399 1235 3459 tribunalia
1260 3419 1295 3458 a
1320 3401 1533 3477 quibus
1558 3419 1678 3458 non
1694 3400 1771 3458 sit
1796 3399 2122 3476 appellatio,
2158 3402 2210 3457 1.
2229 3399 2524 3475 Ecclesiae,
2556 3404 2613 3458 2.
2643 3397 2795 3457 Con-

389 3475 669 3569 ciliorum,
701 3481 757 3538 3.
790 3479 1045 3555 Pam,
1075 3482 1133 3538 4.
1165 3479 1379 3571 Papam.
1418 3477 1521 3536 sed
1548 3479 1656 3572 rite
1673 3478 1912 3536 calculis
1929 3477 2230 3536 subductis
2245 3478 2404 3536 solus
2419 3485 2598 3536 restat
2615 3477 2794 3554 Papa,

390 3555 2379 3715 mvssspffiudneffissgmmxiidslezlggtilassoglrlgbigieffmmkdssadii,
2411 3633 2511 3708 qui
2540 3632 2799 3692 Concilio

392 3709 731 3772 Tridentino
758 3715 1016 3775 interfuit
1040 3716 1143 3776 lib.
1173 3720 1229 3791 2,
1263 3715 1471 3774 Defen.
1500 3713 1672 3772 Fidei
1691 3711 1925 3771 Triden.
1943 3714 2118 3771 Hanc
2137 3720 2367 3786 tantam,
2391 3711 2595 3787 inquit,
2625 3711 2798 3770 inter·

383 3793 665 3868 precandi
686 3793 1016 3870 »Scripturas
1036 3796 1429 3853 authoritatem
1470 3813 1585 3852 non
1602 3792 1834 3868 sinqulis
1849 3792 2070 3867 passim
2083 3790 2402 3867 F’fflrbcopis,
2417 3793 2520 3850 sed
2535 3793 2800 3850 Romano

390 3873 571 3929 solum
596 3872 858 3950 Pontifici
881 3875 981 3949 qui
1002 3873 1271 3932 Ecclesiae
1296 3882 1377 3932 est
1406 3839 1612 3948 Caput,
1642 3880 1749 3930 aut
1771 3871 2020 3930 ormu‘bm
2051 3871 2394 3930 Pmsuzaeeoe
2419 3873 2538 3945 eius
2561 3870 2800 3947 &aperio

393 3951 455 4008 in
493 3969 667 4008 unum
706 3953 943 4011 collectis
984 3953 1289 4012 m'buimm.
1372 3951 1453 4012 Et
1480 3951 1631 4010 Bell.
1659 3951 1720 4010 li.
1752 3953 1810 4011 3.
1839 3949 1913 4008 de
1939 3950 2139 4009 Verbo
2168 3949 2296 4025 Dei,
2327 3969 2378 4008 c.
2412 3952 2505 4009 19.
2547 3951 2662 4009 Iste
2686 3953 2797 4010 Ju-

393 4031 508 4088 dex
533 4047 646 4088 mm
662 4039 850 4105 potest
875 4052 989 4090 esse
1014 4033 1333 4108 Scriptura,
1361 4034 1466 4092 eccl
1486 4031 1762 4108 Princeps
1786 4030 2227 4105 Ecclesiasticus,
2255 4029 2346 4088 vel
2367 4031 2532 4106 eolus,
2561 4033 2652 4088 vel
2675 4051 2801 4088 cum

393 4109 623 4167 conm’lio
648 4119 704 4168 et
727 4130 994 4170 consensu
1024 4111 1515 4188 Ooc'paekcoporum.
1599 4111 1680 4170 Et
1707 4111 1890 4187 Greg.
1917 4109 1992 4168 de
2019 4109 2230 4168 Valen.
2257 4108 2331 4167 de
2359 4107 2576 4186 Analy.
2605 4109 2708 4168 lib.
2740 4113 2798 4168 7.

395 4189 663 4261 Pontifex
688 4190 807 4265 {pse
844 4192 1141 4266 Romanus
1181 4201 1261 4250 est
1298 4192 1359 4250 in
1398 4211 1507 4268 quo
1538 4191 1856 4250 authoritas
1893 4189 2000 4248 illa
2035 4189 2257 4264 residet,
2302 4205 2426 4266 quae
2452 4189 2511 4246 in
2542 4189 2802 4248 Ecclesia

394 4276 557 4326 extat
579 4271 663 4327 ad
670 4270 1051 4344 ,iudicandum
1076 4273 1148 4330 de
1174 4272 1421 4330 σηιπῶω
1448 4271 1672 4330 omnino
1703 4268 2280 4348 Conwovernizbfidci.
2363 4268 2496 4327 Non
2513 4287 2582 4327 ea
2607 4277 2803 4328 tamen

396 4347 653 4406 omnium
678 4356 767 4407 est
795 4349 1097 4427 sententia,
1126 4349 1265 4410 licet
1289 4351 1443 4410 enim
1468 4351 1619 4409 hanc
1659 4351 1704 4410 J
1705 4348 1892 4410 udicis
1917 4355 2262 4427 potestatem
2291 4347 2558 4406 Pontifici
2585 4347 2800 4407 adscri-

394 4425 536 4486 bant
564 4427 653 4484 ini
678 4428 780 4504 qui
809 4429 1029 4506 Papam
1054 4429 1403 4507 pertendunt
1428 4449 1555 4490 esse
1584 4449 1758 4507 supra
1775 4429 2112 4504 Concilium,
2143 4428 2311 4487 aliter
2335 4435 2530 4486 tamen
2547 4427 2804 4486 sentiunt

395 4506 497 4581 qui
526 4505 847 4567 Concilium
874 4527 1049 4588 supra
1079 4510 1295 4587 Papam
1322 4529 1451 4569 esse
1476 4509 1716 4585 volunt3
1757 4508 1859 4568 alii
1885 4508 2136 4585 denique
2159 4515 2228 4566 ut
2241 4515 2544 4583 utramque
2571 4523 2802 4581 compo·

394 4593 537 4644 nant
570 4588 930 4664 sententiam,
978 4590 1197 4666 Papam
1236 4588 1297 4647 in
1340 4589 1613 4665 Concilio,
1644 4589 1772 4648 sive
1812 4587 2132 4648 Concilium
2159 4606 2198 4645 a
2225 4587 2385 4663 Papa
2423 4583 2802 4662 approbatum

399 4673 633 4724 censent
660 4685 787 4726 esse
814 4667 861 4728 J
860 4668 1091 4728 udicem
1117 4669 1294 4730 istum
1321 4668 1700 4728 infallibilem.
