3300 5225
622 299 742 356 576
1608 312 1790 354 Locus
1818 307 2027 352 nonus.
2615 285 2942 368 {omns‘n
2975 313 3068 352 11.

620 454 753 529 plus
781 453 1009 514 differre
1036 473 1073 512 a
1099 455 1289 530 seipso
1314 459 1447 510 ante
1474 451 1720 529 lapsum,
1743 469 1918 527 quam
1944 445 2285 524 languidum
2313 464 2418 504 seu
2443 453 2729 524 aegrotum
2759 468 2798 506 a
2819 459 3063 527 vegeto

618 533 716 590 vel
744 553 905 609 sane,
934 534 1181 609 ligatum
1208 553 1243 590 a
1270 532 1477 600 soluto,
1506 539 1572 589 ut
1598 549 1669 589 ea
1693 530 1916 588 ratione
1942 529 2188 586 liberum
2214 525 2514 585 arbitrium
2542 525 2620 584 ad
2659 527 2897 587 bonum
2929 539 3061 587 sta·

617 611 841 687 biliant,
874 621 933 670 et
957 631 1076 669 non
1097 619 1217 670 tam
1242 610 1637 688 impotentiam
1664 609 1726 666 in
1747 627 1816 666 eo
1844 627 1988 683 esse,
2008 626 2183 683 quam
2203 605 2598 665 difficultatem
2617 605 2770 665 bene
2791 608 3056 686 agendi,

1136 688 1457 768 praesertim
1483 708 1615 747 cum
1657 687 1945 764 justitiam
1973 685 2312 764 originalem
2345 685 2566 745 'faciant
2611 695 3054 762 supernatura.-

584 828 592 838 ,
618 751 1101 857 Sentiegzgssugrthoz
1131 771 1268 828 lem.
1349 768 1473 826 Nos
1493 787 1633 826 vero
1661 767 1777 825 duo
1805 766 1902 824 hic
1927 764 2250 824 necessario
2267 763 2497 842 includi·
2516 783 2822 823 censemus
2845 788 2866 841 ;
2905 766 3050 824 Pri-

964 847 976 859 '
1132 868 1228 907 mo
1270 847 1654 924 privationem
1691 843 1936 923 justitiae
1980 843 2312 921 originalis;
2359 841 2626 902 Secundo
2669 843 3048 921 positionem

616 925 888 984 contrarii
913 925 1147 986 habitus
1172 925 1491 1004 injustitiae.

694 1005 875 1062 VIII.
922 1005 1199 1064 Rationes
1226 1013 1380 1065 sunt.
1467 1007 1518 1062 1.
1550 1002 1700 1078 Quia
1731 1001 2027 1080 Scriptura
2055 1001 2364 1060 Peccatum
2391 999 2548 1060 istud
2589 999 2874 1061 describit
2905 1023 3038 1062 non

612 1091 838 1141 tantum
860 1089 1145 1164 σπῃτιιιῢς
1172 1091 1231 1144 et
1256 1103 1360 1162 per
1385 1086 1611 1142 modum
1636 1081 1964 1156 neyatiom'e,
1996 1081 2166 1139 Rom.
2193 1081 2276 1138 iii.
2307 1083 2404 1155 23,
2433 1088 2494 1138 et
2517 1079 2619 1137 vii.
2651 1083 2726 1139 18
2751 1103 2767 1157 ς
2815 1085 2846 1138 1
2887 1083 3036 1142 Cor.

610 1161 671 1221 ii.
707 1164 814 1238 143
848 1163 997 1240 Eph.
1026 1164 1107 1221 iv.
1142 1166 1255 1240 18;
1303 1162 1418 1221 Sed
1446 1163 1619 1221 etiam
1644 1163 1868 1236 θιτικῦῗς,
1899 1168 1958 1218 et
1984 1179 2087 1236 per
2111 1161 2338 1218 modum
2376 1159 2786 1234 qffirmatiom‘s,
2829 1180 3032 1237 quum

608 1241 758 1300 illud
784 1251 957 1300 vocat
985 1245 1021 1276 “
1037 1261 1283 1317 carnem,
1316 1241 1855 1318 concupiscentiam,
1887 1239 2104 1315 Legem
2146 1238 2548 1314 membrorum,
2576 1247 2888 1315 peccatum
2931 1241 3030 1299 in-

608 1320 894 1394 habitans,
925 1340 1135 1398 corpus
1170 1321 1389 1395 mortis,
1418 1329 1678 1380 veterem
1703 1319 2054 1393 hominem,’'
2086 1315 2196 1377 &c.
2223 1318 2268 1378 J
2270 1336 2323 1376 ο.
2365 1317 2448 1376 iii.
2479 1319 2550 1394 63
2596 1317 2749 1376 Rom
2775 1319 2882 1377 vii.
2921 1323 3020 1395 18,

611 1400 691 1458 20
740 1403 815 1458 23
867 1403 945 1458 24
966 1421 981 1435 ·
1015 1401 1065 1456 E
1106 1400 1165 1457 h.
1195 1401 1275 1457 iv.
1304 1403 1401 1458 22.

688 1443 835 1536 ’DL'
854 1482 910 1537 2.
942 1420 1107 1554 Quis}³
1117 1487 1251 1536 actu
1278 1487 1336 1537 et
1363 1477 1686 1554 subjective
1711 1477 1956 1536 inhaeret
1979 1476 2216 1551 homini,
2247 1483 2306 1534 et
2330 1493 2511 1553 prava
2537 1475 2832 1534 desideria
2855 1477 2922 1534 in
2943 1499 3016 1538 eo

606 1557 879 1617 continuo
908 1558 1140 1632 excitat,
1170 1565 1229 1615 et
1254 1558 1444 1633 reipsa
1470 1575 1573 1632 per
1599 1557 2030 1632 generationem
2061 1555 2268 1615 transit
2307 1554 2384 1613 ad
2421 1561 2702 1632 posteros,
2731 1556 2897 1632 quod
2935 1557 3014 1619 de

604 1654 763 1693 mera
789 1637 1045 1694 carentia
1068 1635 1166 1693 vel
1190 1634 1513 1711 privatione
1541 1634 1657 1692 dici
1683 1635 1901 1711 nequit.

684 1713 771 1772 X.
815 1718 871 1772 3.
902 1715 1051 1788 Quia
1095 1713 1355 1772 homines
1394 1732 1512 1771 non
1552 1721 1778 1771 tantum
1820 1722 1954 1773 sunt
1988 1713 2216 1790 justitia
2254 1712 2442 1788 vacui,
2473 1712 2580 1771 sed
2617 1721 2678 1772 et
2716 1712 3010 1790 injustitia

600 1791 776 1868 pleni,
806 1793 985 1869 inepti
1012 1792 1087 1851 ad
1114 1792 1347 1867 bonum,
1378 1792 1482 1850 sed
1508 1800 1568 1850 et
1594 1792 1863 1868 propensi
1880 1793 1955 1852 ad
1981 1793 2213 1868 malum,
2245 1792 2436 1850 aversi
2461 1812 2496 1850 a
2517 1792 2664 1869 Deo,
2689 1800 2756 1851 ut
2781 1792 3006 1852 incom-

602 1870 867 1928 mutabili
894 1880 952 1929 et
992 1879 1206 1929 aeterno
1249 1871 1421 1946 bon0,
1470 1870 1573 1929 sed
1600 1879 1660 1928 et
1687 1872 1954 1930 conversi
1981 1871 2056 1930 ad
2083 1880 2389 1947 creaturae,
2419 1878 2480 1930 et
2521 1871 2598 1930 ad
2635 1872 2833 1930 omnia
2857 1873 3007 1946 vitia

584 1949 873 2008 inclinati.
960 1950 1044 2010 Ut
1069 1949 1304 2009 morbus
1330 1958 1390 2008 et
1415 1969 1595 2026 prava
1620 1951 1876 2027 corporis
1902 1951 2202 2027 dispositio
2229 1969 2358 2026 quae
2385 1949 2644 2009 dolorem
2681 1951 2853 2027 parit,
2884 1971 3006 2010 non

598 2027 741 2086 dicit
765 2047 981 2086 meram
1006 2029 1388 2106 privationem
1415 2029 1696 2103 sanitatis,
1747 2029 1851 2088 sed
1897 2031 2074 2088 etiam
2117 2029 2555 2106 temperamenti
2589 2038 2649 2088 et
2687 2029 3006 2088 humorum

582 2102 913 2188 &unguo-lm,
941 2115 1009 2166 ut
1035 2109 1195 2184 lepra
1218 2127 1336 2166 non
1362 2115 1589 2166 tantum
1630 2115 1720 2166 est
1757 2107 2006 2184 privatio
2033 2107 2163 2184 puri
2189 2109 2504 2186 sanguinis,
2536 2107 2640 2166 sed
2667 2109 2843 2167 etiam
2871 2111 3004 2187 ejus

596 2189 922 2263 corrupti05
968 2187 1065 2245 Ita
1089 2194 1389 2262 peccatum
1415 2185 1573 2263 quod
1600 2205 1732 2244 eum
1761 2187 1961 2246 morbo
1989 2186 2280 2246 confertur
2325 2206 2443 2244 non
2483 2195 2574 2246 est
2611 2195 2840 2246 tantum
2877 2190 3001 2266 pri-

594 2266 753 2324 vatio
780 2265 1157 2340 rectitudinis,
1182 2264 1287 2323 sed
1312 2265 1487 2324 etiam
1513 2265 1766 2341 positiva
1793 2266 2099 2342 corruptio,
2113 2286 2244 2342 quae
2271 2265 2656 2324 universalem
2681 2274 2908 2326 naturae
2937 2277 3000 2327 et

594 2345 849 2403 omnium
890 2345 1017 2422 ejus
1056 2344 1395 2404 facultatum
1436 2345 1643 2416 oia-azia
1685 2343 1924 2421 invehit,
1956 2354 2016 2404 et
2053 2365 2158 2421 per
2197 2344 2516 2419 stultitiam,
2557 2345 2884 2404 coecitatem
2925 2367 3000 2405 ac

560 2433 567 2440 ’
592 2423 977 2498 ignorantiam
1003 2423 1065 2481 in
1091 2431 1301 2498 mente,
1330 2424 1609 2481 malitiam
1637 2431 1697 2482 et
1724 2423 2144 2482 contumaciam
2169 2441 2274 2482 seu
2299 2422 2670 2482 rebellionem
2691 2425 2753 2482 in
2779 2425 2996 2484 volun-

590 2509 726 2576 tate,
748 2510 807 2560 et
832 2501 1313 2561 inordinationem
1336 2521 1439 2561 seu
1465 2503 1686 2582 micum
1711 2503 1772 2558 in
1799 2502 2102 2562 affectibus
2129 2502 2278 2562 solet
2303 2501 2567 2579 describi,
2582 2503 2792 2579 quibus
2813 2505 2995 2566 homo

590 2599 707 2639 non
734 2588 957 2640 tantum
984 2599 1021 2639 a
1046 2580 1199 2640 bono
1227 2601 1483 2657 aversus,
1516 2582 1620 2641 sed
1646 2590 1707 2641 et
1725 2580 1803 2640 ad
1829 2601 1998 2641 omne
2025 2582 2241 2641 malum
2266 2581 2334 2641 fit
2359 2601 2592 2660 pronus.

669 2659 789 2718 XI.
832 2662 889 2718 4.
921 2660 1069 2733 Quia
1086 2661 1331 2737 justitiae
1352 2662 1620 2738 originali
1646 2681 1764 2720 non
1789 2661 1962 2721 modo
1990 2662 2276 2739 privative
2317 2662 2638 2739 opponitur,
2669 2660 2774 2720 sed
2808 2664 2995 2723 etiarn

585 2740 867 2799 contrarie
888 2747 1162 2817 tanquam
1182 2741 1481 2818 originalis
1500 2741 1800 2819 injustitia,
1825 2749 1892 2801 ut
1908 2742 2064 2819 apud
2082 2741 2466 2818 Philosophos
2487 2741 2630 2799 vitia
2647 2740 2987 2819 virtutibus,

584 2838 702 2877 non
730 2826 955 2879 tantum
976 2828 1041 2877 ut
1066 2819 1437 2898 privationes,
1468 2820 1570 2879 sed
1598 2821 1770 2879 etiam
1799 2828 1867 2878 ut
1893 2821 2162 2879 contrarii
2190 2820 2424 2879 habitus
2451 2827 2834 2897 opponuntur.

666 2898 821 2958 XII.
866 2898 1097 2973 5.»Quia
1122 2898 1359 2957 effectus
1385 2900 1607 2975 peccati
1634 2900 1934 2975 originalis
1959 2920 2076 2958 non
2115 2908 2340 2959 tantum
2383 2907 2517 2959 sunt
2554 2899 2846 2976 privativi,
2875 2902 2994 2973 sed.

580 2977 754 3036 etiam
780 2977 1035 3055 positivi,
1066 2997 1183 3034 non
1208 2985 1434 3036 tantum
1454 2987 1692 3053 peccata
1712 2977 2056 3055 omissionis,
2080 2977 2184 3037 sed
2201 2979 2376 3038 etiam
2392 2978 2826 3055 commissionis,
2847 2999 2990 3056 quse

580 3055 713 3114 ideo
742 3075 976 3115 causam
1003 3054 1264 3131 ejusdem
1291 3056 1521 3131 generis
1546 3056 1861 3133 postulant.
1947 3057 2106 3116 Hinc
2131 3057 2247 3117 Tit.
2277 3058 2358 3115 iii.
2387 3060 2444 3116 3.
2473 3065 2802 3133 peccatores
2842 3067 2986 3118 ante

580 3134 826 3209 gratiam
874 3134 1145 3193 dicuntur
1192 3135 1228 3167 “
1250 3142 1524 3201 amentes,
1573 3135 1838 3211 rebelles,
1884 3144 2156 3213 errantes,
2201 3136 2520 3195 servientes
2563 3136 2986 3213 cupiditatibus

578 3212 816 3288 variis,”
861 3220 921 3271 et
970 3212 1139 3272 Matt.
1184 3233 1285 3272 xv.
1327 3215 1421 3289 19,
1450 3233 1527 3273 ex
1564 3214 1736 3273 corde
1785 3214 2054 3275 dicuntur
2094 3215 2254 3275 exire
2299 3217 2335 3247 ‘⁶
2351 3214 2732 3292 cogitationes
2758 3235 2981 3294 pravae,

578 3290 783 3367 caedes,
813 3290 1112 3368 adulteria,
1143 3290 1289 3351 falsa
1314 3293 1702 3370 testimonia,''
1733 3293 1860 3373 &c.,
1891 3303 1952 3353 et
1977 3314 2111 3354 caro
2138 3293 2348 3353 dicitur
2391 3294 2852 3372 “concupiscere
2871 3296 2981 3354 ad-

570 3388 781 3429 ·versus
811 3370 1146 3449 Spiritum,''
1172 3372 1303 3432 Gal.
1334 3392 1391 3431 v.
1426 3376 1519 3433 17.

656 3448 846 3509 XIII.
890 3454 947 3510 6.
980 3451 1269 3511 Pontificii
1293 3471 1409 3511 non
1428 3452 1599 3531 pauci
1623 3454 1736 3512 hoc
1762 3453 2090 3528 observant,
2115 3452 2366 3511 Thomas
2391 3455 2444 3511 1.
2473 3456 2531 3511 2.
2559 3472 2618 3529 q.
2647 3454 2744 3511 82.
2773 3460 2882 3513 art.
2919 3457 2977 3513 1.

572 3539 745 3590 vocat
768 3533 805 3565 “
824 3530 1087 3590 habitum
1114 3540 1444 3609 corruptum
1469 3532 1532 3589 in
1558 3551 1675 3608 quo
1703 3532 1780 3591 sit
1819 3531 2040 3608 aliquid
2077 3532 2446 3608 privativum,
2475 3550 2684 3609 nempe
2721 3532 2980 3609 privatio

570 3609 869 3687 originalis
876 3610 1137 3688 justitiae,
1158 3618 1219 3670 et
1237 3610 1457 3688 aliquid
1476 3610 1806 3687 positivum,
1830 3630 2036 3688 nempe
2055 3609 2380 3669 inordinata
2399 3610 2700 3688 dispositio
2721 3610 2978 3687 partium

570 3688 835 3749 animae.”
922 3688 1230 3749 Caietanus
1254 3690 1331 3748 ad
1357 3691 1416 3748 h.
1444 3690 1515 3749 L:
1548 3692 1584 3724 “
1603 3689 1853 3767 privatio
1880 3689 2024 3749 dicit
2048 3688 2412 3766 negationem
2441 3690 2503 3747 in
2527 3689 2788 3767 subjecto
2829 3698 2972 3767 apto

570 3776 724 3843 nato,
746 3768 1033 3846 corruptio
1050 3788 1190 3828 vero
1210 3767 1375 3827 addit
1388 3768 1704 3847 positivum
1722 3767 2068 3828 contrarium
2089 3768 2336 3827 fundans
2355 3768 2516 3827 illam
2537 3769 2972 3845 negationem.”

570 3845 742 3937 Hanc
770 3847 1115 3940 sententiam
1131 3848 1424 3925 Bellarm.‚
1453 3848 1555 3907 lib.
1574 3868 1633 3907 v.
1653 3868 1779 3926 cap.
1803 3850 1895 3940 15,
1926 3847 2130 3907 tribuit
2151 3846 2495 3924 Lombardo,
2517 3848 2792 3925 HenricO,
2815 3848 2964 3907 Gre-

569 3924 2248 4082 ³⁰3¹&tffiffzzt‘ffiwssffiffiffimss
2259 3927 2962 4067 ῗῖἶῗὲἰὲοἳίῗῖὲηω.

567 4087 677 4154 tur,
710 4088 769 4137 et
794 4081 939 4138 nihil
966 4092 1056 4143 est
1080 4085 1392 4160 positivum
1422 4084 1580 4160 quod
1604 4104 1724 4142 non
1751 4084 1830 4144 sit
1865 4104 1900 4143 a
1930 4085 2056 4144 Deo
2079 4108 2094 4162 3
2140 4084 2326 4145 Aliud
2357 4086 2659 4161 positivum
2699 4086 2867 4144 ethice
2909 4096 2964 4146 ct

566 4159 755 4233 loqicc,
785 4160 941 4234 quod
968 4160 1280 4221 affirmatur
1307 4162 1379 4220 de
1402 4163 1678 4238 subjecte,
1703 4164 1798 4222 cui
1815 4164 2075 4240 inhaeret,
2100 4164 2224 4224 sive
2245 4165 2322 4223 sit
2341 4164 2556 4224 bonum
2577 4166 2702 4224 sive
2717 4166 2960 4225 malum.

566 4237 876 4295 Peccatum
918 4240 1232 4316 positivum
1280 4240 1506 4316 dicitur,
1550 4260 1668 4301 non
1707 4243 1886 4319 priori
1925 4263 2116 4319 sensu,
2147 4242 2252 4303 sed
2289 4244 2630 4321 posteriori3
2673 4252 2848 4322 atque
2873 4245 2961 4305 ita

561 4322 753 4393 potest
794 4316 1005 4376 habere
1046 4338 1278 4377 causam
1317 4319 1627 4396 positivam
1653 4341 1772 4379 non
1797 4322 2054 4400 physice,
2084 4324 2224 4399 quia
2261 4324 2346 4383 sic
2387 4332 2476 4382 est
2515 4331 2740 4383 tantum
2780 4344 2958 4383 causa

559 4394 849 4471 deficiens,
882 4396 995 4455 sed
1012 4397 1201 4475 logice
1228 4407 1287 4457 et
1312 4400 1515 4476 ethice,
1548 4402 1686 4477 quia
1711 4402 2020 4478 positivam
2049 4402 2386 4478 qualitatem
2413 4402 2653 4462 inducit.

638 4473 783 4535 XV.
830 4476 1137 4536 Peccatum
1166 4478 1443 4555 originale
1484 4500 1601 4539 non
1642 4480 1774 4540 ideo
1815 4500 1932 4539 non
1973 4488 2062 4539 est
2099 4480 2334 4543 habitus
2372 4482 2637 4558 vitiosus,
2666 4481 2806 4559 quia
2843 4502 2954 4541 nec

554 4554 779 4617 infusus
804 4564 897 4617 est
920 4576 1029 4618 nec
1054 4558 1405 4637 acquisitus5
1451 4558 1663 4620 dantur
1690 4560 1844 4619 enim
1871 4559 2104 4623 habitus
2131 4560 2281 4621 varii
2321 4561 2632 4639 congeniti,
2661 4569 2728 4621 ut
2765 4562 2953 4639 liquet
