3300 5225
511 329 630 386 276
1478 344 1662 387 Locus
1689 345 1959 388 marrus.
2462 321 2713 406 [Qunsr.
2742 343 2917 386 xxxr.

481 525 490 530 -
517 485 797 564 Symbolo
825 485 1064 546 Nicaeno
1091 503 1196 564 per
1223 483 1919 564 constantinopolitanum
1946 483 2235 564 explicato
2254 484 2595 563 particulam
2616 484 2876 562 Filioque
2895 509 2923 559 ‚-

515 567 627 626 Isti
652 587 792 627 vero
819 566 954 625 illos
993 574 1250 670 carpunt,
1295 565 1453 644 quod
1495 566 1557 625 in
1589 566 1867 644 Symbolo
1896 566 2116 625 Athan.
2143 585 2347 625 vocem
2388 564 2535 641 μένου
2576 565 2923 624 inseruerint

513 654 620 706 art.
649 647 770 721 vii„
801 646 904 705 aim-3
930 653 1017 705 τοῦ
1040 672 1186 722 μονον
1213 651 1419 728 κατεὶς.
1486 646 1711 724 Saepius
1728 667 1798 706 ea
1817 647 1890 706 de
1917 665 1981 705 re
2001 646 2385 723 disceptatum
2400 647 2511 706 fuit
2536 645 2745 703 acriter
2770 645 2923 704 inter

515 727 840 787 Orientales
877 735 938 786 et
966 727 1384 786 occidentales.
1465 727 1727 785 Tandem
1768 727 1831 785 in
1874 726 2131 785 Concilio
2160 726 2497 784 Florentino
2544 744 2697 784 anno
2742 727 2919 801 1439,
2976 755 2981 760 ·

513 814 1027 884 temperamentum
1049 806 1284 883 aliquod
1303 805 1611 884 quaesitum
1638 815 1729 866 est
1755 806 1830 865 ad
1858 805 2221 865 concordiam
2253 804 2582 880 ineundam,
2610 814 2680 864 ut
2704 811 2919 864 statue-

513 895 673 946 retur
704 885 952 965 Spiritus
983 885 1230 946 Sanctus
1257 906 1294 943 a
1320 887 1493 945 Patre
1518 905 1622 964 per
1652 886 1868 944 Filium
1893 884 2221 963 procedere.
2310 885 2425 944 Sed
2444 893 2647 944 notum
2674 893 2764 944 est
2792 884 2917 944 Ori-

513 967 734 1025 entales
776 965 877 1043 qui
921 965 1393 1043 subscripserant,
1423 965 1498 1023 ab
1542 965 1643 1023 illa
1674 966 2061 1024 transactione
2102 965 2392 1040 resiliisse,
2424 973 2484 1024 et
2510 965 2571 1022 in
2610 963 2788 1042 priori
2816 983 2922 1024 sua

515 1046 801 1105 sententia
827 1046 1034 1106 acriter
1060 1045 1373 1104 etiamnum
1399 1051 1675 1123 perstare.

595 1126 672 1184 V.
731 1125 898 1184 Licet
939 1145 1057 1183 non
1101 1124 1350 1184 debeant
1377 1123 1569 1183 Graeci
1609 1124 1898 1184 haereseos
1939 1121 2261 1183 insimulari
2298 1131 2535 1202 propter
2574 1122 2919 1182 sententiam

514 1223 694 1280 suam,
725 1225 833 1264 nec
859 1223 930 1263 ea
955 1204 1220 1263 debuerit
1247 1223 1373 1262 esse
1401 1203 1627 1262 occasio
1649 1204 1990 1263 schismatis
2016 1204 2114 1262 vel
2154 1203 2283 1277 orti,
2312 1204 2410 1262 vel
2436 1203 2773 1278 continuati,
2806 1203 2917 1261 La-

511 1285 761 1343 tinorum
789 1291 984 1343 tamen
1012 1283 1298 1343 sententia
1323 1290 1389 1342 ut
1421 1283 1731 1360 Scripturas
1756 1284 1953 1343 verbis
1994 1283 2427 1342 convenientior
2462 1291 2521 1342 et
2547 1283 2739 1342 verior
2762 1291 2919 1342 recte

510 1364 804 1423 retinetur.
892 1366 945 1422 1.
989 1362 1138 1438 Quia
1163 1363 1410 1441 Spiritus
1442 1364 1689 1424 Sanctus
1714 1383 1833 1422 non
1858 1363 2051 1422 minus
2079 1383 2115 1421 a
2141 1363 2295 1422 Filio
2323 1383 2496 1441 quam
2523 1383 2559 1420 a
2588 1363 2759 1422 Patre
2784 1363 2917 1422 mit-

509 1444 668 1520 titur,
698 1444 743 1503 J
745 1445 840 1502 oh.
867 1443 992 1502 xvi.
1023 1448 1079 1503 7.
1151 1443 1310 1520 Ergo
1358 1443 1432 1502 ab
1460 1462 1530 1502 eo
1574 1443 1749 1503 debet
1790 1443 2118 1522 procedere,
2148 1443 2287 1520 quia
2312 1463 2431 1502 non
2476 1451 2676 1521 posset
2699 1462 2736 1500 a
2763 1443 2917 1501 Filio

509 1522 986 1663 &dffisnlgxbis
988 1543 1024 1582 ο
1041 1544 1089 1662 ἔ
1089 1543 1222 1664 roeg
1225 1522 1418 1677 ‹1310le
1455 1524 1737 1682 (1ῗῆοὲἕὲ
1768 1522 2435 1681 ῗξίἱξὲξαέρξιὶῦἓιέιῗέῗιῐ
2448 1523 2920 1662 ιξιιὶἵιῗιὲωζὶῗοῒαὲ

705 1648 720 1678 ,
981 1647 995 1661 .
1082 1647 1096 1662 .
1223 1648 1236 1662 .

513 1682 666 1741 Filio
710 1702 884 1760 quam
927 1703 965 1741 a
1008 1683 1197 1757 Patre,
1227 1683 1271 1742 J
1275 1682 1442 1742 ohan.
1471 1683 1596 1742 xvi.
1630 1687 1723 1759 13,
1759 1686 1851 1760 14,
1886 1685 1995 1760 153
2039 1691 2099 1742 et
2138 1691 2205 1743 ut
2246 1649 2433 1741 ’Filius
2472 1682 2685 1741 dicitur
2726 1702 2854 1741 esse
2881 1702 2918 1740 a

513 1759 702 1838 Patre,
735 1763 872 1840 quia
897 1781 1016 1821 non
1043 1783 1079 1821 a
1106 1782 1168 1821 se
1194 1762 1468 1840 loquitur,
1499 1763 1604 1822 sed
1630 1783 1666 1821 a
1696 1763 1885 1838 Patre,
1908 1783 1945 1821 a
1971 1781 2086 1841 quo
2116 1762 2309 1822 omnia
2326 1763 2519 1838 habet,
2552 1763 2635 1821 sic
2668 1762 2914 1839 Spiritus

511 1839 686 1901 debet
713 1836 828 1901 dici
872 1861 999 1902 esse
1029 1849 1088 1902 et
1133 1841 1442 1920 procedere
1485 1862 1521 1900 a
1562 1843 1731 1918 Filio,
1764 1843 1901 1919 quia
1940 1842 2103 1902 audit
2141 1851 2201 1902 et
2242 1843 2499 1919 loquitur
2526 1842 2599 1900 ab
2626 1842 2772 1920 ipse.
2855 1844 2913 1900 4.

511 1921 661 1994 Quia
685 1920 1001 1981 insufflavit
1033 1921 1309 1999 Spiritum
1340 1922 1400 1981 S.
1429 1921 1731 2000 discipulis
1757 1923 1819 1980 in
1844 1931 2119 2001 tempore,
2143 1923 2187 1982 J
2190 1923 2283 1982 oh.
2312 1943 2417 1980 xx.
2445 1925 2545 1981 22.
2610 1922 2771 1999 Ergo
2798 1921 2913 2000 spi-

507 2001 661 2060 ravit
688 2001 762 2059 ab
792 2009 1042 2076 aeterno;
1085 2021 1220 2060 nam
1247 2002 1538 2078 processio
1563 2003 1897 2079 temporalis
1924 2003 2196 2080 supponit
2223 2011 2513 2061 mtemam.

589 2080 702 2139 VI.
748 2081 921 2140 Pater
947 2089 1006 2140 et
1035 2080 1222 2140 Filius
1265 2081 1485 2158 spirant
1529 2083 1809 2160 Spiritum
1854 2082 1913 2142 S.
1941 2100 2061 2140 non
2107 2091 2173 2141 ut
2199 2083 2316 2140 duo
2355 2078 2638 2160 principia
2664 2079 2911 2157 diversa,

508 2159 793 2237 siquidem
821 2161 913 2220 vis
957 2160 1233 2237 spirativa
1276 2169 1366 2220 est
1408 2161 1611 2220 eadem
1650 2163 1713 2220 in
1752 2170 2013 2239 utroque,
2046 2162 2150 2221 sed
2188 2170 2253 2221 ut
2294 2160 2411 2220 duo
2440 2161 2753 2239 supposita,
2784 2180 2915 2239 quse

507 2239 710 2300 eadem
735 2239 950 2299 virtute
978 2247 1325 2299 concurrunt
1351 2241 1428 2299 ad
1453 2241 1624 2301 istam
1650 2243 2095 2319 processionem.

587 2319 735 2378 VII.
781 2319 946 2378 Licet
977 2319 1226 2396 Spiritus
1255 2319 1480 2380 dicatur
1505 2322 1815 2399 procedere
1842 2341 1877 2379 a
1901 2322 2089 2396 Patre,
2108 2320 2153 2382 J
2155 2322 2231 2380 oh
2272 2341 2374 2381 xv.
2404 2322 2499 2395 26,
2523 2340 2640 2379 non
2665 2327 2915 2398 negatur

507 2397 580 2458 de
609 2399 779 2474 Filio,
810 2399 928 2457 imo
957 2400 1314 2476 supponitur,
1345 2401 1482 2478 quia
1507 2401 1708 2460 missio
1742 2401 1988 2478 Spiritus
2024 2402 2112 2459 illi
2138 2401 2425 2477 tribuitur,
2456 2408 2516 2460 et
2554 2419 2911 2477 quaecunque

508 2479 682 2538 Pater
707 2479 899 2554 habet,
933 2479 1120 2538 Filius
1146 2479 1360 2556 pariter
1384 2481 1598 2540 habere
1625 2481 1853 2556 dicitur,
1884 2482 1928 2541 J
1931 2500 1983 2539 0.
2013 2481 2134 2539 xvi.
2168 2483 2262 2539 15.

586 2558 769 2618 VIII.
815 2557 961 2617 Cum
987 2558 1080 2618 vis
1109 2559 1387 2636 spirativa
1413 2560 1490 2620 sit
1515 2581 1632 2620 una
1656 2580 1898 2620 numero
1926 2561 1987 2620 in
2017 2561 2189 2620 Patre
2216 2569 2275 2619 et
2303 2559 2472 2635 Filio,
2502 2577 2619 2617 non
2643 2558 2792 2618 bene
2820 2558 2907 2617 di-

506 2646 732 2699 ceretur
770 2638 882 2696 hoc
925 2647 1190 2716 respectu
1238 2639 1486 2717 Spiritus
1531 2642 1843 2718 procedere
1884 2661 1921 2699 a
1962 2642 2133 2700 Patre
2168 2660 2275 2719 per
2301 2640 2532 2715 Filium,
2564 2639 2729 2716 quasi
2756 2646 2911 2699 esset

506 2718 900 2797 principaliter
926 2737 961 2776 a
990 2718 1179 2793 Patre,
1210 2719 1550 2778 secundario
1576 2740 1717 2779 vero
1760 2729 1819 2779 et
1844 2722 2035 2779 minus
2072 2720 2465 2799 principaliter
2492 2738 2528 2777 a
2554 2718 2747 2778 mio:
2794 2716 2911 2777 Sed

507 2800 557 2859 si
583 2801 781 2857 modus
805 2797 1132 2856 πώεὶςεεηᾱὶ
1157 2806 1464 2875 spectatur,
1511 2800 1825 2859 secundum
1853 2820 2027 2878 quem
2070 2801 2245 2861 Pater
2276 2808 2366 2859 est
2405 2800 2537 2858 fons
2566 2798 2831 2875 Deitatis,
2874 2818 2911 2857 a

504 2898 622 2957 quo
652 2878 840 2937 Filius
866 2885 1110 2951 emanat,
1140 2896 1260 2935 non
1285 2878 1436 2936 male
1462 2878 1574 2937 hoc
1603 2898 1777 2938 sensu
1818 2880 2029 2939 dicitur
2054 2898 2091 2938 a
2118 2878 2291 2939 Patre
2331 2898 2435 2957 per
2468 2878 2685 2938 Filium
2711 2898 2909 2956 proce·

505 2959 640 3018 dere
669 2956 861 3035 quoad
889 2956 1270 3033 processionis
1298 2957 1558 3017 ordinem
1586 2968 1645 3017 et
1672 2959 1925 3018 modum.

587 3037 707 3095 IX.
755 3036 819 3095 Si
859 3036 922 3094 in
965 3035 1310 3113 quibusdam
1357 3038 1650 3115 Symbolis
1678 3038 1878 3115 primis
1920 3038 2133 3098 omissa
2168 3038 2278 3098 fuit
2302 3036 2603 3116 particula,
2634 3037 2905 3114 Filioque,

505 3136 636 3193 quae
674 3114 1100 3193 processionem
1139 3135 1176 3174 a
1218 3116 1370 3175 Filio
1415 3118 1623 3195 arguit,
1669 3118 1883 3178 factum
1938 3118 2000 3176 id
2053 3119 2191 3195 quia
2244 3127 2383 3179 tunc
2436 3117 2713 3195 temporis
2747 3116 2909 3175 nulla

504 3196 644 3255 dum
672 3195 744 3255 de
776 3194 1149 3253 Processione
1181 3194 1428 3272 Spiritus
1460 3197 1520 3256 S.
1549 3198 1622 3256 lis
1649 3207 1809 3257 mota
1834 3197 2040 3276 fuerit;
2086 3198 2193 3257 sed
2232 3198 2432 3258 addita
2462 3196 2573 3256 fuit
2597 3194 2910 3274 prudenter

501 3282 706 3355 postea
731 3274 808 3335 ob
835 3273 1199 3351 insurgentes
1219 3294 1458 3336 errores,
