3300 5225
344 368 568 419 Quzsr.
601 349 759 431 xvh]
1326 371 1405 411 m:
1434 371 1780 413 senarum.
2639 355 2751 412 123

344 506 422 569 ad
447 508 955 585 verbum÷aliquod
977 505 1213 591 ἄγραφον
1238 510 1563 587 confugere,
1584 511 1743 587 quod
1769 508 2134 571 Traditionee
2153 510 2376 587 aliquae
2403 510 2762 587 dogmaticas

345 590 444 648 vel
474 589 713 647 Ethicas
741 588 1069 665 contineat3
1118 590 1252 665 Seu,
1296 589 1399 648 An
1430 590 1726 669 Scriptura
1767 590 1843 650 sit
1883 612 1944 649 re
2050 611 2086 649 a
2125 590 2322 649 totalis
2363 598 2422 649 et
2457 590 2762 667 adaequata

348 667 488 727 fidei
514 676 575 727 et
600 687 842 743 morum,
888 669 988 727 An
1016 689 1157 729 vero
1182 669 1443 746 partialis
1482 678 1708 730 tantum
1749 678 1809 729 et
1837 670 1851 685 '
2021 678 2214 747 qnata.
2299 670 2422 729 Nos
2447 670 2608 747 prius
2633 678 2758 729 tue-

346 766 512 807 mur:
557 747 849 807 Pontificii
874 748 1161 827 posterius
1190 756 1468 817 statuunt,
1496 749 1598 826 qui
1625 751 1832 809 volunt
1863 750 2219 809 staditiaemes
2238 771 2352 809 non
2375 750 2616 824 scriptas
2644 759 2762 807 tum

348 828 618 906 adfidem
654 835 771 885 tum
810 830 895 886 ad
930 848 1113 886 morea
1150 829 1487 903 pertinentes
1525 830 1669 903 pari
1686 829 1912 904 pictatia
1953 831 2159 906 affectu
2185 840 2240 888 et
2283 829 2597 889 reverentia
2636 849 2762 889 cum

349 908 653 1044 Scripturgz
678 926 793 966 ease
819 907 1186 984 recipiendas,
1219 908 1437 967 Concil.
1466 907 1702 968 Triden.
1737 909 1892 968 Sese.
1921 912 1960 967 4
1983 931 1998 985 ;
2033 909 2244 969 Bellar.
2273 909 2376 968 lib.
2394 913 2450 985 4,
2483 908 2556 968 de
2585 910 2662 967 V.
2684 909 2758 969 D.

360 1006 413 1045 e.
442 990 479 1044 2
508 993 568 1045 et
638 1029 653 1045 .

432 1065 518 1124 X.
552 1065 913 1125 Proeiverunt
932 1063 1253 1126 Pontifieiis
1279 1065 1341 1123 in
1358 1064 1792 1126 Traditionibus
1817 1066 2162 1145 recipiendis
2178 1068 2224 1128 J
2224 1067 2392 1143 udoei,
2419 1068 2520 1145 qui
2542 1068 2762 1145 Legem

352 1144 746 1223 partiebantur
786 1145 847 1202 in
874 1146 1160 1221 Scriptum
1186 1154 1246 1203 et
1280 1148 1515 1206 Oralem
1540 1164 1714 1223 quam
1737 1146 1936 1205 Moses
1955 1146 2018 1205 in
2045 1155 2242 1206 monte
2271 1146 2435 1206 Sinai
2463 1158 2758 1225 acceptam

354 1223 657 1283 tradiderit
709 1224 929 1302 Josuae,
986 1226 1083 1284 hic
1126 1225 1317 1283 LXX
1380 1225 1736 1301 SenioribuS,
1783 1226 1846 1283 hi
1887 1245 2030 1285 vero
2075 1226 2396 1303 Prophetis,
2457 1228 2762 1303 Prophetas

358 1304 689 1381 Synagogae
716 1324 959 1383 magnae,
1002 1313 1061 1365 et
1086 1306 1171 1364 ita
1196 1304 1485 1383 deinceps,
1516 1305 1702 1364 donec
1727 1305 1961 1365 tandem
1989 1307 2314 1383 conscripta
2340 1315 2400 1366 et
2426 1306 2486 1362 in
2513 1304 2764 1365 Talmud

352 1383 535 1443 relata
562 1384 655 1443 sit.
729 1384 901 1445 Unde
928 1384 1105 1444 variae
1132 1383 1429 1466 δικ-ζέσας
1456 1385 1612 1463 apud
1638 1386 1797 1464 ipsos
1822 1386 2208 1461 invaluerunt,
2238 1392 2304 1444 ut
2329 1385 2472 1463 ipsis
2501 1385 2764 1445 Christus

354 1463 701 1540 exprobrat3
744 1464 903 1541 quod
928 1464 1039 1525 fuit
1070 1466 1299 1525 Satanoe
1316 1466 1620 1525 artificium
1648 1472 1716 1525 ut
1741 1485 1844 1542 per
1866 1466 2084 1543 Legem
2110 1465 2260 1523 hanc
2286 1465 2332 1525 J
2333 1464 2532 1523 udaeos
2547 1485 2582 1523 a
2604 1465 2764 1542 Lege

358 1542 587 1620 Scripta
629 1543 859 1603 facilius
904 1553 1190 1605 avocaret.
1276 1546 1499 1605 Eadem
1542 1553 1667 1604 arte
1721 1544 1911 1605 effecit
1949 1552 2016 1604 ut
2061 1544 2348 1603 Pontificii
2393 1544 2611 1622 duplex
2653 1545 2766 1604 Dei

355 1622 619 1682 Verbum
659 1622 949 1701 finxerint,
996 1624 1157 1684 aliud
1184 1626 1461 1703 scriptum
1505 1625 1666 1684 aliud
1707 1640 1826 1684 non
1869 1625 2162 1703 scriptum,
2191 1625 2358 1702 quasi
2403 1624 2667 1683 Christus
2707 1634 2769 1684 et

358 1702 635 1780 Apostoli
660 1704 845 1763 multa
871 1706 1011 1763 viva
1035 1725 1181 1764 voce
1223 1705 1524 1765 docuerint
1550 1724 1682 1783 quae
1731 1706 1944 1782 scripto
1987 1725 2104 1763 non
2143 1704 2522 1764 tradiderunt.
2609 1705 2766 1763 Hinc

364 1782 731 1841 'Pi-aditiones
760 1792 901 1843 ortae
930 1794 1065 1845 sunt
1092 1783 1334 1866 ἅηιφα,
1362 1786 1445 1843 ita
1471 1785 1660 1861 dictae,
1705 1804 1822 1844 non
1849 1784 2006 1861 quod
2045 1804 2332 1863 nusquam
2360 1784 2587 1861 scriptae
2629 1784 2762 1859 sint,

362 1862 467 1921 sed
492 1862 651 1940 quod
672 1863 848 1940 juxta
876 1864 1025 1923 Bell.
1054 1884 1093 1922 a
1116 1866 1301 1941 primo
1330 1865 1569 1923 authore
1610 1883 1729 1923 non
1771 1866 1998 1942 scriptae
2027 1866 2160 1941 sint,
2203 1873 2306 1924 aut
2331 1862 2488 1941 quod
2515 1864 2576 1921 in
2603 1864 2764 1923 nullo

356 1942 507 2001 libro
536 1941 881 2019 Apostolico
908 1944 1135 2021 scriptae
1164 1945 1549 2003 inveniantur.

440 2021 563 2081 XI.
608 2022 697 2081 Ne
724 2022 1032 2082 videantur
1058 2042 1197 2082 vero
1240 2024 1351 2081 hac
1392 2023 1613 2081 ratione
1663 2022 2018 2101 Scripturam
2059 2020 2477 2081 insufficientiae
2505 2042 2763 2099 arguere,

358 2100 727 2179 distinguunt
780 2102 931 2161 inter
984 2120 1085 2161 eos
1138 2102 1403 2177 nonnulli
1445 2103 1830 2176 sufficientium
1872 2102 2192 2179 explicitam
2234 2111 2294 2160 et
2341 2103 2666 2177 implicitam
2704 2112 2772 2161 ut

364 2182 607 2259 Staplet.
654 2190 714 2241 et
760 2181 1040 2257 Ser-arius,
1098 2182 1197 2240 vel
1247 2182 1555 2240 mediatam
1610 2189 1672 2240 et
1723 2182 2105 2240 immediatam
2155 2188 2224 2239 ut
2280 2180 2607 2240 Petronius,
2692 2182 2770 2239 Et

366 2261 721 2339 Scripturam
764 2260 1000 2338 quidem
1044 2280 1160 2320 non
1204 2280 1333 2321 esse
1358 2262 1716 2334 sufficientem
1741 2260 2069 2319 immediate
2098 2268 2157 2317 et
2183 2260 2456 2336 explicite
2484 2260 2766 2336 fatentur3

362 2339 468 2399 eed
510 2360 680 2419 posse
722 2340 839 2399 diei
859 2350 1053 2400 tamen
1080 2341 1458 2401 sufficientem
1486 2341 1727 2400 mediate
1753 2349 1812 2400 et
1837 2340 2116 2415 hup-licea,
2147 2338 2286 2416 quia
2309 2339 2371 2396 in
2399 2339 2472 2398 iis
2497 2359 2627 2416 quae
2653 2360 2772 2398 non

366 2420 547 2480 habet
574 2422 635 2479 in
662 2439 743 2497 ee,
774 2420 1047 2481 amandat
1072 2421 1149 2481 ad
1178 2420 1503 2481 Ecclesiam
1530 2429 1589 2481 et
1618 2420 2029 2485 Traditionem.

444 2500 601 2560 XII.
644 2500 699 2559 N
702 2520 769 2559 oe
796 2520 935 2559 vero
961 2501 1138 2561 talem
1166 2500 1565 2561 sufficientiam
1594 2508 1654 2560 et
1679 2500 2087 2579 perfectionem
2109 2498 2419 2577 Scriptura
2443 2499 2769 2576 tribuimus,

364 2584 506 2659 quaa¹
540 2581 619 2642 eit
663 2580 995 2641 immediata
1036 2590 1098 2643 et
1142 2581 1447 2660 explicata,
1494 2588 1561 2642 ut
1604 2581 1748 2640 nihil
1795 2600 2030 2642 necesse
2076 2580 2152 2640 sit
2207 2586 2374 2639 extra
2419 2580 2773 2658 Scripturam

364 2661 441 2720 ad
466 2662 648 2721 ullam
676 2662 1070 2722 Traditionem
1116 2662 1445 2740 confugere,
1492 2662 1629 2722 licet
1672 2682 1778 2740 pro
1823 2661 2042 2720 Divina
2083 2667 2144 2720 et
2185 2660 2529 2738 Apostoliea
2569 2661 2772 2720 vendi-

364 2749 663 2934 ἔξω
742 2889 845 2921 0⁶ae
968 2822 1161 2916 XI.H'
1196 2824 1249 2881 l.
1270 2822 1420 2898 Quia
1448 2823 1667 2917 Paulus
1694 2822 1836 2881 dicit
1863 2827 2036 2880 τοῖσι,
2061 2822 2257 2915 γραφὲν
2283 2839 2410 2878 esse
2437 2819 2772 2914 Brimo-⁴2:09,

420 2934 703 3062 {gaura
716 2948 843 3038 2252:
884 2905 2339 3059 ἴωῖᾱξῗῶῗῳιᾝΐὼὲἕαῖῑῗῖᾜοᾞᾍ
2357 2903 2781 3040 ῗωῖωέἓῗᾱ

424 3063 498 3094 ¹¹¹·
520 3049 593 3104 ¹⁶⁹
614 3047 686 3094 1⁶·
887 3083 1047 3122 omne
1074 3083 1214 3138 opus
1240 3064 1441 3122 bonum
1464 3065 1710 3138 perfecte
1737 3064 2052 3137 immet-tm,
2083 3067 2120 3121 2
2150 3061 2300 3120 Tim.
2321 3061 2402 3120 iii.
2429 3065 2520 3137 15,
2558 3064 2648 3136 16,
2673 3065 2767 3138 17,

365 3138 469 3198 ubi
494 3139 657 3197 varia
682 3138 865 3200 latent
892 3151 1231 3218 argumenta
1256 3163 1361 3221 pro
1394 3143 1704 3221 Scripturae
1732 3142 2098 3220 perfectione.
2184 3141 2379 3200 Primo
2399 3142 2538 3218 quia
2564 3141 2775 3201 Literae

368 3236 545 3276 eacrae
572 3229 815 3295 possunt
855 3221 1144 3280 hominem
1188 3225 1391 3295 νοφίσοιι
1434 3226 1519 3282 ad
1560 3226 1812 3298 salutem,
1859 3242 1921 3282 v.
1956 3224 2049 3280 15.
2078 3221 2221 3299 quid
2266 3220 2421 3279 enim
2463 3221 2776 3298 quaerimus

368 3297 632 3374 ampliuS,
663 3317 837 3374 quam
863 3309 931 3359 ut
957 3301 1160 3360 salutis
1186 3303 1393 3362 fiamus
1432 3312 1728 3380 compotes
1742 3306 1772 3362 ⁴?
1853 3306 1908 3361 2.
1941 3301 2091 3377 Quia
2127 3301 2290 3360 utilis
2329 3310 2420 3359 est
2459 3301 2535 3358 ad
2576 3321 2776 3361 omnes

368 3395 511 3436 usus
552 3378 897 3439 theoreticen
941 3390 1000 3440 et
1041 3382 1341 3458 practices,
1389 3383 1465 3441 ad
1508 3381 1828 3441 docendam
1871 3380 2064 3456 fidem,
2095 3388 2155 3439 et
2189 3380 2520 3440 formandos
2564 3399 2772 3440 mores,

368 3459 426 3517 3.
472 3455 623 3531 Quia
647 3467 838 3534 potest
863 3460 1179 3538 perfeetum
1206 3463 1446 3522 reddere
1486 3463 1696 3520 Virum
1743 3461 1856 3520 Dei
1898 3461 1974 3518 ad
2018 3479 2186 3518 omne
2229 3459 2446 3518 bonum
2489 3479 2668 3537 opu53
2715 3470 2778 3519 at

364 3537 525 3612 quod
554 3537 889 3599 Pastoribus
916 3540 1139 3617 suffieit,
1170 3543 1371 3620 utique
1398 3550 1457 3600 et
1483 3541 1694 3600 ovibus
1721 3540 1980 3599 sufficere
2005 3545 2214 3616 potest.

450 3616 632 3676 XIV.
681 3619 921 3679 Frustra
975 3621 1264 3680 Pontificii
1320 3621 1635 3697 excipiunt.
1723 3620 1936 3693 Primo,
1987 3619 2178 3676 utilem
2223 3615 2358 3690 dici,
2405 3635 2522 3674 non
2583 3625 2776 3674 autem

368 3715 540 3756 omne
566 3698 708 3756 utile
738 3698 1023 3759 sufficiens
1050 3721 1212 3778 eese3
1256 3719 1467 3777 aquam
1494 3698 1696 3757 utilem
1725 3717 1852 3756 esse
1895 3698 1971 3755 ad
1997 3697 2196 3770 vitam,
2239 3701 2431 3753 aerem
2460 3694 2535 3752 ad
2563 3695 2773 3754 sanita-

370 3785 505 3854 tem,
536 3797 655 3837 non
682 3786 875 3837 tamen
903 3779 1177 3840 sufficere.
1264 3781 1415 3839 Nam
1458 3777 1617 3855 quod
1659 3777 1802 3836 utile
1845 3784 1936 3836 est
1977 3795 2094 3834 non
2135 3774 2212 3834 ad
2237 3774 2502 3852 quaedam
2529 3783 2772 3853 tant-um,

368 3858 474 3917 sed
499 3858 903 3917 universaliter
928 3859 1003 3917 ad
1044 3860 1251 3934 omnia,
1282 3857 1531 3918 utilitate
1558 3857 1846 3935 completa
1871 3865 1930 3916 et
1957 3855 2274 3933 adaequata,
2315 3874 2436 3913 non
2461 3855 2690 3933 partiali
2717 3865 2778 3916 et

366 3938 733 4016 incompleta,
792 3938 1191 3998 sufficientiam
1244 3938 1569 3998 necessario
1622 3938 1912 4016 importat.
1998 3937 2083 3995 At
2142 3935 2440 4012 Scriptura
2489 3935 2624 3994 talis
2678 3937 2774 3997 hie

366 4019 728 4097 praedicatur,
760 4018 991 4096 quando
1018 4018 1229 4079 dicitur
1252 4038 1425 4098 posse
1450 4017 1742 4077 hominem
1771 4017 1846 4076 ad
1873 4017 2116 4078 salutem
2145 4015 2347 4087 noima
2375 4024 2434 4075 et
2459 4016 2620 4076 utilis
2647 4037 2776 4077 esse

368 4107 494 4158 tum
538 4099 613 4157 ad
660 4095 995 4158 διδασκαλίαν
1037 4099 1178 4176 veri,
1236 4109 1295 4159 et
1346 4096 1554 4175 ’iz-yx„
1599 4097 1748 4175 falsi,
1792 4107 1917 4158 tum
1957 4097 2033 4156 ad
2075 4096 2383 4178 ἔπινόςθοστι
2423 4097 2561 4155 mali
2601 4105 2662 4156 et
2699 4098 2776 4156 ad

370 4178 595 4239 παιδιὰν
620 4180 775 4255 boni,
806 4180 954 4238 nihil
980 4180 1134 4239 enim
1162 4189 1439 4257 praeterea
1464 4179 1778 4257 requiritur
1801 4178 1877 4237 ad
1902 4178 2330 4256 perfectionem.
2415 4177 2538 4238 Nec
2566 4178 2776 4238 similia

368 4261 547 4320 allata
570 4261 687 4320 huc
712 4261 1033 4339 pertinent3
1077 4261 1215 4338 quia
1255 4260 1415 4319 aliud
1455 4269 1545 4320 est
1584 4259 1746 4337 loqui
1787 4259 1859 4318 de
1885 4258 2154 4332 utilitate,
2185 4277 2316 4334 quae
2343 4257 2418 4317 ad
2443 4258 2618 4317 finem
2647 4267 2772 4317 tan·-

366 4350 493 4401 tum
518 4350 801 4400 remotum
830 4350 889 4400 et
914 4340 1327 4401 accidentalem
1352 4340 1611 4416 refertur,
1642 4340 1834 4418 qualis
1859 4347 1950 4399 eet
1975 4339 2037 4396 in
2077 4339 2206 4396 abre
2231 4337 2308 4397 ad
2349 4339 2670 4413 sanitatem,
2713 4339 2776 4396 in

368 4441 520 4500 aqua
546 4422 621 4482 ad
647 4422 1017 4482 nutritionem
1040 4444 1057 4496 3
1086 4430 1225 4481 tune
1252 4421 1404 4480 enim
1432 4421 1652 4480 utilitas
1677 4428 1871 4498 potest
1885 4427 2084 4478 notare
2102 4427 2326 4478 tantum
2343 4419 2771 4493 adminiculum,

368 4522 485 4561 non
515 4502 911 4562 sufficientiam
936 4525 950 4578 ;
996 4501 1181 4560 Aliud
1208 4522 1347 4561 vero
1376 4502 1448 4561 de
1476 4500 1740 4576 utilitate,
1771 4520 1903 4577 quae
1929 4500 2101 4558 finem
2142 4499 2436 4577 proprium
2479 4498 2772 4556 immedia-

370 4591 493 4642 tum
520 4592 581 4643 et
606 4583 926 4642 naturalem
953 4582 1187 4660 respicit
1206 4603 1221 4657 3
1252 4591 1391 4642 tunc
1408 4582 1561 4642 enim
1578 4581 1800 4655 utilitas
1815 4580 2142 4639 necessario
2163 4579 2560 4639 sufficientiam
2580 4597 2772 4636 secum

369 4663 561 4740 trahit,
592 4673 658 4724 ut
700 4683 879 4741 quum
924 4662 1077 4740 ignis
1121 4661 1333 4722 dicitur
1374 4663 1535 4723 utilis
1578 4661 1654 4720 ad
1697 4659 2165 4721 calefaciendum.
2252 4659 2340 4718 Eo
2367 4667 2558 4718 autem
2603 4657 2775 4716 modo
