3300 5225
503 268 620 327 246
1475 284 1661 327 Locus
1688 284 1959 328 11111188.
2452 264 2702 348 [eumer.
2733 287 2907 329 nvl.

501 423 664 486 bium
690 443 810 484 non
835 432 942 501 est,
971 423 1110 486 licet
1135 423 1520 503 apodicticum
1547 445 1622 488 ex
1645 446 1716 486 eo
1742 427 1873 488 1000
1900 426 2143 486 seorsim
2160 433 2391 505 sumpto
2418 425 2555 488 duci
2580 447 2699 487 non
2724 428 2915 506 possit

504 513 928 583 argumentum.
1012 506 1107 566 Ita
1136 506 1332 566 Psalm
1359 527 1454 567 08.
1487 511 1540 584 1,
1569 507 1745 566 Dixit
1766 510 1988 567 Jehova
2012 506 2261 566 Domino
2288 527 2426 582 meo,
2468 516 2529 567 οι
2578 508 2733 567 Ρ881.
2782 509 2913 567 xlv.

505 588 563 663 8,
602 587 782 646 Unaeit
805 595 858 646 te
883 606 917 645 ο
943 587 1121 662 Deus,
1149 590 1310 646 Deus
1337 595 1462 646 tuus
1489 590 1609 646 oleo
1635 589 1859 664 latitia,
1889 586 1991 647 ubi
2022 587 2240 646 mentio
2278 586 2345 646 fit
2373 587 2487 646 Dei
2514 587 2804 665 ungentis,
2850 596 2915 648 et

503 666 683 741 uncti,
711 666 982 726 nimirum
1008 667 1372 744 hypostatice
1397 686 1516 726 non
1542 667 1941 728 essentialiter.
2024 667 2115 725 Eo
2142 666 2430 744 pertinent
2455 669 2586 726 loca
2610 669 2673 726 in
2698 669 2915 764 quibus

507 745 742 806 Messias
767 747 1003 806 nomina
1021 754 1082 807 et
1109 745 1412 807 Attributa
1439 747 1659 807 Divina
1697 747 2047 822 tribuuntur,
2075 766 2254 823 quum
2282 755 2525 807 vocatur
2548 750 2769 808 Jehova
2780 752 2913 824 jus·-

505 827 632 891 titia
655 835 869 902 nostra,
899 829 1060 885 Deus
1068 827 1266 904 sorti-⁹,
1295 827 1542 904 Angelus
1563 828 1762 904 faciei,
1794 824 1904 886 &c.
1951 847 2082 904 ques
2122 825 2425 888 manifeste
2466 829 2743 888 evincunt
2780 847 2913 887 esse

509 906 824 966 Personam
853 907 1145 1000 Divinam,
1175 906 1505 967 distinctam
1532 927 1571 966 a
1597 908 1727 966 Deo
1755 907 1965 966 Patre·
1948 951 1965 984 ‚
1996 907 2120 966 Nec
2146 907 2463 984 quidquam
2488 907 2587 967 1110
2612 916 2915 987 opponunt

505 985 763 1046 haeretici
789 986 947 1065 quod
972 987 1094 1046 vim
1120 986 1446 1064 argumenti
1471 987 1655 1047 nostri
1680 985 1888 1063 elevet,
1929 994 1996 1047 8ι
2022 1005 2129 1048 880
2163 987 2295 1047 1000
2330 988 2687 1065 probabitur,
2730 1007 2927 1066 quum,

508 1063 582 1128 de
613 1067 844 1127 Deitate
873 1066 1012 1126 Filii
1037 1074 1262 1146 agetur.

1111 1147 1296 1206 VIII.
1341 1146 1428 1206 Ut
1451 1165 1593 1206 vero
1619 1145 1785 1206 varia
1810 1153 1945 1206 sunt
1969 1146 2101 1206 loca
2127 1165 2259 1224 quae
2284 1145 2673 1224 pluralitatem
2704 1149 2913 1208 Perso-

506 1201 989 1310 ΤὼέξῇΡζοῗω
1027 1246 1232 1286 narum
1259 1233 1609 1303 connotant3
1654 1227 1750 1286 Ita
1775 1245 1893 1285 non
1918 1245 2105 1304 pauca
2132 1235 2268 1286 sunt
2292 1226 2355 1285 in
2401 1227 2614 1304 quibus
2663 1228 2911 1287 Plurali-

1026 1315 1120 1367 tas
1159 1307 1264 1366 illa
1300 1306 1378 1366 ad
1417 1306 1759 1366 Trinitatem
1796 1306 2185 1384 restringitur.
2268 1307 2481 1382 Primo,
2510 1327 2627 1367 non
2669 1308 2913 1368 obscure

507 1388 804 1468 colligitur
827 1409 904 1449 ex
930 1387 1174 1448 historia
1199 1387 1537 1464 creationis,
1567 1385 1671 1446 ubi
1696 1387 1969 1446 distincte
1996 1387 2197 1446 Moses
2242 1387 2506 1447 meminit
2530 1388 2761 1447 Elohim
2786 1408 2911 1448 cre-

507 1471 676 1547 antis,
705 1469 953 1547 Spiritus
979 1466 1214 1528 Elohim
1241 1467 1408 1544 aquis
1434 1464 1781 1542 incubantis,
1810 1473 1871 1526 et
1906 1467 2075 1526 Verbi
2097 1467 2291 1526 omnia
2315 1466 2704 1544 producentis.
2772 1468 2912 1526 Elo-

507 1548 631 1608 him
657 1569 784 1608 esse
815 1551 1008 1609 Deum
1031 1567 1152 1608 non
1177 1555 1396 1624 negant
1423 1545 1783 1622 Adversarii,
1817 1545 2097 1624 Spiritum
2126 1547 2239 1606 Dei
2266 1566 2395 1608 esse
2437 1548 2751 1608 Personam
2792 1548 2908 1607 dis-

507 1628 748 1690 tinctam
775 1629 894 1689 ab
877 1649 1006 1707 ipso
1033 1647 1208 1706 supra
1231 1627 1538 1704 probatum
1575 1635 1681 1703 est,
1712 1626 1974 1686 Verbum
2000 1645 2141 1688 vero
2180 1646 2299 1686 non
2338 1645 2467 1687 esse
2508 1628 2757 1706 simplex
2798 1628 2913 1687 Dei

503 1708 736 1786 jussum
761 1717 822 1769 et
847 1707 1202 1783 mandatum,
1245 1706 1350 1765 sed
1376 1706 1638 1766 Verbum
1678 1707 1981 1784 personale
2020 1707 2237 1767 evincit
2276 1707 2511 1766 collatio
2553 1708 2740 1768 Mosis
2780 1728 2911 1768 cum

509 1789 554 1848 J
557 1789 862 1867 ohanne,
861 1788 922 1847 81
949 1788 1027 1848 ad
1047 1787 1276 1847 Mosem
1303 1785 1584 1862 alludens,
1619 1786 1973 1862 Sermonem,
2002 1786 2077 1846 de
2096 1807 2213 1864 quo
2241 1787 2468 1847 locutus
2488 1787 2676 1848 fuerat
2694 1789 2910 1864 Moses,

510 1867 789 1929 describit
814 1877 1092 1946 tanquam
1120 1868 1434 1927 Personam
1463 1865 1873 1927 subsistentem
1899 1866 2055 1945 apud
2085 1867 2275 1927 Deum
2305 1867 2555 1943 Patrem,
2596 1887 2701 1946 per
2740 1888 2915 1946 quam

509 1950 706 2008 omnia
732 1956 926 2010 creata
951 1949 1069 2009 sint
1095 1967 1146 2008 c.
1173 1947 1214 2008 i.
1248 1950 1300 2024 1,
1333 1951 1388 2022 2,
1421 1949 1478 2007 3.
1560 1946 1617 2005 N
1617 1965 1686 2005 ec
1712 1955 1904 2024 potest
1943 1947 2211 2025 111ιο11131,
2253 1946 2352 2006 vel
2390 1949 2591 2008 Sermo
2631 1957 2911 2025 ememus,

509 2048 626 2107 quo
657 2029 818 2089 Deus
846 2029 1096 2107 Angelis
1122 2035 1190 2088 ut
1214 2025 1493 2086 ministris
1520 2027 1642 2086 suis
1667 2025 2051 2105 imperaverit,
2087 2027 2225 2104 quia
2250 2027 2507 2088 nondum
2528 2036 2693 2088 erant
2718 2029 2914 2105 creati,

509 2117 571 2168 et
591 2128 695 2188 per
720 2109 888 2170 illum
919 2109 1272 2183 Sermonem,
1303 2125 1419 2184 quo
1447 2107 1641 2167 omnia
1666 2105 1821 2167 facta
1846 2114 1985 2167 sunt
2010 2107 2135 2168 sine
2160 2107 2518 2200 exceptione,
2548 2108 2787 2185 produci
2814 2108 2913 2168 (10-

508 2187 796 2266 buerunt3
840 2189 959 2248 Vel
982 2190 1234 2249 inter-nm
1259 2206 1375 2264 quo
1403 2186 1552 2247 sibi
1533 2187 1648 2265 ipsi
1675 2187 1787 2246 hoc
1825 2186 2178 2265 praeceperit,
2222 2187 2361 2281 quia
2400 2187 2564 2247 Deus
2603 2189 2915 2248 introduci-

507 2276 606 2330 tur
629 2269 918 2346 loquens
901 2289 962 2327 ιιι
989 2269 1162 2329 tertia
1185 2287 1433 2346 persona
1457 2273 1735 2344 tanquam
1762 2253 1928 2326 alteri
1954 2285 2216 2345 personae
2243 2267 2321 2326 im
2364 2287 2547 2344 crans,
2592 2287 2708 2327 non
2756 2269 2915 2345 sibi;

508 2348 686 2426 idque
711 2357 1028 2428 perpetuo.
1056 2347 1216 2426 quod
1241 2367 1348 2408 nec
1375 2357 1592 2407 temere
1619 2347 1853 2423 factum,
1884 2366 1991 2406 nec
2018 2365 2277 2407 accomm
2388 2355 2447 2406 te
2476 2345 2553 2406 ad
2594 2367 2915 2408 sermonem

510 2427 802 2488 internum
826 2427 1288 2506 exprimendum.
1375 2427 1650 2505 Superest
1677 2427 1839 2504 Ergo
1866 2435 1933 2486 ut
1958 2426 2319 2504 intelligatur
2343 2428 2543 2487 Sermo
2573 2427 2910 2504 personalis,

509 2506 574 2566 id
601 2516 691 2569 est
719 2508 907 2567 Filius
937 2508 1065 2584 Dei,
1095 2507 1198 2584 qui
1241 2525 1394 2584 saepe
1437 2506 1593 2584 apud
1620 2505 1825 2566 Chald.
1858 2506 2297 2585 Paraphrastem
2340 2527 2444 2585 per
2468 2525 2604 2584 mm,
2634 2525 2737 2566 seu
2774 2509 2912 2566 Ver·

509 2589 641 2648 bum
666 2587 992 2667 exponitur.
1075 2586 1200 2647 Nec
1227 2586 1420 2647 obstat
1445 2585 1604 2665 quod
1629 2586 1874 2647 verbum
1900 2587 2089 2647 diberit
2064 2605 2295 2665 Jussum
2324 2587 2437 2647 Dei
2472 2585 2675 2647 efficax
2702 2605 2915 2647 conno-

511 2675 633 2745 tet3
673 2669 815 2728 licet
839 2668 994 2728 enim
1022 2666 1312 2745 objective
1337 2675 1400 2727 et
1437 2666 1803 2727 terminative
1830 2667 1907 2725 ad
1934 2676 2227 2727 creaturas
2266 2668 2669 2746 producendas
2714 2668 2920 2727 innuat

511 2748 719 2808 efficax
747 2747 863 2808 Dei
887 2747 1240 2821 mandatum,
1271 2747 1367 2805 cui
1393 2765 1558 2805 suam
1584 2746 1799 2807 debent
1830 2746 2129 2825 originem,
2174 2748 2451 2842 supponit
2484 2756 2679 2807 tamen
2717 2747 2849 2806 ad
2831 2768 2921 2805 m-

511 2836 606 2889 tra
629 2836 690 2889 et
717 2828 1076 2905 originaliter
1101 2792 1364 2886 Verbum
1393 2826 1507 2885 Dei
1545 2826 1849 2905 personale
1888 2834 2163 2919 tanquam
2194 2828 2543 2905 principium
2580 2830 2736 2905 quod
2772 2827 2921 2887 illud

511 2907 852 2968 mandatum
878 2907 1080 2967 debuit
1105 2907 1336 2999 exequi,
1365 2914 1432 2965 ut
1457 2924 1561 2983 per
1585 2905 1737 2965 illud
1762 2906 1956 2965 omnia
1964 2914 2267 3000 operatur,
2296 2916 2357 2967 et
2384 2908 2621 2967 secula
2604 2928 2733 2986 rpsa
2759 2907 2912 2983 fecit,

516 2986 751 3047 Ηο1).1.
802 2991 860 3047 2.
945 2986 1074 3061 Quo
1099 2985 1414 3063 respiciens
1443 2984 1656 3060 David,
1689 2985 1789 3045 Ps.
1832 2986 2043 3045 xxxiii.
2088 2989 2144 3063 6,
2199 2988 2379 3046 Verbo
2416 2989 2664 3065 Jehovoe,
2708 2986 2914 3064 inquit,

519 3067 665 3127 C'oelz'
671 3068 826 3142 sacti
845 3074 990 3143 sunt,
1021 3075 1078 3125 et
1099 3065 1320 3141 Spiritu
1345 3066 1462 3124 oris
1501 3068 1620 3142 ejus
1646 3066 1825 3124 omm's
1852 3066 2129 3125 aner-citus
2154 3086 2365 3125 eorum.
2451 3066 2571 3127 Ubi
2596 3067 2815 3127 mentio
2849 3066 2919 3126 fit

515 3146 790 3206 distincta
815 3146 992 3206 trium
1017 3146 1094 3203 ad
1121 3145 1482 3205 Greationem
1525 3145 2005 3221 concurrentium,
2048 3148 2297 3221 Jehovoe,
2339 3147 2508 3205 Verbi
2546 3154 2607 3206 et
2650 3148 2917 3224 Spiritum.

515 3225 778 3285 Verbum
807 3226 962 3286 enim
988 3224 1148 3285 aliud
1173 3242 1301 3284 esse
1328 3244 1446 3283 non
1472 3232 1667 3302 potest
1692 3225 1766 3283 ab
1793 3224 1897 3284 1110
1922 3245 2027 3304 per
2052 3225 2211 3302 quod
2227 3226 2272 3287 J
2272 3226 2529 3285 ohannes
2556 3225 2699 3287 dicit
2726 3228 2921 3286 omnia

513 3303 670 3365 facta
695 3304 890 3381 fuisse,
921 3324 971 3365 0.
999 3305 1040 3364 1.
1069 3307 1126 3364 3.
1211 3304 1268 3364 N
1269 3324 1336 3364 ec
1363 3304 1512 3364 81188
1543 3304 1793 3382 Spiritus
1820 3305 1895 3364 81)
1936 3324 2005 3365 eo
2044 3306 2147 3383 qui
2186 3305 2478 3365 ferebatur
2520 3325 2695 3384 super
2736 3326 2921 3383 aquas

513 3384 578 3445 in
601 3384 790 3463 prima
815 3384 1136 3446 Greatione.
1219 3384 1276 3443 N
1277 3404 1344 3444 ec
1381 3384 1431 3443 si
1461 3384 1617 3478 ,8111ιὶ
1660 3384 1910 3461 Spiritus
1934 3386 2051 3444 oris
2094 3385 2208 3445 Dei
2252 3385 2495 3445 verbum
2538 3387 2668 3463 ejus
2714 3384 2923 3445 efficax

515 3464 664 3527 solet
691 3465 1013 3544 designare,
1043 3473 1110 3525 ιιι
1137 3468 1174 3523 2
1203 3464 1406 3524 Thess.
1437 3463 1496 3523 ii.
1527 3466 1582 3539 8,
1613 3464 1712 3523 1110
1738 3464 1911 3524 etiam
1938 3464 2113 3525 debet
2139 3466 2343 3525 eodem
2370 3464 2543 3525 modo
2572 3465 2739 3543 sumi,
2786 3485 2921 3525 cum

515 3544 588 3604 de
616 3564 686 3605 eo
713 3554 834 3606 tam
859 3564 1135 3624 expressa
1154 3545 1370 3605 mentio
1397 3544 1460 3602 in
1485 3544 1675 3621 prima
1698 3550 1861 3621 parte
1888 3564 2093 3605 versus
2120 3545 2273 3604 facta
2298 3545 2489 3604 fuerit.

513 3658 560 3704 Ξ.
599 3656 678 3705 Ex
706 3660 934 3707 liioberat
885 3675 996 3708 ono
1119 3624 1240 3683 IX.
1304 3623 1589 3699 Secundo,
1617 3624 1775 3683 idem
1819 3623 2096 3701 probatur
2134 3644 2210 3685 08
2248 3626 2607 3685 Liber-atione
2632 3625 2846 3702 Populi
2880 3644 2925 3683 a

571 3720 854 3837 8188
847 3720 1000 3823 22:222
1035 3669 1685 3845 38818888
1716 3702 2617 3861 138888888ιῇ
2640 3704 2923 3843 sei-fa

513 3870 880 3937 agnoverunt
906 3870 966 3922 et
991 3863 1309 3939 coluerunt,
1339 3862 1441 3939 qui
1483 3863 1779 3921 Isra'e’litas
1807 3881 1885 3920 08
1924 3863 2009 3921 AE
2132 3872 2193 3923 ιο
2232 3863 2454 3939 eduxit,
2483 3883 2589 3941 per
2630 3862 2920 3922 desertum

513 3939 775 4015 deduxit,
805 3948 866 4001 et
889 3940 1168 4001 tandem
1151 3962 1212 4000 ιιι
1237 3950 1452 4001 terram
1475 3942 1818 4019 promissam
1844 3884 2153 4001 ’ἱιιιι-οὲγΡ
2052 3944 2195 4017 uxit,
2226 3944 2363 4020 quia
2394 3962 2512 4003 non
2539 3943 2689 4002 alius
2714 3950 2923 4019 praeter

515 4019 708 4079 Deum
733 4026 961 4079 tantum
1003 4040 1149 4097 opus
1190 4021 1383 4097 potuit
1421 4020 1649 4097 exequi,
1679 4028 1747 4079 ut
1788 4020 1913 4098 ipse
1952 4022 2015 4080 in
2054 4022 2389 4100 praefiatione
2431 4023 2609 4116 Legis
2636 4030 2918 4097 testatur;

513 4100 648 4174 qu
673 4099 953 4158 Dominus
979 4102 1139 4158 Deus
1167 4108 1292 4159 tuus
1319 4100 1418 4177 qui
1442 4100 1618 4159 edu-vi
1654 4110 1706 4157 te
1732 4120 1807 4158 a·
1847 4109 2007 4159 terra
2030 4104 2286 4179 Egypti,
2318 4110 2377 4161 et
2418 4102 2629 4178 saepius
2656 4102 2766 4159 hoc
2808 4066 2920 4159 811)1

513 4178 625 4239 soli
652 4178 928 4255 vindicat,
960 4178 1150 4237 Exod.
1179 4179 1262 4237 iii.
1293 4180 1348 4253 8,
1382 4179 1558 4238 1)08ι.
1585 4178 1795 4237 888111.
1826 4182 1923 4240 29.
1987 4181 2073 4241 Αι
2093 4181 2305 4241 Tribus
2325 4181 2626 4240 Trinitatis
2649 4178 2921 4239 Personis

515 4257 693 4334 Patri,
727 4258 895 4334 Filio,
927 4266 986 4319 et
1034 4257 1276 4335 Spiritui
1321 4224 1380 4317 S.
1409 4258 1522 4317 hoc
1568 4277 1715 4335 opus
1762 4258 2052 4319 tribuitur.
2152 4263 2245 4321 1)0
2288 4262 2459 4320 Patre
2506 4279 2626 4319 ιιοιι
2652 4259 2923 4318 dubitant

513 4337 895 4414 Adversarii3
937 4338 1012 4397 de
1041 4338 1194 4397 Filio
1220 4338 1468 4417 probant
1491 4338 1622 4397 1008
1654 4340 1971 4416 sequentia,
2002 4340 2194 4399 Exod.
2236 4341 2318 4399 111.
2348 4346 2404 4417 2,
2434 4348 2495 4400 et
2522 4339 2689 4398 88111.
2718 4340 2816 4416 20,
2860 4344 2921 4397 οι

512 4418 704 4478 xxxii.
733 4420 829 4494 34,
861 4418 922 4477 in
962 4418 1175 4496 quibus
1199 4420 1416 4495 Anyelo
1443 4419 1677 4478 Jehovae
1694 4418 2050 4513 adscribitur
2088 4420 2200 4479 hoc
2240 4440 2403 4499 opus,
2433 4439 2607 4498 quem
2634 4438 2753 4479 non
2792 4438 2920 4479 esse

513 4497 814 4577 Angelum
857 4506 1129 4574 creatum,
1173 4498 1278 4558 sed
1321 4498 1648 4560 Increatum
1690 4498 1881 4577 ipsum
1924 4499 2039 4559 Dei
2081 4500 2314 4577 Filium,
2344 4500 2447 4579 qui
2472 4521 2510 4561 a
2538 4500 2666 4559 Deo
2692 4499 2771 4559 ad
2808 4499 2921 4557 hoc

513 4598 660 4657 opus
687 4578 1039 4657 mittebatur,
1063 4587 1124 4641 et
1149 4598 1212 4639 se
1231 4579 1445 4658 saepius
1462 4580 1570 4639 sub
1598 4582 1709 4639 hoc
1738 4579 2005 4658 symbolo
2036 4546 2314 4640 Patribus,
2332 4580 2698 4659 patefecerat,
2730 4587 2919 4638 osten-
