<?xml version="1.0" encoding="UTF-8"?>
<!DOCTYPE html PUBLIC "-//W3C//DTD XHTML 1.0 Transitional//EN"
    "http://www.w3.org/TR/xhtml1/DTD/xhtml1-transitional.dtd">
<html xmlns="http://www.w3.org/1999/xhtml" xml:lang="en" lang="en">
 <head>
  <title>
</title>
<meta http-equiv="Content-Type" content="text/html;charset=utf-8" />
  <meta name='ocr-system' content='tesseract 3.04.00' />
  <meta name='ocr-capabilities' content='ocr_page ocr_carea ocr_par ocr_line ocrx_word'/>
</head>
<body>
  <div class='ocr_page' id='page_1' title='image "./institutiotheol00turrgoog_0437.png"; bbox 0 0 3300 5225; ppageno 0'>
   <div class='ocr_carea' id='block_1_1' title="bbox 632 953 2613 1063">
    <p class='ocr_par' dir='ltr' id='par_1_1' title="bbox 632 953 2613 1063">
     <span class='ocr_line' id='line_1_1' title="bbox 632 953 2613 1063; baseline 0.001 -16"><span class='ocrx_word' id='word_1_1' title='bbox 632 954 997 1051; x_wconf 87' lang='lat' dir='ltr'><strong>LOCUS</strong></span> <span class='ocrx_word' id='word_1_2' title='bbox 1064 953 1850 1063; x_wconf 87' lang='lat' dir='ltr'><strong>QUINTUS.-DE</strong></span> <span class='ocrx_word' id='word_1_3' title='bbox 1919 954 2613 1051; x_wconf 86' lang='lat' dir='ltr'><strong>CREATIONE.</strong></span> 
     </span>
    </p>
   </div>
   <div class='ocr_carea' id='block_1_2' title="bbox 1330 1226 1870 1237">
    <p class='ocr_par' dir='ltr' id='par_1_2' title="bbox 1330 1226 1870 1237">
     <span class='ocr_line' id='line_1_2' title="bbox 1330 1226 1870 1237; baseline 0.007 -4"><span class='ocrx_word' id='word_1_4' title='bbox 1330 1226 1870 1237; x_wconf 73' lang='lat'><em>.-—----—-—-—.—-.—</em></span> 
     </span>
    </p>
   </div>
   <div class='ocr_carea' id='block_1_3' title="bbox 1250 1410 1974 1639">
    <p class='ocr_par' dir='ltr' id='par_1_3' title="bbox 1250 1410 1974 1639">
     <span class='ocr_line' id='line_1_3' title="bbox 1250 1410 1974 1487; baseline -0.003 -14"><span class='ocrx_word' id='word_1_5' title='bbox 1250 1410 1637 1487; x_wconf 80' lang='lat' dir='ltr'><strong>QUAEs&#39;mo</strong></span> <span class='ocrx_word' id='word_1_6' title='bbox 1683 1412 1974 1471; x_wconf 78' lang='lat' dir='ltr'><strong>PRIMA.</strong></span> 
     </span>
     <span class='ocr_line' id='line_1_4' title="bbox 1336 1571 1898 1639; baseline 0.004 -10"><span class='ocrx_word' id='word_1_7' title='bbox 1336 1572 1496 1639; x_wconf 77' lang='lat' dir='ltr'><strong>Quid</strong></span> <span class='ocrx_word' id='word_1_8' title='bbox 1517 1571 1591 1630; x_wconf 67' lang='lat' dir='ltr'><strong>sit</strong></span> <span class='ocrx_word' id='word_1_9' title='bbox 1618 1572 1848 1632; x_wconf 69' lang='lat' dir='ltr'><strong>creatio</strong></span> <span class='ocrx_word' id='word_1_10' title='bbox 1869 1574 1898 1631; x_wconf 71' lang='grc' dir='ltr'><strong>,τ</strong></span> 
     </span>
    </p>
   </div>
   <div class='ocr_carea' id='block_1_4' title="bbox 386 1730 2896 4705">
    <p class='ocr_par' dir='ltr' id='par_1_4' title="bbox 386 1730 2896 4705">
     <span class='ocr_line' id='line_1_5' title="bbox 692 1730 2812 1811; baseline 0.002 -22"><span class='ocrx_word' id='word_1_11' title='bbox 692 1795 704 1807; x_wconf 56' lang='lat'><strong>,</strong></span> <span class='ocrx_word' id='word_1_12' title='bbox 1008 1731 1057 1791; x_wconf 88' lang='grc' dir='ltr'><strong>Ι.</strong></span> <span class='ocrx_word' id='word_1_13' title='bbox 1103 1732 1406 1791; x_wconf 76' lang='lat' dir='ltr'><strong>Hactenus</strong></span> <span class='ocrx_word' id='word_1_14' title='bbox 1454 1730 1527 1791; x_wconf 90' lang='lat' dir='ltr'><strong>de</strong></span> <span class='ocrx_word' id='word_1_15' title='bbox 1568 1731 1891 1792; x_wconf 70' lang='lat' dir='ltr'><strong>Actiom&#39;bue</strong></span> <span class='ocrx_word' id='word_1_16' title='bbox 1917 1733 2036 1791; x_wconf 80' lang='lat' dir='ltr'><strong>Dei</strong></span> <span class='ocrx_word' id='word_1_17' title='bbox 2071 1732 2492 1791; x_wconf 69' lang='lat' dir='ltr'><strong>immanena&#39;bm</strong></span> <span class='ocrx_word' id='word_1_18' title='bbox 2519 1735 2604 1791; x_wconf 87' lang='lat' dir='ltr'><strong>ad</strong></span> <span class='ocrx_word' id='word_1_19' title='bbox 2626 1743 2812 1811; x_wconf 72' lang='lat' dir='ltr'><strong>extra,</strong></span> 
     </span>
     <span class='ocr_line' id='line_1_6' title="bbox 434 1794 2816 1889; baseline 0.001 -18"><span class='ocrx_word' id='word_1_20' title='bbox 434 1797 595 1857; x_wconf 64' lang='lat'><strong>⁰9⁶¹*</strong></span> <span class='ocrx_word' id='word_1_21' title='bbox 614 1794 707 1841; x_wconf 56' lang='grc' dir='ltr'><strong>θ’*</strong></span> <span class='ocrx_word' id='word_1_22' title='bbox 728 1796 843 1839; x_wconf 61' lang='lat'><em>&#39;¹²¹¹‘</em></span> <span class='ocrx_word' id='word_1_23' title='bbox 921 1830 1051 1889; x_wconf 76' lang='lat' dir='ltr'><strong>quae</strong></span> <span class='ocrx_word' id='word_1_24' title='bbox 1078 1812 1259 1888; x_wconf 82' lang='lat' dir='ltr'><strong>vulgo</strong></span> <span class='ocrx_word' id='word_1_25' title='bbox 1286 1814 1537 1871; x_wconf 77' lang='lat' dir='ltr'><strong><em>Decreta</em></strong></span> <span class='ocrx_word' id='word_1_26' title='bbox 1562 1810 1850 1889; x_wconf 90' lang='lat' dir='ltr'><strong>dicuntur,</strong></span> <span class='ocrx_word' id='word_1_27' title='bbox 1881 1820 2090 1872; x_wconf 75' lang='lat' dir='ltr'><strong>aemm-</strong></span> <span class='ocrx_word' id='word_1_28' title='bbox 2175 1811 2346 1871; x_wconf 88' lang='lat' dir='ltr'><strong>Nunc</strong></span> <span class='ocrx_word' id='word_1_29' title='bbox 2373 1812 2447 1872; x_wconf 89' lang='lat' dir='ltr'><strong>de</strong></span> <span class='ocrx_word' id='word_1_30' title='bbox 2493 1814 2816 1873; x_wconf 73' lang='lat' dir='ltr'><strong>Actionibus</strong></span> 
     </span>
     <span class='ocr_line' id='line_1_7' title="bbox 402 1890 2814 1970; baseline -0.002 -13"><span class='ocrx_word' id='word_1_31' title='bbox 402 1895 809 1957; x_wconf 64' lang='lat' dir='ltr'><strong>transeuntibus</strong></span> <span class='ocrx_word' id='word_1_32' title='bbox 836 1900 895 1952; x_wconf 87' lang='lat' dir='ltr'><strong>et</strong></span> <span class='ocrx_word' id='word_1_33' title='bbox 922 1891 1167 1951; x_wconf 63' lang='lat' dir='ltr'><strong>exter-mle</strong></span> <span class='ocrx_word' id='word_1_34' title='bbox 1194 1890 1519 1967; x_wconf 87' lang='lat' dir='ltr'><strong>dicendum,</strong></span> <span class='ocrx_word' id='word_1_35' title='bbox 1564 1911 1696 1969; x_wconf 80' lang='lat' dir='ltr'><strong>quse</strong></span> <span class='ocrx_word' id='word_1_36' title='bbox 1731 1894 1925 1970; x_wconf 83' lang='lat' dir='ltr'><strong>Opera</strong></span> <span class='ocrx_word' id='word_1_37' title='bbox 1950 1893 2071 1951; x_wconf 76' lang='lat' dir='ltr'><strong>Dei</strong></span> <span class='ocrx_word' id='word_1_38' title='bbox 2092 1901 2390 1969; x_wconf 84' lang='lat' dir='ltr'><strong>vocantur,</strong></span> <span class='ocrx_word' id='word_1_39' title='bbox 2436 1893 2648 1970; x_wconf 88' lang='lat' dir='ltr'><strong>quibus</strong></span> <span class='ocrx_word' id='word_1_40' title='bbox 2698 1894 2814 1953; x_wconf 90' lang='lat' dir='ltr'><strong>De—</strong></span> 
     </span>
     <span class='ocr_line' id='line_1_8' title="bbox 402 1971 2820 2052; baseline -0.001 -15"><span class='ocrx_word' id='word_1_41' title='bbox 402 1986 688 2037; x_wconf 87' lang='lat' dir='ltr'><strong>cretorum</strong></span> <span class='ocrx_word' id='word_1_42' title='bbox 716 1992 949 2035; x_wconf 88' lang='lat' dir='ltr'><strong>suorum</strong></span> <span class='ocrx_word' id='word_1_43' title='bbox 978 1971 1379 2031; x_wconf 80' lang='lat' dir='ltr'><strong>executionem</strong></span> <span class='ocrx_word' id='word_1_44' title='bbox 1407 1980 1573 2031; x_wconf 85' lang='lat' dir='ltr'><strong>extra</strong></span> <span class='ocrx_word' id='word_1_45' title='bbox 1600 1992 1664 2031; x_wconf 90' lang='lat' dir='ltr'><strong>se</strong></span> <span class='ocrx_word' id='word_1_46' title='bbox 1691 1973 1943 2032; x_wconf 89' lang='lat' dir='ltr'><strong>molitur.</strong></span> <span class='ocrx_word' id='word_1_47' title='bbox 2027 1972 2177 2047; x_wconf 88' lang='lat' dir='ltr'><strong>Quia</strong></span> <span class='ocrx_word' id='word_1_48' title='bbox 2202 1992 2342 2032; x_wconf 86' lang='lat' dir='ltr'><strong>vero</strong></span> <span class='ocrx_word' id='word_1_49' title='bbox 2369 1972 2484 2032; x_wconf 84' lang='lat' dir='ltr'><strong>alia</strong></span> <span class='ocrx_word' id='word_1_50' title='bbox 2511 1974 2820 2052; x_wconf 80' lang='lat' dir='ltr'><strong>exequitur</strong></span> 
     </span>
     <span class='ocr_line' id='line_1_9' title="bbox 402 2052 2818 2146; baseline -0.001 -29"><span class='ocrx_word' id='word_1_51' title='bbox 402 2057 731 2135; x_wconf 77' lang='lat' dir='ltr'><strong>operatione</strong></span> <span class='ocrx_word' id='word_1_52' title='bbox 768 2052 1027 2133; x_wconf 85' lang='lat' dir='ltr'><strong>generali</strong></span> <span class='ocrx_word' id='word_1_53' title='bbox 1052 2060 1111 2145; x_wconf 78' lang='lat' dir='ltr'><strong>et</strong></span> <span class='ocrx_word' id='word_1_54' title='bbox 1138 2052 1427 2145; x_wconf 73' lang='lat' dir='ltr'><strong>communi</strong></span> <span class='ocrx_word' id='word_1_55' title='bbox 1454 2052 1515 2109; x_wconf 89' lang='lat' dir='ltr'><strong>in</strong></span> <span class='ocrx_word' id='word_1_56' title='bbox 1547 2060 1770 2145; x_wconf 77' lang='lat' dir='ltr'><strong>natura,</strong></span> <span class='ocrx_word' id='word_1_57' title='bbox 1815 2052 1930 2111; x_wconf 82' lang='lat' dir='ltr'><strong>alia</strong></span> <span class='ocrx_word' id='word_1_58' title='bbox 1955 2072 2095 2144; x_wconf 70' lang='lat' dir='ltr'><strong>vero</strong></span> <span class='ocrx_word' id='word_1_59' title='bbox 2132 2053 2358 2146; x_wconf 75' lang='lat' dir='ltr'><strong>actione</strong></span> <span class='ocrx_word' id='word_1_60' title='bbox 2385 2053 2718 2129; x_wconf 74' lang='lat' dir='ltr'><strong>particulari</strong></span> <span class='ocrx_word' id='word_1_61' title='bbox 2757 2062 2818 2115; x_wconf 89' lang='lat' dir='ltr'><strong>et</strong></span> 
     </span>
     <span class='ocr_line' id='line_1_10' title="bbox 402 2131 2814 2289; baseline 0.001 -18"><span class='ocrx_word' id='word_1_62' title='bbox 402 2196 602 2243; x_wconf 63' lang='lat' dir='ltr'><strong>Natur-</strong></span> <span class='ocrx_word' id='word_1_63' title='bbox 620 2194 879 2243; x_wconf 60' lang='lat' dir='ltr'><strong>ommi·-</strong></span> <span class='ocrx_word' id='word_1_64' title='bbox 920 2131 2290 2274; x_wconf 37' lang='lat' dir='ltr'><strong>&amp;Ensstfflffifflffimffffidffiffimiffi‘</strong></span> <span class='ocrx_word' id='word_1_65' title='bbox 2319 2134 2638 2289; x_wconf 56' lang='grc' dir='ltr'><strong>«ἰὲοὲρὲἔα</strong></span> <span class='ocrx_word' id='word_1_66' title='bbox 2649 2136 2814 2274; x_wconf 59' lang='grc' dir='ltr'><strong>οἴὲἑ</strong></span> 
     </span>
     <span class='ocr_line' id='line_1_11' title="bbox 400 2256 2816 2373; baseline -0.001 -17"><span class='ocrx_word' id='word_1_67' title='bbox 400 2305 607 2356; x_wconf 86' lang='lat' dir='ltr'><strong>natura</strong></span> <span class='ocrx_word' id='word_1_68' title='bbox 634 2302 915 2373; x_wconf 82' lang='lat' dir='ltr'><strong>operetur,</strong></span> <span class='ocrx_word' id='word_1_69' title='bbox 946 2258 1231 2369; x_wconf 70' lang='lat' dir='ltr'><strong>siquidem</strong></span> <span class='ocrx_word' id='word_1_70' title='bbox 1272 2300 1440 2353; x_wconf 86' lang='lat' dir='ltr'><strong>extra</strong></span> <span class='ocrx_word' id='word_1_71' title='bbox 1480 2312 1541 2351; x_wconf 88' lang='lat' dir='ltr'><strong>se</strong></span> <span class='ocrx_word' id='word_1_72' title='bbox 1582 2311 1702 2350; x_wconf 92' lang='lat' dir='ltr'><strong>non</strong></span> <span class='ocrx_word' id='word_1_73' title='bbox 1728 2300 1946 2351; x_wconf 72' lang='lat' dir='ltr'><strong>naturae</strong></span> <span class='ocrx_word' id='word_1_74' title='bbox 1974 2256 2334 2366; x_wconf 61' lang='lat' dir='ltr'><strong>necessitate,</strong></span> <span class='ocrx_word' id='word_1_75' title='bbox 2366 2291 2470 2351; x_wconf 84' lang='lat' dir='ltr'><strong>sed</strong></span> <span class='ocrx_word' id='word_1_76' title='bbox 2496 2292 2816 2353; x_wconf 82' lang='lat' dir='ltr'><strong>voluntatis</strong></span> 
     </span>
     <span class='ocr_line' id='line_1_12' title="bbox 401 2371 2810 2451; baseline -0.002 -15"><span class='ocrx_word' id='word_1_77' title='bbox 401 2396 521 2437; x_wconf 78' lang='lat' dir='ltr'><strong>suae</strong></span> <span class='ocrx_word' id='word_1_78' title='bbox 564 2376 829 2435; x_wconf 86' lang='lat' dir='ltr'><strong>libertate</strong></span> <span class='ocrx_word' id='word_1_79' title='bbox 856 2371 995 2451; x_wconf 85' lang='lat' dir='ltr'><strong>agit,</strong></span> <span class='ocrx_word' id='word_1_80' title='bbox 1028 2372 1126 2431; x_wconf 82' lang='lat' dir='ltr'><strong>Ps.</strong></span> <span class='ocrx_word' id='word_1_81' title='bbox 1156 2392 1290 2433; x_wconf 81' lang='lat' dir='ltr'><strong>cxv.</strong></span> <span class='ocrx_word' id='word_1_82' title='bbox 1322 2374 1393 2449; x_wconf 80' lang='lat'><strong>33</strong></span> <span class='ocrx_word' id='word_1_83' title='bbox 1440 2372 1591 2450; x_wconf 90' lang='lat' dir='ltr'><strong>Eph.</strong></span> <span class='ocrx_word' id='word_1_84' title='bbox 1620 2372 1659 2429; x_wconf 90' lang='lat' dir='ltr'><strong>i.</strong></span> <span class='ocrx_word' id='word_1_85' title='bbox 1689 2375 1717 2429; x_wconf 93' lang='lat'>1</span> <span class='ocrx_word' id='word_1_86' title='bbox 1730 2376 1758 2430; x_wconf 93' lang='lat'>1</span> <span class='ocrx_word' id='word_1_87' title='bbox 1786 2394 1802 2449; x_wconf 89' lang='lat'>;</span> <span class='ocrx_word' id='word_1_88' title='bbox 1849 2371 1966 2431; x_wconf 86' lang='lat' dir='ltr'><strong>Sed</strong></span> <span class='ocrx_word' id='word_1_89' title='bbox 1994 2371 2130 2449; x_wconf 89' lang='lat' dir='ltr'><strong>quia</strong></span> <span class='ocrx_word' id='word_1_90' title='bbox 2156 2371 2232 2430; x_wconf 88' lang='lat' dir='ltr'><strong>ad</strong></span> <span class='ocrx_word' id='word_1_91' title='bbox 2275 2390 2474 2430; x_wconf 87' lang='lat' dir='ltr'><strong>omnes</strong></span> <span class='ocrx_word' id='word_1_92' title='bbox 2502 2382 2810 2449; x_wconf 85' lang='lat' dir='ltr'><strong>creaturas,</strong></span> 
     </span>
     <span class='ocr_line' id='line_1_13' title="bbox 400 2450 2810 2530; baseline -0.002 -13"><span class='ocrx_word' id='word_1_93' title='bbox 400 2466 459 2517; x_wconf 86' lang='lat' dir='ltr'><strong>et</strong></span> <span class='ocrx_word' id='word_1_94' title='bbox 486 2476 683 2516; x_wconf 88' lang='lat' dir='ltr'><strong>earum</strong></span> <span class='ocrx_word' id='word_1_95' title='bbox 709 2455 854 2514; x_wconf 89' lang='lat' dir='ltr'><strong>fines</strong></span> <span class='ocrx_word' id='word_1_96' title='bbox 880 2454 1171 2513; x_wconf 73' lang='lat' dir='ltr'><strong>naturales</strong></span> <span class='ocrx_word' id='word_1_97' title='bbox 1198 2452 1503 2530; x_wconf 86' lang='lat' dir='ltr'><strong>pertinent,</strong></span> <span class='ocrx_word' id='word_1_98' title='bbox 1534 2472 1668 2511; x_wconf 89' lang='lat' dir='ltr'><strong>cum</strong></span> <span class='ocrx_word' id='word_1_99' title='bbox 1702 2454 1894 2529; x_wconf 79' lang='lat' dir='ltr'><strong>Opera</strong></span> <span class='ocrx_word' id='word_1_100' title='bbox 1928 2452 2150 2513; x_wconf 73' lang='lat' dir='ltr'><strong>Gratiae</strong></span> <span class='ocrx_word' id='word_1_101' title='bbox 2176 2450 2252 2509; x_wconf 84' lang='lat' dir='ltr'><strong>ad</strong></span> <span class='ocrx_word' id='word_1_102' title='bbox 2275 2452 2540 2511; x_wconf 88' lang='lat' dir='ltr'><strong>homines</strong></span> <span class='ocrx_word' id='word_1_103' title='bbox 2567 2460 2810 2530; x_wconf 85' lang='lat' dir='ltr'><strong>tantum,</strong></span> 
     </span>
     <span class='ocr_line' id='line_1_14' title="bbox 399 2533 1709 2612; baseline -0.005 -15"><span class='ocrx_word' id='word_1_104' title='bbox 399 2545 459 2597; x_wconf 90' lang='lat' dir='ltr'><strong>et</strong></span> <span class='ocrx_word' id='word_1_105' title='bbox 486 2556 683 2596; x_wconf 88' lang='lat' dir='ltr'><strong>eorum</strong></span> <span class='ocrx_word' id='word_1_106' title='bbox 710 2536 884 2594; x_wconf 88' lang='lat' dir='ltr'><strong>finem</strong></span> <span class='ocrx_word' id='word_1_107' title='bbox 912 2533 1403 2612; x_wconf 79' lang='lat' dir='ltr'><strong>supernaturalem</strong></span> <span class='ocrx_word' id='word_1_108' title='bbox 1432 2540 1709 2610; x_wconf 81' lang='lat' dir='ltr'><strong>spectent.</strong></span> 
     </span>
     <span class='ocr_line' id='line_1_15' title="bbox 1006 2610 2810 2692; baseline 0.001 -20"><span class='ocrx_word' id='word_1_109' title='bbox 1006 2613 1091 2674; x_wconf 88' lang='lat'><strong>11.</strong></span> <span class='ocrx_word' id='word_1_110' title='bbox 1143 2615 1336 2690; x_wconf 80' lang='lat' dir='ltr'><strong>Opera</strong></span> <span class='ocrx_word' id='word_1_111' title='bbox 1355 2615 1603 2674; x_wconf 78' lang='lat' dir='ltr'><strong>Naturoe</strong></span> <span class='ocrx_word' id='word_1_112' title='bbox 1621 2614 1830 2672; x_wconf 87' lang='lat' dir='ltr'><strong>iterum</strong></span> <span class='ocrx_word' id='word_1_113' title='bbox 1847 2613 2103 2692; x_wconf 83' lang='lat' dir='ltr'><strong>duplicia</strong></span> <span class='ocrx_word' id='word_1_114' title='bbox 2129 2621 2280 2688; x_wconf 88' lang='lat' dir='ltr'><strong>sunt,</strong></span> <span class='ocrx_word' id='word_1_115' title='bbox 2312 2610 2454 2671; x_wconf 87' lang='lat' dir='ltr'><strong>Alia</strong></span> <span class='ocrx_word' id='word_1_116' title='bbox 2477 2612 2810 2692; x_wconf 57' lang='lat' dir='ltr'><strong>C&#39;reatiomls,</strong></span> 
     </span>
     <span class='ocr_line' id='line_1_16' title="bbox 460 2657 2810 2772; baseline -0.003 -11"><span class='ocrx_word' id='word_1_117' title='bbox 460 2657 825 2761; x_wconf 46' lang='lat' dir='ltr'><strong>opozxtur.</strong></span> <span class='ocrx_word' id='word_1_118' title='bbox 923 2714 1053 2772; x_wconf 77' lang='lat' dir='ltr'><strong>quae</strong></span> <span class='ocrx_word' id='word_1_119' title='bbox 1084 2695 1247 2754; x_wconf 89' lang='lat' dir='ltr'><strong>Deus</strong></span> <span class='ocrx_word' id='word_1_120' title='bbox 1272 2695 1459 2772; x_wconf 88' lang='lat' dir='ltr'><strong>prima</strong></span> <span class='ocrx_word' id='word_1_121' title='bbox 1500 2694 1790 2753; x_wconf 88' lang='lat' dir='ltr'><strong>creatione</strong></span> <span class='ocrx_word' id='word_1_122' title='bbox 1816 2693 2126 2772; x_wconf 80' lang='lat' dir='ltr'><strong>produxit3</strong></span> <span class='ocrx_word' id='word_1_123' title='bbox 2172 2693 2313 2752; x_wconf 88' lang='lat' dir='ltr'><strong>Alia</strong></span> <span class='ocrx_word' id='word_1_124' title='bbox 2342 2694 2810 2772; x_wconf 74' lang='lat' dir='ltr'><strong>Comervationie,</strong></span> 
     </span>
     <span class='ocr_line' id='line_1_17' title="bbox 428 2771 2810 2853; baseline -0 -18"><span class='ocrx_word' id='word_1_125' title='bbox 428 2774 627 2822; x_wconf 59' lang='lat' dir='ltr'><strong>ercutio</strong></span> <span class='ocrx_word' id='word_1_126' title='bbox 655 2779 713 2846; x_wconf 76' lang='lat'><strong>0¹²,</strong></span> <span class='ocrx_word' id='word_1_127' title='bbox 728 2771 854 2820; x_wconf 78' lang='lat'>00¹¹·</span> <span class='ocrx_word' id='word_1_128' title='bbox 923 2783 983 2835; x_wconf 87' lang='lat' dir='ltr'><strong>et</strong></span> <span class='ocrx_word' id='word_1_129' title='bbox 1008 2775 1401 2851; x_wconf 66' lang='lat' dir='ltr'><strong>Rovt‘dentiae,</strong></span> <span class='ocrx_word' id='word_1_130' title='bbox 1433 2774 1645 2853; x_wconf 90' lang='lat' dir='ltr'><strong>quibus</strong></span> <span class='ocrx_word' id='word_1_131' title='bbox 1673 2793 1767 2834; x_wconf 89' lang='lat' dir='ltr'><strong>res</strong></span> <span class='ocrx_word' id='word_1_132' title='bbox 1794 2783 2000 2834; x_wconf 76' lang='lat' dir='ltr'><strong>creatoe</strong></span> <span class='ocrx_word' id='word_1_133' title='bbox 2027 2774 2088 2832; x_wconf 92' lang='lat' dir='ltr'><strong>in</strong></span> <span class='ocrx_word' id='word_1_134' title='bbox 2135 2793 2264 2834; x_wconf 84' lang='lat' dir='ltr'><strong>esse</strong></span> <span class='ocrx_word' id='word_1_135' title='bbox 2313 2793 2420 2833; x_wconf 88' lang='lat' dir='ltr'><strong>suo</strong></span> <span class='ocrx_word' id='word_1_136' title='bbox 2465 2795 2810 2834; x_wconf 86' lang='lat' dir='ltr'><strong>conservan-</strong></span> 
     </span>
     <span class='ocr_line' id='line_1_18' title="bbox 534 2838 2676 2932; baseline 0.001 -18"><span class='ocrx_word' id='word_1_137' title='bbox 534 2838 763 2880; x_wconf 68' lang='lat' dir='ltr'><strong>sorvatno.</strong></span> <span class='ocrx_word' id='word_1_138' title='bbox 920 2863 1017 2914; x_wconf 89' lang='lat' dir='ltr'><strong>tur</strong></span> <span class='ocrx_word' id='word_1_139' title='bbox 1042 2861 1103 2914; x_wconf 89' lang='lat' dir='ltr'><strong>et</strong></span> <span class='ocrx_word' id='word_1_140' title='bbox 1126 2855 1189 2913; x_wconf 93' lang='lat' dir='ltr'><strong>in</strong></span> <span class='ocrx_word' id='word_1_141' title='bbox 1216 2853 1646 2932; x_wconf 77' lang='lat' dir='ltr'><strong>operationibus</strong></span> <span class='ocrx_word' id='word_1_142' title='bbox 1675 2853 1796 2914; x_wconf 86' lang='lat' dir='ltr'><strong>suis</strong></span> <span class='ocrx_word' id='word_1_143' title='bbox 1823 2854 2219 2931; x_wconf 86' lang='lat' dir='ltr'><strong>gubernantur</strong></span> <span class='ocrx_word' id='word_1_144' title='bbox 2245 2862 2304 2913; x_wconf 88' lang='lat' dir='ltr'><strong>et</strong></span> <span class='ocrx_word' id='word_1_145' title='bbox 2331 2853 2676 2932; x_wconf 84' lang='lat' dir='ltr'><strong>diriguntur.</strong></span> 
     </span>
     <span class='ocr_line' id='line_1_19' title="bbox 478 2933 2814 3012; baseline 0.001 -20"><span class='ocrx_word' id='word_1_146' title='bbox 478 2933 601 2992; x_wconf 91' lang='grc' dir='ltr'><strong>ΙΙΙ.</strong></span> <span class='ocrx_word' id='word_1_147' title='bbox 647 2934 905 2994; x_wconf 85' lang='lat' dir='ltr'><strong>Primum</strong></span> <span class='ocrx_word' id='word_1_148' title='bbox 948 2955 1095 3012; x_wconf 84' lang='lat' dir='ltr'><strong>opus</strong></span> <span class='ocrx_word' id='word_1_149' title='bbox 1136 2943 1358 2994; x_wconf 81' lang='lat' dir='ltr'><strong>naturae</strong></span> <span class='ocrx_word' id='word_1_150' title='bbox 1406 2943 1497 2996; x_wconf 88' lang='lat' dir='ltr'><strong>est</strong></span> <span class='ocrx_word' id='word_1_151' title='bbox 1542 2934 1790 3010; x_wconf 75' lang='lat' dir='ltr'><strong>Creatt&#39;O,</strong></span> <span class='ocrx_word' id='word_1_152' title='bbox 1837 2954 1954 3012; x_wconf 84' lang='lat' dir='ltr'><strong>qua</strong></span> <span class='ocrx_word' id='word_1_153' title='bbox 1995 2943 2182 2994; x_wconf 89' lang='lat' dir='ltr'><strong>totum</strong></span> <span class='ocrx_word' id='word_1_154' title='bbox 2206 2935 2362 2994; x_wconf 90' lang='lat' dir='ltr'><strong>hunc</strong></span> <span class='ocrx_word' id='word_1_155' title='bbox 2391 2934 2695 3010; x_wconf 89' lang='lat' dir='ltr'><strong>Mundum,</strong></span> <span class='ocrx_word' id='word_1_156' title='bbox 2753 2943 2814 2996; x_wconf 89' lang='lat' dir='ltr'><strong>et</strong></span> 
     </span>
     <span class='ocr_line' id='line_1_20' title="bbox 398 3014 2814 3094; baseline 0.001 -21"><span class='ocrx_word' id='word_1_157' title='bbox 398 3014 677 3092; x_wconf 89' lang='lat' dir='ltr'><strong>quicquid</strong></span> <span class='ocrx_word' id='word_1_158' title='bbox 703 3015 765 3072; x_wconf 91' lang='lat' dir='ltr'><strong>in</strong></span> <span class='ocrx_word' id='word_1_159' title='bbox 792 3035 863 3074; x_wconf 91' lang='lat' dir='ltr'><strong>eo</strong></span> <span class='ocrx_word' id='word_1_160' title='bbox 890 3025 996 3091; x_wconf 87' lang='lat' dir='ltr'><strong>est,</strong></span> <span class='ocrx_word' id='word_1_161' title='bbox 1022 3035 1099 3075; x_wconf 87' lang='lat' dir='ltr'><strong>ex</strong></span> <span class='ocrx_word' id='word_1_162' title='bbox 1113 3015 1297 3074; x_wconf 88' lang='lat' dir='ltr'><strong>nihilo</strong></span> <span class='ocrx_word' id='word_1_163' title='bbox 1314 3014 1509 3094; x_wconf 86' lang='lat' dir='ltr'><strong>quoad</strong></span> <span class='ocrx_word' id='word_1_164' title='bbox 1528 3023 1714 3074; x_wconf 90' lang='lat' dir='ltr'><strong>totum</strong></span> <span class='ocrx_word' id='word_1_165' title='bbox 1733 3033 1860 3074; x_wconf 88' lang='lat' dir='ltr'><strong>esse</strong></span> <span class='ocrx_word' id='word_1_166' title='bbox 1879 3035 2045 3074; x_wconf 87' lang='lat' dir='ltr'><strong>suum</strong></span> <span class='ocrx_word' id='word_1_167' title='bbox 2067 3014 2370 3092; x_wconf 79' lang='lat' dir='ltr'><strong>produxit3</strong></span> <span class='ocrx_word' id='word_1_168' title='bbox 2399 3014 2552 3074; x_wconf 90' lang='lat' dir='ltr'><strong>unde</strong></span> <span class='ocrx_word' id='word_1_169' title='bbox 2571 3024 2814 3075; x_wconf 86' lang='lat' dir='ltr'><strong>vocatur</strong></span> 
     </span>
     <span class='ocr_line' id='line_1_21' title="bbox 400 3094 2810 3174; baseline 0.001 -22"><span class='ocrx_word' id='word_1_170' title='bbox 400 3095 617 3154; x_wconf 77' lang='lat' dir='ltr'><strong>initium</strong></span> <span class='ocrx_word' id='word_1_171' title='bbox 643 3095 867 3154; x_wconf 79' lang='lat' dir='ltr'><strong>viarum</strong></span> <span class='ocrx_word' id='word_1_172' title='bbox 893 3096 1025 3171; x_wconf 79' lang='lat' dir='ltr'><strong>Dei,</strong></span> <span class='ocrx_word' id='word_1_173' title='bbox 1058 3095 1232 3155; x_wconf 82' lang='lat' dir='ltr'><strong>Prov.</strong></span> <span class='ocrx_word' id='word_1_174' title='bbox 1262 3096 1385 3156; x_wconf 83' lang='lat' dir='ltr'><strong>viii.</strong></span> <span class='ocrx_word' id='word_1_175' title='bbox 1416 3099 1512 3170; x_wconf 90' lang='grc'><strong>22,</strong></span> <span class='ocrx_word' id='word_1_176' title='bbox 1556 3095 1696 3172; x_wconf 85' lang='lat' dir='ltr'><strong>quia</strong></span> <span class='ocrx_word' id='word_1_177' title='bbox 1721 3115 1825 3173; x_wconf 89' lang='lat' dir='ltr'><strong>per</strong></span> <span class='ocrx_word' id='word_1_178' title='bbox 1851 3115 1978 3154; x_wconf 90' lang='lat' dir='ltr'><strong>eam</strong></span> <span class='ocrx_word' id='word_1_179' title='bbox 2007 3114 2082 3154; x_wconf 84' lang='lat' dir='ltr'><strong>ex</strong></span> <span class='ocrx_word' id='word_1_180' title='bbox 2110 3094 2308 3154; x_wconf 84' lang='lat' dir='ltr'><strong>abdito</strong></span> <span class='ocrx_word' id='word_1_181' title='bbox 2337 3103 2566 3154; x_wconf 80' lang='lat' dir='ltr'><strong>aeternse</strong></span> <span class='ocrx_word' id='word_1_182' title='bbox 2595 3095 2810 3174; x_wconf 86' lang='lat' dir='ltr'><strong>Majes-</strong></span> 
     </span>
     <span class='ocr_line' id='line_1_22' title="bbox 400 3175 2810 3253; baseline 0.001 -21"><span class='ocrx_word' id='word_1_183' title='bbox 400 3175 539 3233; x_wconf 87' lang='lat' dir='ltr'><strong>tatis</strong></span> <span class='ocrx_word' id='word_1_184' title='bbox 567 3194 687 3232; x_wconf 78' lang='lat' dir='ltr'><strong>suae</strong></span> <span class='ocrx_word' id='word_1_185' title='bbox 715 3175 963 3234; x_wconf 77' lang='lat' dir='ltr'><strong>sacrario</strong></span> <span class='ocrx_word' id='word_1_186' title='bbox 992 3195 1279 3253; x_wconf 86' lang='lat' dir='ltr'><strong>egressus,</strong></span> <span class='ocrx_word' id='word_1_187' title='bbox 1327 3195 1389 3235; x_wconf 89' lang='lat' dir='ltr'><strong>se</strong></span> <span class='ocrx_word' id='word_1_188' title='bbox 1432 3175 1509 3235; x_wconf 90' lang='lat' dir='ltr'><strong>ad</strong></span> <span class='ocrx_word' id='word_1_189' title='bbox 1534 3183 1704 3236; x_wconf 84' lang='lat' dir='ltr'><strong>extra</strong></span> <span class='ocrx_word' id='word_1_190' title='bbox 1729 3175 2168 3252; x_wconf 86' lang='lat' dir='ltr'><strong>communicare,</strong></span> <span class='ocrx_word' id='word_1_191' title='bbox 2199 3183 2259 3235; x_wconf 91' lang='lat' dir='ltr'><strong>et</strong></span> <span class='ocrx_word' id='word_1_192' title='bbox 2302 3175 2636 3236; x_wconf 83' lang='lat' dir='ltr'><strong>hominibus</strong></span> <span class='ocrx_word' id='word_1_193' title='bbox 2677 3197 2810 3236; x_wconf 90' lang='lat' dir='ltr'><strong>con-</strong></span> 
     </span>
     <span class='ocr_line' id='line_1_23' title="bbox 399 3252 1271 3333; baseline 0.002 -20"><span class='ocrx_word' id='word_1_194' title='bbox 399 3252 759 3332; x_wconf 88' lang='lat' dir='ltr'><strong>spiciendum</strong></span> <span class='ocrx_word' id='word_1_195' title='bbox 785 3254 1039 3333; x_wconf 79' lang='lat' dir='ltr'><strong>praebere</strong></span> <span class='ocrx_word' id='word_1_196' title='bbox 1066 3255 1271 3315; x_wconf 84' lang='lat' dir='ltr'><strong>voluit.</strong></span> 
     </span>
     <span class='ocr_line' id='line_1_24' title="bbox 582 3335 2811 3414; baseline 0.002 -22"><span class='ocrx_word' id='word_1_197' title='bbox 582 3399 595 3412; x_wconf 39' lang='grc' dir='ltr'><strong><em>ο</em></strong></span> <span class='ocrx_word' id='word_1_198' title='bbox 1002 3335 1113 3394; x_wconf 89' lang='lat' dir='ltr'><strong>IV.</strong></span> <span class='ocrx_word' id='word_1_199' title='bbox 1161 3335 1390 3396; x_wconf 74' lang='lat' dir='ltr'><strong>Creatio</strong></span> <span class='ocrx_word' id='word_1_200' title='bbox 1410 3355 1550 3395; x_wconf 87' lang='lat' dir='ltr'><strong>vero</strong></span> <span class='ocrx_word' id='word_1_201' title='bbox 1569 3336 1666 3394; x_wconf 91' lang='lat' dir='ltr'><strong>hic</strong></span> <span class='ocrx_word' id='word_1_202' title='bbox 1693 3355 1810 3395; x_wconf 91' lang='lat' dir='ltr'><strong>non</strong></span> <span class='ocrx_word' id='word_1_203' title='bbox 1839 3335 2085 3394; x_wconf 84' lang='lat' dir='ltr'><strong>sumitur</strong></span> <span class='ocrx_word' id='word_1_204' title='bbox 2111 3338 2223 3394; x_wconf 80' lang='lat' dir='ltr'><strong>late</strong></span> <span class='ocrx_word' id='word_1_205' title='bbox 2249 3343 2308 3395; x_wconf 92' lang='lat' dir='ltr'><strong>et</strong></span> <span class='ocrx_word' id='word_1_206' title='bbox 2335 3335 2643 3414; x_wconf 77' lang='lat' dir='ltr'><strong>improprie</strong></span> <span class='ocrx_word' id='word_1_207' title='bbox 2668 3357 2811 3414; x_wconf 89' lang='lat' dir='ltr'><strong>quo-</strong></span> 
     </span>
     <span class='ocr_line' id='line_1_25' title="bbox 429 3398 2809 3504; baseline 0.001 -30"><span class='ocrx_word' id='word_1_208' title='bbox 429 3398 725 3504; x_wconf 41' lang='lat' dir='ltr'><strong>Cranno-{01</strong></span> <span class='ocrx_word' id='word_1_209' title='bbox 744 3401 845 3448; x_wconf 58' lang='grc' dir='ltr'><strong>ΜΘ</strong></span> <span class='ocrx_word' id='word_1_210' title='bbox 914 3415 1087 3476; x_wconf 86' lang='lat' dir='ltr'><strong>modo</strong></span> <span class='ocrx_word' id='word_1_211' title='bbox 1103 3416 1166 3474; x_wconf 92' lang='lat' dir='ltr'><strong>in</strong></span> <span class='ocrx_word' id='word_1_212' title='bbox 1190 3416 1485 3494; x_wconf 86' lang='lat' dir='ltr'><strong>Scriptura</strong></span> <span class='ocrx_word' id='word_1_213' title='bbox 1505 3425 1831 3493; x_wconf 85' lang='lat' dir='ltr'><strong>usurpatur,</strong></span> <span class='ocrx_word' id='word_1_214' title='bbox 1853 3416 1949 3474; x_wconf 86' lang='lat' dir='ltr'><strong>vel</strong></span> <span class='ocrx_word' id='word_1_215' title='bbox 1966 3415 2039 3474; x_wconf 86' lang='lat' dir='ltr'><strong>de</strong></span> <span class='ocrx_word' id='word_1_216' title='bbox 2054 3416 2442 3493; x_wconf 86' lang='lat' dir='ltr'><strong>qualicunque</strong></span> <span class='ocrx_word' id='word_1_217' title='bbox 2459 3437 2649 3476; x_wconf 89' lang='lat' dir='ltr'><strong>rerum</strong></span> <span class='ocrx_word' id='word_1_218' title='bbox 2677 3437 2809 3494; x_wconf 90' lang='lat' dir='ltr'><strong>pro-</strong></span> 
     </span>
     <span class='ocr_line' id='line_1_26' title="bbox 534 3472 2812 3574; baseline 0 -20"><span class='ocrx_word' id='word_1_219' title='bbox 534 3472 659 3505; x_wconf 75' lang='lat' dir='ltr'><strong>sunu</strong></span> <span class='ocrx_word' id='word_1_220' title='bbox 684 3474 757 3505; x_wconf 54' lang='grc' dir='ltr'><strong>π’</strong></span> <span class='ocrx_word' id='word_1_221' title='bbox 904 3493 1195 3574; x_wconf 86' lang='lat' dir='ltr'><strong>ductione,</strong></span> <span class='ocrx_word' id='word_1_222' title='bbox 1225 3497 1399 3557; x_wconf 88' lang='lat' dir='ltr'><strong>etiam</strong></span> <span class='ocrx_word' id='word_1_223' title='bbox 1440 3517 1544 3574; x_wconf 90' lang='lat' dir='ltr'><strong>per</strong></span> <span class='ocrx_word' id='word_1_224' title='bbox 1571 3495 2018 3574; x_wconf 85' lang='lat' dir='ltr'><strong>generationem,</strong></span> <span class='ocrx_word' id='word_1_225' title='bbox 2041 3494 2138 3554; x_wconf 88' lang='lat' dir='ltr'><strong>Ps.</strong></span> <span class='ocrx_word' id='word_1_226' title='bbox 2159 3496 2271 3554; x_wconf 83' lang='lat' dir='ltr'><strong>civ.</strong></span> <span class='ocrx_word' id='word_1_227' title='bbox 2295 3497 2393 3555; x_wconf 88' lang='grc'><strong>30.</strong></span> <span class='ocrx_word' id='word_1_228' title='bbox 2436 3497 2664 3554; x_wconf 75' lang='lat' dir='ltr'><strong>Emittis</strong></span> <span class='ocrx_word' id='word_1_229' title='bbox 2679 3497 2812 3572; x_wconf 78' lang='lat' dir='ltr'><strong>Spi-</strong></span> 
     </span>
     <span class='ocr_line' id='line_1_27' title="bbox 395 3574 2814 3653; baseline 0.001 -21"><span class='ocrx_word' id='word_1_230' title='bbox 395 3574 565 3633; x_wconf 76' lang='lat' dir='ltr'><strong>ritum</strong></span> <span class='ocrx_word' id='word_1_231' title='bbox 608 3583 763 3633; x_wconf 78' lang='lat' dir='ltr'><strong>tuum</strong></span> <span class='ocrx_word' id='word_1_232' title='bbox 809 3584 865 3633; x_wconf 87' lang='lat' dir='ltr'><strong>et</strong></span> <span class='ocrx_word' id='word_1_233' title='bbox 920 3585 1203 3653; x_wconf 75' lang='lat' dir='ltr'><strong>creantur,</strong></span> <span class='ocrx_word' id='word_1_234' title='bbox 1248 3587 1304 3636; x_wconf 86' lang='lat' dir='ltr'><strong>et</strong></span> <span class='ocrx_word' id='word_1_235' title='bbox 1344 3597 1583 3637; x_wconf 76' lang='lat' dir='ltr'><strong>renovas</strong></span> <span class='ocrx_word' id='word_1_236' title='bbox 1613 3575 1830 3650; x_wconf 77' lang='lat' dir='ltr'><strong>faciem</strong></span> <span class='ocrx_word' id='word_1_237' title='bbox 1873 3584 2076 3648; x_wconf 82' lang='lat' dir='ltr'><strong>terroe;</strong></span> <span class='ocrx_word' id='word_1_238' title='bbox 2123 3583 2182 3633; x_wconf 88' lang='lat' dir='ltr'><strong>et</strong></span> <span class='ocrx_word' id='word_1_239' title='bbox 2223 3574 2339 3634; x_wconf 88' lang='lat' dir='ltr'><strong>Isa.</strong></span> <span class='ocrx_word' id='word_1_240' title='bbox 2379 3574 2502 3633; x_wconf 85' lang='lat' dir='ltr'><strong>xlv.</strong></span> <span class='ocrx_word' id='word_1_241' title='bbox 2534 3579 2590 3633; x_wconf 85' lang='grc'><strong>7.</strong></span> <span class='ocrx_word' id='word_1_242' title='bbox 2631 3577 2814 3635; x_wconf 70' lang='lat' dir='ltr'><strong>Facio</strong></span> 
     </span>
     <span class='ocr_line' id='line_1_28' title="bbox 386 3653 2812 3732; baseline 0 -20"><span class='ocrx_word' id='word_1_243' title='bbox 386 3673 607 3730; x_wconf 82' lang='lat' dir='ltr'><strong>pacem,</strong></span> <span class='ocrx_word' id='word_1_244' title='bbox 639 3664 694 3714; x_wconf 84' lang='lat' dir='ltr'><strong>et</strong></span> <span class='ocrx_word' id='word_1_245' title='bbox 710 3675 838 3714; x_wconf 86' lang='lat' dir='ltr'><strong>creo</strong></span> <span class='ocrx_word' id='word_1_246' title='bbox 865 3660 1078 3715; x_wconf 83' lang='lat' dir='ltr'><strong>malum</strong></span> <span class='ocrx_word' id='word_1_247' title='bbox 1095 3681 1121 3731; x_wconf 83' lang='lat'><strong>,·</strong></span> <span class='ocrx_word' id='word_1_248' title='bbox 1161 3657 1259 3717; x_wconf 83' lang='lat' dir='ltr'><strong>vel</strong></span> <span class='ocrx_word' id='word_1_249' title='bbox 1286 3657 1359 3716; x_wconf 88' lang='lat' dir='ltr'><strong>de</strong></span> <span class='ocrx_word' id='word_1_250' title='bbox 1387 3665 1700 3716; x_wconf 88' lang='lat' dir='ltr'><strong>eventuum</strong></span> <span class='ocrx_word' id='word_1_251' title='bbox 1726 3653 2088 3732; x_wconf 89' lang='lat' dir='ltr'><strong>quorundam</strong></span> <span class='ocrx_word' id='word_1_252' title='bbox 2109 3653 2692 3713; x_wconf 82' lang='lat' dir='ltr'><strong>extraordinariorum</strong></span> <span class='ocrx_word' id='word_1_253' title='bbox 2722 3675 2812 3713; x_wconf 88' lang='lat' dir='ltr'><strong>or—</strong></span> 
     </span>
     <span class='ocr_line' id='line_1_29' title="bbox 397 3733 2816 3810; baseline 0.002 -19"><span class='ocrx_word' id='word_1_254' title='bbox 397 3733 706 3810; x_wconf 86' lang='lat' dir='ltr'><strong>dinatione,</strong></span> <span class='ocrx_word' id='word_1_255' title='bbox 737 3735 781 3796; x_wconf 83' lang='lat' dir='ltr'><strong>J</strong></span> <span class='ocrx_word' id='word_1_256' title='bbox 784 3757 956 3796; x_wconf 85' lang='lat' dir='ltr'><strong>erem.</strong></span> <span class='ocrx_word' id='word_1_257' title='bbox 1002 3737 1170 3796; x_wconf 84' lang='lat' dir='ltr'><strong>xxxi.</strong></span> <span class='ocrx_word' id='word_1_258' title='bbox 1200 3742 1297 3797; x_wconf 84' lang='lat'><strong>22.</strong></span> <span class='ocrx_word' id='word_1_259' title='bbox 1339 3741 1501 3797; x_wconf 72' lang='lat' dir='ltr'><strong>Deus</strong></span> <span class='ocrx_word' id='word_1_260' title='bbox 1537 3736 1752 3796; x_wconf 80' lang='lat' dir='ltr'><strong>creavit</strong></span> <span class='ocrx_word' id='word_1_261' title='bbox 1794 3754 1916 3794; x_wconf 86' lang='lat' dir='ltr'><strong>rem</strong></span> <span class='ocrx_word' id='word_1_262' title='bbox 1961 3753 2181 3809; x_wconf 79' lang='lat' dir='ltr'><strong>novam,</strong></span> <span class='ocrx_word' id='word_1_263' title='bbox 2211 3734 2454 3809; x_wconf 80' lang='lat' dir='ltr'><strong>famina</strong></span> <span class='ocrx_word' id='word_1_264' title='bbox 2501 3733 2816 3795; x_wconf 75' lang='lat' dir='ltr'><strong>circumdat</strong></span> 
     </span>
     <span class='ocr_line' id='line_1_30' title="bbox 392 3811 2810 3895; baseline 0.001 -23"><span class='ocrx_word' id='word_1_265' title='bbox 392 3815 579 3874; x_wconf 77' lang='lat' dir='ltr'><strong>virum</strong></span> <span class='ocrx_word' id='word_1_266' title='bbox 596 3839 622 3889; x_wconf 90' lang='lat'><em>;</em></span> <span class='ocrx_word' id='word_1_267' title='bbox 665 3816 763 3874; x_wconf 82' lang='lat' dir='ltr'><strong>vel</strong></span> <span class='ocrx_word' id='word_1_268' title='bbox 789 3815 862 3877; x_wconf 90' lang='lat' dir='ltr'><strong>de</strong></span> <span class='ocrx_word' id='word_1_269' title='bbox 888 3819 1324 3894; x_wconf 63' lang='lat' dir='ltr'><strong>regeneratione,</strong></span> <span class='ocrx_word' id='word_1_270' title='bbox 1354 3839 1485 3895; x_wconf 78' lang='lat' dir='ltr'><strong>quae</strong></span> <span class='ocrx_word' id='word_1_271' title='bbox 1514 3816 1768 3876; x_wconf 86' lang='lat' dir='ltr'><strong>secunda</strong></span> <span class='ocrx_word' id='word_1_272' title='bbox 1793 3814 1961 3892; x_wconf 74' lang='lat' dir='ltr'><strong>quasi</strong></span> <span class='ocrx_word' id='word_1_273' title='bbox 1987 3811 2214 3874; x_wconf 81' lang='lat' dir='ltr'><strong>creatio</strong></span> <span class='ocrx_word' id='word_1_274' title='bbox 2228 3822 2334 3890; x_wconf 86' lang='lat' dir='ltr'><strong>est,</strong></span> <span class='ocrx_word' id='word_1_275' title='bbox 2363 3821 2489 3873; x_wconf 90' lang='lat' dir='ltr'><strong>tum</strong></span> <span class='ocrx_word' id='word_1_276' title='bbox 2515 3814 2578 3872; x_wconf 92' lang='lat' dir='ltr'><strong>in</strong></span> <span class='ocrx_word' id='word_1_277' title='bbox 2605 3814 2810 3892; x_wconf 82' lang='lat' dir='ltr'><strong>gratia,</strong></span> 
     </span>
     <span class='ocr_line' id='line_1_31' title="bbox 396 3894 2814 3972; baseline 0.001 -19"><span class='ocrx_word' id='word_1_278' title='bbox 396 3903 462 3953; x_wconf 89' lang='lat' dir='ltr'><strong>ut</strong></span> <span class='ocrx_word' id='word_1_279' title='bbox 492 3895 588 3954; x_wconf 85' lang='lat' dir='ltr'><strong>Ps.</strong></span> <span class='ocrx_word' id='word_1_280' title='bbox 637 3895 701 3956; x_wconf 90' lang='lat' dir='ltr'><strong>li.</strong></span> <span class='ocrx_word' id='word_1_281' title='bbox 734 3899 828 3957; x_wconf 90' lang='lat'><strong>10.</strong></span> <span class='ocrx_word' id='word_1_282' title='bbox 876 3899 1031 3958; x_wconf 83' lang='lat' dir='ltr'><strong>Grea</strong></span> <span class='ocrx_word' id='word_1_283' title='bbox 1073 3899 1132 3958; x_wconf 78' lang='lat' dir='ltr'><strong>in</strong></span> <span class='ocrx_word' id='word_1_284' title='bbox 1177 3919 1263 3956; x_wconf 86' lang='lat' dir='ltr'><strong>me</strong></span> <span class='ocrx_word' id='word_1_285' title='bbox 1308 3919 1409 3958; x_wconf 85' lang='lat' dir='ltr'><strong>cor</strong></span> <span class='ocrx_word' id='word_1_286' title='bbox 1440 3900 1749 3970; x_wconf 80' lang='lat' dir='ltr'><strong>mundum;</strong></span> <span class='ocrx_word' id='word_1_287' title='bbox 1791 3903 1914 3955; x_wconf 90' lang='lat' dir='ltr'><strong>tum</strong></span> <span class='ocrx_word' id='word_1_288' title='bbox 1953 3894 2014 3953; x_wconf 91' lang='lat' dir='ltr'><strong>in</strong></span> <span class='ocrx_word' id='word_1_289' title='bbox 2042 3894 2244 3972; x_wconf 88' lang='lat' dir='ltr'><strong>gloria,</strong></span> <span class='ocrx_word' id='word_1_290' title='bbox 2275 3895 2425 3954; x_wconf 84' lang='lat' dir='ltr'><strong>Ecce</strong></span> <span class='ocrx_word' id='word_1_291' title='bbox 2472 3913 2601 3954; x_wconf 87' lang='lat' dir='ltr'><strong>creo</strong></span> <span class='ocrx_word' id='word_1_292' title='bbox 2645 3915 2814 3956; x_wconf 81' lang='lat' dir='ltr'><strong>novos</strong></span> 
     </span>
     <span class='ocr_line' id='line_1_32' title="bbox 396 3973 2814 4056; baseline 0.002 -24"><span class='ocrx_word' id='word_1_293' title='bbox 396 3977 557 4034; x_wconf 76' lang='lat' dir='ltr'><strong>calos</strong></span> <span class='ocrx_word' id='word_1_294' title='bbox 586 3985 640 4036; x_wconf 81' lang='lat' dir='ltr'><strong>et</strong></span> <span class='ocrx_word' id='word_1_295' title='bbox 664 3997 869 4036; x_wconf 79' lang='lat' dir='ltr'><strong>novam</strong></span> <span class='ocrx_word' id='word_1_296' title='bbox 898 3987 1130 4054; x_wconf 84' lang='lat' dir='ltr'><strong>terram,</strong></span> <span class='ocrx_word' id='word_1_297' title='bbox 1155 3979 1270 4038; x_wconf 88' lang='lat' dir='ltr'><strong>Isa.</strong></span> <span class='ocrx_word' id='word_1_298' title='bbox 1299 3977 1423 4036; x_wconf 84' lang='lat' dir='ltr'><strong>lxv.</strong></span> <span class='ocrx_word' id='word_1_299' title='bbox 1442 3982 1511 4036; x_wconf 82' lang='lat'><strong>17</strong></span> <span class='ocrx_word' id='word_1_300' title='bbox 1535 4001 1550 4055; x_wconf 83' lang='lat'>3</span> <span class='ocrx_word' id='word_1_301' title='bbox 1580 3977 1772 4056; x_wconf 89' lang='lat' dir='ltr'><strong>Apoc.</strong></span> <span class='ocrx_word' id='word_1_302' title='bbox 1795 3976 1921 4034; x_wconf 86' lang='lat' dir='ltr'><strong>xxi.</strong></span> <span class='ocrx_word' id='word_1_303' title='bbox 1940 3979 1992 4034; x_wconf 93' lang='grc'><strong>1.</strong></span> <span class='ocrx_word' id='word_1_304' title='bbox 2079 3973 2196 4034; x_wconf 87' lang='lat' dir='ltr'><strong>Sed</strong></span> <span class='ocrx_word' id='word_1_305' title='bbox 2221 3975 2408 4034; x_wconf 81' lang='lat' dir='ltr'><strong>stricte</strong></span> <span class='ocrx_word' id='word_1_306' title='bbox 2433 3994 2540 4053; x_wconf 90' lang='lat' dir='ltr'><strong>pro</strong></span> <span class='ocrx_word' id='word_1_307' title='bbox 2566 3974 2814 4053; x_wconf 86' lang='lat' dir='ltr'><strong>produc·</strong></span> 
     </span>
     <span class='ocr_line' id='line_1_33' title="bbox 395 4055 2816 4140; baseline -0.001 -22"><span class='ocrx_word' id='word_1_308' title='bbox 395 4091 487 4138; x_wconf 59' lang='lat' dir='ltr'><strong>vd</strong></span> <span class='ocrx_word' id='word_1_309' title='bbox 509 4095 680 4140; x_wconf 72' lang='lat' dir='ltr'><strong>stricto</strong></span> <span class='ocrx_word' id='word_1_310' title='bbox 725 4099 777 4140; x_wconf 75' lang='lat' dir='ltr'><strong>ot</strong></span> <span class='ocrx_word' id='word_1_311' title='bbox 806 4096 877 4140; x_wconf 76' lang='lat' dir='ltr'><strong>di·</strong></span> <span class='ocrx_word' id='word_1_312' title='bbox 917 4059 1075 4118; x_wconf 90' lang='lat' dir='ltr'><strong>tione</strong></span> <span class='ocrx_word' id='word_1_313' title='bbox 1102 4067 1293 4118; x_wconf 83' lang='lat' dir='ltr'><strong>re&#39;rum</strong></span> <span class='ocrx_word' id='word_1_314' title='bbox 1321 4078 1399 4117; x_wconf 90' lang='lat' dir='ltr'><strong>ex</strong></span> <span class='ocrx_word' id='word_1_315' title='bbox 1424 4058 1625 4133; x_wconf 81' lang='lat' dir='ltr'><strong>nihilo,</strong></span> <span class='ocrx_word' id='word_1_316' title='bbox 1658 4078 1788 4135; x_wconf 78' lang='lat' dir='ltr'><strong>quae</strong></span> <span class='ocrx_word' id='word_1_317' title='bbox 1835 4055 2068 4134; x_wconf 87' lang='lat' dir='ltr'><strong>propria</strong></span> <span class='ocrx_word' id='word_1_318' title='bbox 2112 4062 2202 4114; x_wconf 88' lang='lat' dir='ltr'><strong>est</strong></span> <span class='ocrx_word' id='word_1_319' title='bbox 2243 4063 2306 4114; x_wconf 89' lang='lat' dir='ltr'><strong>et</strong></span> <span class='ocrx_word' id='word_1_320' title='bbox 2350 4055 2623 4133; x_wconf 88' lang='lat' dir='ltr'><strong>primaria</strong></span> <span class='ocrx_word' id='word_1_321' title='bbox 2649 4057 2816 4115; x_wconf 84' lang='lat' dir='ltr'><strong>verbi</strong></span> 
     </span>
     <span class='ocr_line' id='line_1_34' title="bbox 452 4135 2816 4297; baseline -0 -20"><span class='ocrx_word' id='word_1_322' title='bbox 452 4152 531 4255; x_wconf 53' lang='grc' dir='ltr'><strong>εξ</strong></span> <span class='ocrx_word' id='word_1_323' title='bbox 570 4153 877 4210; x_wconf 54' lang='grc' dir='ltr'><strong>Μ’</strong></span> <span class='ocrx_word' id='word_1_324' title='bbox 917 4136 2338 4297; x_wconf 52' lang='lat' dir='ltr'><strong>{jnfflfflffz’m</strong></span> <span class='ocrx_word' id='word_1_325' title='bbox 2375 4135 2816 4276; x_wconf 49' lang='lat' dir='ltr'><strong>{eumd</strong></span> 
     </span>
     <span class='ocr_line' id='line_1_35' title="bbox 475 4235 2813 4378; baseline 0.001 -25"><span class='ocrx_word' id='word_1_326' title='bbox 475 4294 553 4378; x_wconf 74' lang='lat' dir='ltr'><strong>V.</strong></span> <span class='ocrx_word' id='word_1_327' title='bbox 598 4295 827 4355; x_wconf 87' lang='lat' dir='ltr'><strong>Dicitur</strong></span> <span class='ocrx_word' id='word_1_328' title='bbox 851 4265 1174 4358; x_wconf 72' lang='lat' dir='ltr'><strong>Productio⁷</strong></span> <span class='ocrx_word' id='word_1_329' title='bbox 1206 4320 1398 4358; x_wconf 83' lang='lat' dir='ltr'><strong>rerum</strong></span> <span class='ocrx_word' id='word_1_330' title='bbox 1447 4319 1521 4358; x_wconf 79' lang='lat' dir='ltr'><strong>ex</strong></span> <span class='ocrx_word' id='word_1_331' title='bbox 1554 4239 1752 4372; x_wconf 41' lang='lat' dir='ltr'><strong>kiliano,</strong></span> <span class='ocrx_word' id='word_1_332' title='bbox 1783 4297 1920 4374; x_wconf 90' lang='lat' dir='ltr'><strong>quia</strong></span> <span class='ocrx_word' id='word_1_333' title='bbox 1947 4317 2078 4356; x_wconf 89' lang='lat' dir='ltr'><strong>cum</strong></span> <span class='ocrx_word' id='word_1_334' title='bbox 2105 4297 2300 4356; x_wconf 89' lang='lat' dir='ltr'><strong>omnia</strong></span> <span class='ocrx_word' id='word_1_335' title='bbox 2326 4235 2518 4356; x_wconf 49' lang='lat' dir='ltr'><strong>{eata</strong></span> <span class='ocrx_word' id='word_1_336' title='bbox 2546 4296 2678 4372; x_wconf 87' lang='lat' dir='ltr'><strong>sint,</strong></span> <span class='ocrx_word' id='word_1_337' title='bbox 2711 4261 2813 4356; x_wconf 73' lang='lat' dir='ltr'><strong>ne—</strong></span> 
     </span>
     <span class='ocr_line' id='line_1_36' title="bbox 394 4376 2896 4456; baseline 0 -22"><span class='ocrx_word' id='word_1_338' title='bbox 394 4393 555 4434; x_wconf 87' lang='lat' dir='ltr'><strong>cesse</strong></span> <span class='ocrx_word' id='word_1_339' title='bbox 584 4383 675 4434; x_wconf 85' lang='lat' dir='ltr'><strong>est</strong></span> <span class='ocrx_word' id='word_1_340' title='bbox 701 4385 767 4434; x_wconf 88' lang='lat' dir='ltr'><strong>ut</strong></span> <span class='ocrx_word' id='word_1_341' title='bbox 794 4395 868 4435; x_wconf 86' lang='lat' dir='ltr'><strong>ex</strong></span> <span class='ocrx_word' id='word_1_342' title='bbox 896 4378 1078 4437; x_wconf 87' lang='lat' dir='ltr'><strong>nihilo</strong></span> <span class='ocrx_word' id='word_1_343' title='bbox 1107 4379 1316 4439; x_wconf 88' lang='lat' dir='ltr'><strong>educta</strong></span> <span class='ocrx_word' id='word_1_344' title='bbox 1344 4379 1478 4455; x_wconf 87' lang='lat' dir='ltr'><strong>sint,</strong></span> <span class='ocrx_word' id='word_1_345' title='bbox 1506 4378 1646 4456; x_wconf 88' lang='lat' dir='ltr'><strong>quia</strong></span> <span class='ocrx_word' id='word_1_346' title='bbox 1672 4376 1952 4455; x_wconf 84' lang='lat' dir='ltr'><strong>quicquid</strong></span> <span class='ocrx_word' id='word_1_347' title='bbox 1977 4376 2348 4454; x_wconf 57' lang='lat' dir='ltr'><strong>praeexistere</strong></span> <span class='ocrx_word' id='word_1_348' title='bbox 2377 4385 2812 4455; x_wconf 87' lang='lat' dir='ltr'><strong>supponeretur,</strong></span> <span class='ocrx_word' id='word_1_349' title='bbox 2893 4419 2896 4424; x_wconf 87' lang='lat'>-</span> 
     </span>
     <span class='ocr_line' id='line_1_37' title="bbox 392 4455 2817 4534; baseline 0 -20"><span class='ocrx_word' id='word_1_350' title='bbox 392 4455 455 4514; x_wconf 92' lang='lat' dir='ltr'><strong>in</strong></span> <span class='ocrx_word' id='word_1_351' title='bbox 482 4475 675 4515; x_wconf 90' lang='lat' dir='ltr'><strong>rerum</strong></span> <span class='ocrx_word' id='word_1_352' title='bbox 704 4457 961 4515; x_wconf 90' lang='lat' dir='ltr'><strong>omnium</strong></span> <span class='ocrx_word' id='word_1_353' title='bbox 986 4459 1367 4519; x_wconf 78' lang='lat' dir='ltr'><strong>universitate</strong></span> <span class='ocrx_word' id='word_1_354' title='bbox 1397 4457 1682 4518; x_wconf 87' lang='lat' dir='ltr'><strong>contineri</strong></span> <span class='ocrx_word' id='word_1_355' title='bbox 1709 4456 1920 4515; x_wconf 85' lang='lat' dir='ltr'><strong>debet:</strong></span> <span class='ocrx_word' id='word_1_356' title='bbox 1965 4457 2045 4516; x_wconf 88' lang='lat' dir='ltr'><strong>Et</strong></span> <span class='ocrx_word' id='word_1_357' title='bbox 2071 4475 2140 4516; x_wconf 89' lang='lat' dir='ltr'><strong>eo</strong></span> <span class='ocrx_word' id='word_1_358' title='bbox 2168 4457 2433 4534; x_wconf 89' lang='lat' dir='ltr'><strong>pertinet,</strong></span> <span class='ocrx_word' id='word_1_359' title='bbox 2465 4455 2623 4534; x_wconf 88' lang='lat' dir='ltr'><strong>quod</strong></span> <span class='ocrx_word' id='word_1_360' title='bbox 2653 4455 2817 4515; x_wconf 89' lang='lat' dir='ltr'><strong>Deus</strong></span> 
     </span>
     <span class='ocr_line' id='line_1_38' title="bbox 394 4534 2812 4615; baseline 0 -22"><span class='ocrx_word' id='word_1_361' title='bbox 394 4534 607 4596; x_wconf 89' lang='lat' dir='ltr'><strong>dicitur</strong></span> <span class='ocrx_word' id='word_1_362' title='bbox 646 4556 852 4595; x_wconf 87' lang='lat' dir='ltr'><strong>vocare</strong></span> <span class='ocrx_word' id='word_1_363' title='bbox 891 4537 961 4594; x_wconf 66' lang='grc' dir='ltr'><strong>τὲ</strong></span> <span class='ocrx_word' id='word_1_364' title='bbox 985 4539 1056 4612; x_wconf 72' lang='grc' dir='ltr'><strong>μὲ</strong></span> <span class='ocrx_word' id='word_1_365' title='bbox 1084 4535 1201 4597; x_wconf 62' lang='grc' dir='ltr'>’ὄντα</span> <span class='ocrx_word' id='word_1_366' title='bbox 1226 4540 1287 4605; x_wconf 69' lang='grc' dir='ltr'><strong>ὥς</strong></span> <span class='ocrx_word' id='word_1_367' title='bbox 1315 4537 1448 4612; x_wconf 57' lang='grc' dir='ltr'><strong>ἔνι-ι,</strong></span> <span class='ocrx_word' id='word_1_368' title='bbox 1478 4559 1547 4597; x_wconf 89' lang='lat' dir='ltr'><strong>ea</strong></span> <span class='ocrx_word' id='word_1_369' title='bbox 1575 4557 1702 4615; x_wconf 78' lang='lat' dir='ltr'><strong>quae</strong></span> <span class='ocrx_word' id='word_1_370' title='bbox 1728 4557 1840 4595; x_wconf 81' lang='lat' dir='ltr'><strong>non</strong></span> <span class='ocrx_word' id='word_1_371' title='bbox 1855 4545 1986 4594; x_wconf 75' lang='lat' dir='ltr'><strong>eunt</strong></span> <span class='ocrx_word' id='word_1_372' title='bbox 2011 4557 2082 4596; x_wconf 89' lang='lat' dir='ltr'><strong>ac</strong></span> <span class='ocrx_word' id='word_1_373' title='bbox 2105 4537 2158 4594; x_wconf 76' lang='lat' dir='ltr'><strong>si</strong></span> <span class='ocrx_word' id='word_1_374' title='bbox 2181 4545 2372 4610; x_wconf 76' lang='lat' dir='ltr'><strong>essent,</strong></span> <span class='ocrx_word' id='word_1_375' title='bbox 2405 4537 2574 4594; x_wconf 87' lang='lat' dir='ltr'><strong>Rom.</strong></span> <span class='ocrx_word' id='word_1_376' title='bbox 2605 4535 2684 4592; x_wconf 85' lang='lat' dir='ltr'><strong>iv.</strong></span> <span class='ocrx_word' id='word_1_377' title='bbox 2719 4537 2812 4610; x_wconf 80' lang='lat'><strong>17,</strong></span> 
     </span>
     <span class='ocr_line' id='line_1_39' title="bbox 392 4615 2813 4705; baseline -0.001 -30"><span class='ocrx_word' id='word_1_378' title='bbox 392 4617 531 4693; x_wconf 90' lang='lat' dir='ltr'><strong>quia</strong></span> <span class='ocrx_word' id='word_1_379' title='bbox 550 4615 817 4677; x_wconf 81' lang='lat' dir='ltr'><strong>vocando</strong></span> <span class='ocrx_word' id='word_1_380' title='bbox 835 4615 937 4677; x_wconf 89' lang='lat' dir='ltr'><strong>dat</strong></span> <span class='ocrx_word' id='word_1_381' title='bbox 953 4637 1100 4676; x_wconf 87' lang='lat' dir='ltr'><strong>esse.</strong></span> <span class='ocrx_word' id='word_1_382' title='bbox 1144 4619 1223 4678; x_wconf 88' lang='lat' dir='ltr'><strong>Et</strong></span> <span class='ocrx_word' id='word_1_383' title='bbox 1239 4620 1397 4698; x_wconf 91' lang='lat' dir='ltr'><strong>quod</strong></span> <span class='ocrx_word' id='word_1_384' title='bbox 1414 4618 1625 4678; x_wconf 89' lang='lat' dir='ltr'><strong>dicitur</strong></span> <span class='ocrx_word' id='word_1_385' title='bbox 1640 4615 1798 4692; x_wconf 84' lang='lat' dir='ltr'><strong>alibi,</strong></span> <span class='ocrx_word' id='word_1_386' title='bbox 1820 4617 2028 4674; x_wconf 59' lang='lat' dir='ltr'><strong>dia-thee</strong></span> <span class='ocrx_word' id='word_1_387' title='bbox 2053 4625 2118 4674; x_wconf 78' lang='lat' dir='ltr'><strong>ut</strong></span> <span class='ocrx_word' id='word_1_388' title='bbox 2142 4635 2216 4674; x_wconf 71' lang='lat' dir='ltr'><strong>ex</strong></span> <span class='ocrx_word' id='word_1_389' title='bbox 2243 4615 2478 4675; x_wconf 67' lang='lat' dir='ltr'><strong>teneor-22³</strong></span> <span class='ocrx_word' id='word_1_390' title='bbox 2505 4617 2608 4674; x_wconf 76' lang='lat' dir='ltr'><strong>lux</strong></span> <span class='ocrx_word' id='word_1_391' title='bbox 2631 4616 2813 4705; x_wconf 59' lang='lat' dir='ltr'><strong>epfen-</strong></span> 
     </span>
    </p>
   </div>
   <div class='ocr_carea' id='block_1_5' title="bbox 391 4695 2814 4832">
    <p class='ocr_par' dir='ltr' id='par_1_5' title="bbox 391 4695 2814 4832">
     <span class='ocr_line' id='line_1_40' title="bbox 391 4695 2814 4832; baseline -0.002 -74"><span class='ocrx_word' id='word_1_392' title='bbox 391 4699 654 4778; x_wconf 67' lang='lat' dir='ltr'><strong>dacer-et,</strong></span> <span class='ocrx_word' id='word_1_393' title='bbox 686 4702 723 4758; x_wconf 84' lang='lat'><strong>2</strong></span> <span class='ocrx_word' id='word_1_394' title='bbox 756 4697 889 4759; x_wconf 90' lang='lat' dir='ltr'><strong>Cor.</strong></span> <span class='ocrx_word' id='word_1_395' title='bbox 918 4697 1000 4757; x_wconf 82' lang='lat' dir='ltr'><strong>iv.</strong></span> <span class='ocrx_word' id='word_1_396' title='bbox 1031 4699 1086 4775; x_wconf 84' lang='lat'><strong>6,</strong></span> <span class='ocrx_word' id='word_1_397' title='bbox 1138 4719 1255 4761; x_wconf 88' lang='lat' dir='ltr'><strong>non</strong></span> <span class='ocrx_word' id='word_1_398' title='bbox 1284 4709 1558 4779; x_wconf 87' lang='lat' dir='ltr'><strong>tanquam</strong></span> <span class='ocrx_word' id='word_1_399' title='bbox 1588 4719 1666 4759; x_wconf 89' lang='lat' dir='ltr'><strong>ex</strong></span> <span class='ocrx_word' id='word_1_400' title='bbox 1693 4696 1950 4773; x_wconf 84' lang='lat' dir='ltr'><strong>materia,</strong></span> <span class='ocrx_word' id='word_1_401' title='bbox 1983 4695 2088 4756; x_wconf 88' lang='lat' dir='ltr'><strong>sed</strong></span> <span class='ocrx_word' id='word_1_402' title='bbox 2115 4703 2426 4832; x_wconf 74' lang='lat' dir='ltr'><strong>tanquam2</strong></span> <span class='ocrx_word' id='word_1_403' title='bbox 2434 4715 2508 4754; x_wconf 87' lang='lat' dir='ltr'><strong>ex</strong></span> <span class='ocrx_word' id='word_1_404' title='bbox 2550 4703 2814 4754; x_wconf 79' lang='lat' dir='ltr'><strong>termino.</strong></span> 
     </span>
     <span class='ocr_line' id='line_1_41' title="bbox 2455 4794 2491 4832; baseline 0 0"><span class='ocrx_word' id='word_1_405' title='bbox 2455 4794 2491 4832; x_wconf 78' lang='lat' dir='ltr'><strong>n</strong></span> 
     </span>
    </p>
   </div>
  </div>
 </body>
</html>
