3300 5225
332 368 561 420 Quffisr.
590 348 711 433 111.]
1208 371 1291 411 ns
1314 369 1529 412 munao
1557 369 1858 412 Annxrmo.
2267 341 2274 352 ’
2622 351 2742 410 603

320 513 443 572 lute
470 520 731 590 spectata
757 532 834 571 ex
860 512 1111 572 naturali
1136 515 1243 572 s'ua
1262 512 1689 586 constitutione,
1715 511 1984 589 sepositis
2010 509 2304 588 requisitis
2321 508 2396 568 ad
2415 509 2726 588 agendum,

326 595 405 679 sit
430 593 887 654 determinabilis
914 593 989 651 ad
1018 594 1181 652 varia
1206 594 1455 671 objeem,
1486 601 1545 652 et
1564 591 1960 652 indifferenter
2001 611 2064 650 se
2091 587 2168 652 ad
2195 610 2266 648 ea
2303 590 2548 651 habeat:
2601 591 2735 650 Non

326 693 611 752 negamus
639 673 794 732 enim
822 673 1182 733 voluntatem
1208 693 1287 733 ex
1314 692 1377 732 se
1404 673 1489 732 ita
1522 691 1652 732 esse
1681 679 2089 748 comparatam,
2116 679 2185 730 ut
2209 670 2396 747 possit
2421 671 2518 729 vel
2545 681 2740 730 actum

328 755 553 830 elicere,
582 753 682 812 vel
708 753 1075 830 suspendere,
1104 773 1235 831 quae
1274 754 1503 812 liberm
1529 760 1618 812 est
1657 752 1916 812 aeraria·
1948 759 2012 810 et
2037 750 2506 825 oona-adiecionis,
2537 751 2636 808 vel
2661 750 2740 809 ad

326 843 639 911 utrumque
666 833 1059 910 oppositorum
1086 833 1239 909 ferri,
1262 851 1393 910 quae
1420 833 1647 892 laternae
1667 841 1758 892 est
1777 832 2193 892 cone-arietans
2209 838 2270 889 et
2286 827 2704 908 specificationis
2713 855 2741 903 ,-

333 915 613 973 Fatemur
652 913 827 972 etiam
868 913 1231 974 voluntatem
1274 911 1670 974 indifferenter
1717 932 1780 972 se
1823 912 2054 986 habere,
2143 909 2362 972 uandiau
2408 909 2740 970 intellectus

329 995 513 1053 haeret
537 993 753 1053 dubius
780 1001 839 1052 et
864 994 1119 1058 incertus
1160 1013 1276 1072 quo
1318 1013 1381 1052 se
1408 1000 1597 1052 vertat
1610 1014 1631 1052 ς
1679 991 1800 1052 Sed
1837 991 1912 1051 de
1951 991 2080 1050 indi·
2119 990 2341 1051 erentia
2377 989 2442 1048 in
2479 999 2614 1050 actu
2651 1011 2736 1050 se-

331 1077 515 1134 eundo
542 1083 603 1133 et
628 1075 689 1132 in
712 1093 879 1132 sensu
905 1075 1221 1150 composito,
1251 1072 1446 1151 quoad
1460 1073 1777 1149 potentiam
1801 1071 2114 1145 sinmitatt's,
2145 1088 2276 1148 quse
2302 1071 2490 1130 activa
2515 1077 2575 1130 et
2613 1072 2738 1129 sub·

316 1157 531 1230 jectiva
558 1153 807 1230 dicitur3
852 1153 955 1212 Au
982 1155 1273 1228 voluntas,
1302 1153 1507 1231 positis
1534 1153 1806 1212 omnibus
1831 1152 1909 1210 ad
1935 1151 2228 1228 agendum
2248 1149 2558 1227 requisitis,
2589 1169 2647 1210 v.
2678 1171 2740 1228 g.

333 1234 567 1293 decreto
596 1234 725 1309 Dei,
756 1242 817 1292 et
842 1235 971 1311 ejus
998 1253 1299 1308 concursu,
1329 1232 1553 1311 judicio
1578 1233 1912 1292 intellectus
1937 1231 2194 1309 practici,
2227 1228 2356 1306 ἀφ,
2385 1230 2470 1288 ita
2511 1249 2740 1307 semper

332 1315 410 1374 sit
450 1312 787 1372 indifferens
826 1324 887 1374 et
932 1314 995 1372 in
1034 1313 1360 1391 aquilibrio
1404 1313 1611 1390 posita,
1658 1321 1727 1372 ut
1770 1312 1956 1390 possit
1999 1331 2172 1390 agere
2217 1311 2315 1370 vel
2359 1329 2479 1370 non
2521 1329 2695 1386 agere
2712 1313 2742 1368 ?

337 1394 470 1452 Hoc
512 1392 855 1452 Adversarii
902 1395 1267 1472 pertendunt,
1310 1400 1377 1454 ut
1416 1412 1523 1453 sua
1546 1393 1922 1471 ’relinquatur
1968 1391 2257 1451 voluntati
2294 1390 2572 1466 liberta83
2617 1390 2744 1448 Nos

338 1494 414 1532 ne
490 1491 641 1532 mus.
2153 1523 2167 1538 ‚

338 1493 563 1637 Litium
606 1605 703 1639 non
745 1593 821 1636 m
940 1553 1019 1612 V.
1063 1553 1278 1628 Primo,
1302 1553 1459 1628 Quia
1482 1551 1621 1614 talis
1648 1551 2037 1614 indifferentia
2061 1551 2141 1610 ad
2167 1550 2432 1628 opposita
2479 1548 2542 1608 in
2577 1549 2742 1608 nullo

397 1651 557 1708 posit·
592 1651 645 1694 in
678 1649 819 1694 indif-
860 1641 1070 1710 agente
1116 1633 1301 1692 libero
1347 1633 1472 1692 sive
1516 1641 1710 1692 creato
1765 1632 1892 1694 sive
1945 1632 2201 1690 increato
2249 1629 2737 1706 deprehenditur-3

397 1708 623 1754 ferentia.
862 1713 986 1772 Nec
1012 1713 1074 1770 in
1100 1715 1247 1788 Deo,
1278 1713 1381 1790 qui
1405 1712 1698 1772 liberrime
1735 1709 1971 1789 quidem
2013 1711 2202 1770 bonus
2241 1719 2347 1784 est,
2391 1727 2509 1768 non
2549 1717 2746 1768 tamen

337 1793 745 1868 indifferenter,
776 1794 944 1870 quasi
990 1793 1177 1870 possit
1219 1813 1347 1852 esse
1384 1793 1589 1858 malus,
1638 1791 1742 1850 se'd
1789 1792 2118 1854 necessario
2166 1799 2226 1849 et
2267 1789 2742 1866 immutabiliter5

340 1872 395 1932 N
398 1893 463 1932 ec
491 1873 553 1930 in
585 1873 825 1948 Christo,
856 1873 957 1948 qui
982 1872 1275 1931 liberrime
1307 1873 1433 1930 Deo
1462 1871 1740 1946 obedivit,
1771 1879 1833 1930 et
1871 1880 2066 1932 tamen
2107 1870 2359 1930 maxime
2398 1868 2744 1944 necessarie,

338 1954 477 2030 quia
502 1972 619 2010 non
646 1953 835 2030 potuit
862 1971 1137 2028 peccare;
1182 1952 1307 2010 Nec
1332 1953 1395 2010 in
1422 1951 1652 2026 Anqelis
1679 1960 1738 2010 et
1763 1953 1978 2027 Beatis,
2010 1952 2111 2029 qui
2137 1968 2364 2010 summa
2383 1969 2514 2008 cum
2542 1949 2746 2006 luben—

338 2034 423 2092 tia
452 2034 643 2091 Deum
668 2031 885 2106 colunt,
916 2039 974 2089 et
1000 2031 1075 2088 ab
1102 2031 1321 2089 bonnm
1348 2039 1541 2090 tamen
1568 2030 1894 2090 necessario
1923 2041 2060 2090 sunt
2085 2029 2488 2103 determinati;
2535 2028 2659 2088 Nec
2685 2029 2749 2088 in

339 2113 705 2172 Doemomhus
732 2119 791 2170 et
819 2111 1112 2186 Reprobis,
1143 2111 1245 2186 qui
1272 2128 1390 2169 non
1415 2118 1660 2187 possunt
1687 2129 1804 2168 non
1823 2127 2080 2186 peecare,
2111 2108 2378 2186 quamvis
2403 2108 2586 2167 libere
2613 2127 2746 2184 pec·

340 2201 491 2251 cent.
576 2193 672 2253 Ita
699 2211 805 2250 nec
832 2191 1064 2249 illorum
1090 2191 1417 2250 constantia
1442 2199 1503 2248 et
1526 2189 1966 2250 immutabilitas
1993 2189 2055 2247 in
2081 2189 2234 2250 bono
2262 2187 2509 2246 destruit
2550 2206 2749 2246 eorum

342 2271 688 2344 libertatem,
720 2270 824 2330 sed
864 2269 1125 2348 perficit3
1168 2271 1293 2329 Nee
1326 2271 1569 2328 istorum
1608 2268 1998 2330 ineluctabilis
2037 2268 2354 2346 pertinacia
2381 2277 2440 2326 et
2479 2265 2747 2326 obfirma-

340 2353 425 2411 tio
451 2353 513 2410 in
540 2351 693 2410 malo
742 2352 935 2410 obstat
975 2351 1285 2428 quominus
1326 2349 1670 2428 gravissime
1710 2357 1967 2426 peceent,
2012 2349 2274 2426 adeoque
2316 2365 2542 2406 summo
2583 2347 2748 2425 digni

344 2433 462 2491 sint
491 2452 557 2491 su
637 2431 791 2490 licio·

424 2511 535 2571 VI.
560 2453 599 2509 p
636 2511 734 2569 uid
760 2509 855 2568 hic
883 2510 1074 2588 excipi
1102 2517 1294 2586 potest
1308 2512 1338 2568 i>
1382 2512 1437 2569 1.
1480 2508 1581 2568 An
1618 2508 1794 2566 aliam
1839 2528 1970 2568 esse
2009 2507 2290 2568 rationem
2329 2506 2618 2567 libertatis
2660 2506 2746 2566 di-

345 2591 517 2667 vinae,
548 2591 720 2649 aliam
748 2597 961 2651 nostrae
976 2594 1005 2651 P
1048 2590 1121 2650 R.
1156 2589 1274 2649 Sed
1298 2609 1415 2667 quo
1442 2589 1682 2649 libertas
1711 2587 1824 2649 Dei
1850 2588 2158 2666 perfectior
2183 2596 2275 2649 est
2314 2596 2529 2663 nostra,
2561 2607 2630 2647 eo
2657 2606 2746 2647 re·

340 2672 551 2731 motior
578 2671 751 2731 debet
777 2690 904 2730 esse
933 2670 1007 2728 ab
1035 2670 1439 2745 indifferentia,
1468 2691 1599 2748 quse
1626 2689 1746 2727 non
1773 2678 1892 2729 tam
1918 2669 2106 2729 virtus
2135 2677 2240 2745 est,
2283 2686 2458 2746 quam
2486 2668 2748 2727 defectus

338 2751 641 2811 libertatis.
726 2755 782 2810 2.
828 2750 928 2809 An
958 2750 1269 2825 Christum,
1298 2750 1437 2809 licet
1462 2769 1760 2827 nunquam
1800 2750 2145 2826 peccaverit,
2189 2769 2305 2807 non
2333 2748 2512 2807 fuisse
2553 2756 2749 2807 tamen

339 2831 603 2891 absolute
632 2830 1082 2909 impeccabilem,
1112 2850 1219 2889 nec
1246 2850 1601 2907 repugnasse
1629 2830 1758 2907 ejus
1785 2838 2024 2904 naturae,
2049 2827 2352 2904 voluntati,
2377 2837 2479 2903 aut
2504 2828 2746 2903 muneri,

337 2932 577 2989 peceare
617 2912 875 2989 potuisse
894 2914 924 2970 ?
961 2910 1169 2985 Quam
1209 2910 1627 2989 blasphemiam
1657 2909 2002 2987 Episcopius
2030 2916 2089 2968 et
2129 2909 2230 2967 alii
2271 2908 2750 2968 Remonstrantes

342 3002 601 3051 eructare
630 3010 747 3050 non
775 2991 1145 3051 erubuerunt.
1227 2990 1301 3050 R.
1334 2990 1455 3051 Sed
1498 2990 1654 3051 absit
1702 3010 1737 3047 a
1783 2990 1971 3065 nobis,
2023 2997 2089 3049 ut
2131 2987 2437 3066 tale-quid
2479 2986 2551 3046 de
2581 3006 2745 3046 sanc-

340 3072 567 3130 tissimo
598 3072 710 3129 Dei
739 3072 893 3130 Filio
920 3072 1019 3129 vel
1060 3069 1381 3147 cogitemus
1408 3070 1507 3130 vel
1547 3069 1824 3145 dicamus,
1866 3090 2040 3146 quem
2081 3069 2350 3129 novimus
2391 3068 2569 3127 fuisse
2595 3064 2747 3127 -ἶίκι-

338 3176 436 3225 κου,
468 3152 723 3227 ἐμάνη-ον,
757 3158 1086 3227 separatum
1126 3170 1161 3209 a
1190 3152 1607 3227 peccatoribus,
1638 3151 1741 3227 qui
1767 3150 1993 3209 nullum
2020 3148 2426 3209 commercium
2455 3168 2585 3207 cum
2613 3168 2747 3225 pec-

338 3240 472 3289 cato
500 3248 617 3290 non
646 3230 835 3288 solum
862 3229 1081 3304 habuit,
1114 3230 1217 3288 sed
1244 3250 1351 3288 nec
1378 3230 1590 3289 habere
1618 3229 1844 3307 potuit3
1888 3237 2012 3289 tum
2039 3230 2179 3308 quia
2220 3230 2332 3288 Dei
2375 3228 2581 3304 Filius,
2625 3237 2750 3287 tum

340 3310 479 3386 quia
506 3310 863 3385 Redemptor
888 3317 1100 3383 noster,
1130 3310 1231 3384 qui
1260 3309 1309 3367 si
1348 3328 1585 3385 peccare
1624 3310 1831 3385 potuit,
1873 3310 2064 3387 potuit
2105 3310 2281 3369 etiam
2321 3325 2429 3367 nos
2469 3326 2589 3367 non
2618 3312 2748 3367 ‘ser-

342 3410 499 3447 vare.
557 3390 612 3449 N
615 3410 680 3448 ec
710 3389 759 3447 si
786 3388 963 3447 miser
988 3408 1115 3446 esse
1142 3388 1348 3464 potuit,
1378 3388 1567 3464 potuit
1596 3387 1798 3445 eadem
1838 3389 2061 3447 ratione
2089 3408 2217 3448 esse
2243 3397 2529 3466 peccator.
2601 3388 2752 3463 Quia

342 3469 575 3528 miseria
614 3469 691 3527 ad
716 3477 945 3545 tempus
972 3487 1091 3525 non
1116 3467 1439 3544 refragatur
1466 3475 1686 3525 naturae
1713 3467 1841 3543 ejus
1870 3465 2265 3540 sanctissimae,
2296 3476 2354 3525 et
2382 3467 2632 3527 faciebat
2671 3468 2748 3526 ad

342 3549 599 3608 muneris
626 3548 1041 3622 executionem,
1073 3547 1210 3623 quia
1236 3546 1439 3605 debuit
1470 3546 1700 3605 solvere
1737 3546 1962 3622 peccati
2001 3545 2184 3604 nostri
2223 3566 2442 3621 poenae,
2487 3546 2747 3623 adeoque

344 3648 443 3688 eas
472 3629 619 3688 ferre
646 3628 953 3705 patiend03
998 3627 1101 3687 sed
1128 3646 1247 3685 non
1273 3626 1463 3704 potuit
1486 3646 1587 3685 eas
1614 3626 1839 3685 mereri.
1911 3629 1968 3685 3.
2009 3625 2112 3683 An
2139 3624 2300 3683 aliud
2327 3645 2453 3685 esse
2482 3624 2645 3703 loqui
2672 3626 2746 3684 de

344 3710 613 3768 libertate
640 3709 928 3768 viatorum
956 3717 1015 3767 et
1042 3708 1583 3783 comprehensorum
1602 3709 1631 3765 Ρ
1675 3708 1748 3765 R.
1795 3703 1912 3765 Sed
1953 3726 2084 3764 cum
2125 3703 2326 3763 eadem
2369 3702 2578 3765 debeat
2618 3724 2746 3764 esse

346 3788 539 3866 quoad
566 3788 897 3847 essentialia
924 3788 1070 3847 ratio
1098 3786 1357 3846 formalis
1382 3786 1684 3861 libertatis,
1717 3786 1767 3845 si
1793 3785 1891 3847 isti
1917 3786 2244 3845 libertatem
2271 3784 2488 3845 habent
2525 3784 2743 3863 perfec-

343 3869 629 3928 tissimam
658 3868 781 3927 sine
810 3867 1211 3941 indifferentia,
1242 3887 1358 3926 non
1383 3874 1575 3944 potest
1602 3866 1719 3925 dici
1745 3864 1822 3923 ad
1849 3865 2156 3925 essentiam
2185 3866 2313 3943 ejus
2341 3865 2644 3942 pertinere.

425 3948 575 4008 VII.
622 3947 905 4023 Secundo,
938 3947 1089 4022 Quia
1114 3947 1387 4006 voluntas
1410 3966 1708 4023 nunquam
1734 3954 1926 4022 potest
1952 3965 2080 4005 esse
2121 3946 2246 4005 sine
2273 3944 2748 4005 determinatione

344 4036 465 4087 tam
493 4028 819 4088 extrinseca
845 4048 881 4086 a
910 4027 1022 4085 Dei
1048 4026 1429 4104 providentia,
1460 4046 1634 4103 quam
1674 4026 1986 4085 intrinseca
2027 4025 2100 4085 ab
2142 4024 2471 4097 intellectus
2504 4026 2745 4103 judicio,

346 4117 415 4168 ut
443 4116 615 4167 antea
640 4108 946 4185 probatum
974 4107 1109 4181 fuit3
1159 4104 1265 4185 (Et
1288 4107 1437 4165 Bell.
1460 4107 1583 4183 ipse
1610 4106 1723 4165 hoc
1749 4106 1958 4183 probat
1984 4105 2164 4163 variis
2190 4105 2512 4165 rationibus
2536 4106 2641 4164 lib.
2663 4103 2746 4165 iii.

348 4188 423 4247 de
452 4208 573 4266 gra.
605 4198 665 4247 et
690 4187 791 4246 lib.
822 4187 965 4245 arbi.
994 4208 1045 4246 c.
1065 4185 1150 4265 8.)
1237 4186 1397 4264 Ergo
1438 4206 1556 4244 non
1582 4194 1775 4263 potest
1799 4186 2006 4263 positis
2033 4185 2301 4245 omnibus
2339 4186 2418 4243 ad
2457 4185 2748 4263 agendum

346 4268 646 4344 requisitis
674 4286 846 4344 agere
874 4268 973 4326 vel
992 4286 1110 4325 non
1138 4286 1328 4343 agere.
1412 4266 1583 4326 Alias
1610 4286 1718 4325 nec
1746 4275 1902 4326 esset
1927 4274 2136 4340 creata,
2165 4267 2304 4343 quia
2329 4286 2446 4325 non
2473 4265 2751 4342 penderet

341 4362 385 4405 'a
413 4349 541 4406 Deo
564 4370 579 4424 ;
624 4347 748 4407 Nec
767 4346 1082 4423 rationalis,
1114 4346 1251 4424 quia
1278 4354 1477 4405 contra
1502 4346 1743 4408 rationis
1761 4346 2048 4423 judicium
2076 4355 2292 4425 ageret,
2321 4354 2382 4405 et
2407 4346 2623 4405 malum
2642 4345 2750 4403 sub

346 4428 569 4486 ratione
596 4426 735 4485 mali
762 4434 1075 4505 appeteret.
1162 4426 1285 4483 Nec
1313 4425 1505 4484 obstat
1531 4426 1690 4502 quod
1717 4425 1930 4485 dicitur
1950 4446 2076 4485 esse
2106 4426 2178 4486 de
2222 4426 2444 4486 ratione
2480 4424 2748 4483 volunta·

347 4507 425 4565 tis
452 4506 665 4578 liberae,
696 4515 763 4566 ut
792 4506 1041 4583 seipsam
1068 4505 1427 4580 determinet,
1458 4504 1596 4582 quia
1624 4505 1998 4566 subordinata
2024 4526 2143 4565 non
2182 4514 2444 4583 pugnant
2468 4527 2483 4564 ε
2527 4505 2618 4561 De
2661 4524 2748 4562 ra-

347 4586 505 4645 tione
532 4586 767 4663 quidem
795 4585 1114 4645 voluntatis
1142 4593 1248 4660 est,
1275 4593 1345 4645 ut
1369 4604 1406 4642 a
1432 4605 1495 4651 se
1522 4584 1954 4663 determinetur,
1990 4585 2096 4645 sed
2122 4604 2241 4643 non
2280 4605 2316 4643 a
2356 4604 2419 4643 se
2461 4583 2622 4659 sola3
2669 4584 2754 4642 sic

348 4666 752 4727 determinatio
778 4666 1098 4727 voluntatis
1138 4685 1257 4727 non
1298 4664 1557 4727 excludit
1598 4664 1703 4725 sed
1743 4666 2016 4749 supponit
2056 4664 2589 4725 determinationem
2620 4664 2749 4723 Dei.
