3300 5225
403 364 632 414 QnAEs‘r.
661 341 781 424 ιιι.]
1267 362 1346 400 m:
1375 361 1663 402 necun'ms
1692 361 1812 418 nm,
1844 361 1973 401 nro.
2688 345 2807 404 285

402 513 466 564 ta
493 503 904 578 conditionata,
933 501 1072 579 quia
1095 521 1215 560 non
1241 502 1531 580 pertinent
1557 500 1636 560 ad
1662 501 2023 561 voluntatem
2050 500 2473 577 decernentem,
2516 501 2619 561 sed
2665 522 2811 583 prae·-

403 585 730 663 cipientem,
761 590 820 641 et
865 590 1000 642 sunt
1039 583 1384 660 appendices
1425 582 1827 641 mandatorum
1868 582 2213 657 divinorum,
2257 602 2389 659 quae
2427 601 2532 662 per
2578 585 2832 654 modum,

405 664 627 724 stimuli
655 663 772 721 illis
799 662 1092 722 adduntur
1119 662 1194 720 ad
1221 663 1484 722 homines
1511 660 1871 721 excitandos
1956 661 2052 720 Ita
2078 662 2179 739 qui
2204 663 2491 739 promittit
2530 670 2590 721 et
2629 664 2812 722 mina-

403 753 501 803 tur
529 744 637 802 sub
667 742 994 803 conditione
1021 743 1257 817 incerta,
1287 763 1404 801 non
1432 742 1695 821 praedicit
1722 751 1823 800 aut
1850 741 2107 800 decernit
2134 740 2277 819 quid
2306 742 2384 801 sit
2421 741 2613 819 reipsa
2640 763 2815 802 even-

405 832 616 898 turum,
649 823 753 882 sed
779 830 1004 881 tantum
1031 821 1249 880 indicat
1276 822 1418 899 quid
1445 822 1678 881 evenire
1706 829 1880 898 queat
1916 821 2243 881 conditione
2290 823 2551 900 praestita
2574 823 2672 882 vel
2715 843 2813 882 ne·

407 903 617 981 glecta.
702 901 876 961 Unde
905 901 1052 961 tales
1078 903 1486 979 promissiones
1519 910 1578 961 et
1604 901 2077 960 comminationes
2104 902 2418 962 ostendunt
2444 910 2669 961 tantum
2716 922 2814 962 ne-

407 983 720 1042 cessarium
747 1001 964 1041 nexum
993 981 1340 1041 conditionis
1367 1001 1498 1040 cum
1547 981 1957 1057 conditionate,
2008 979 2113 1040 sed
2154 981 2374 1041 nullam
2422 982 2817 1042 futuritionem

408 1063 494 1122 rei
520 1062 847 1122 involvunt.
931 1062 1019 1120 At
1046 1061 1278 1122 decreta
1303 1061 1522 1122 habent
1547 1061 1853 1120 veritatem
1882 1061 2267 1139 categoricam
2284 1062 2357 1121 de
2385 1082 2447 1121 re
2474 1061 2685 1140 futura,
2716 1071 2817 1122 aut

405 1161 526 1202 non
552 1141 762 1201 futura„

490 1222 610 1280 XI.
656 1220 936 1296 Quamvis
964 1221 1153 1280 omnis
1179 1221 1485 1298 promissio
1511 1219 1612 1278 vel
1639 1221 2008 1281 comminatio
2035 1222 2413 1299 hypothetica
2439 1222 2667 1282 refundi
2715 1222 2813 1281 de·

405 1301 543 1361 beat
568 1301 816 1360 mediate
845 1301 906 1358 in
933 1300 1170 1378 aliquod
1197 1299 1492 1359 decretum
1529 1320 1564 1358 a
1592 1319 1708 1376 quo
1735 1300 1984 1376 pendeat
2007 1323 2021 1377 ;
2066 1321 2185 1360 non
2228 1301 2401 1360 debet
2448 1321 2575 1360 esse
2620 1302 2815 1360 decre-

406 1389 532 1440 tum
553 1380 1024 1453 conditionatum,
1058 1378 1163 1438 sed
1189 1379 1518 1438 absolutum
1542 1401 1556 1454 ;
1600 1398 1719 1437 non
1762 1379 1997 1455 quidem
2027 1379 2099 1439 de
2127 1381 2469 1440 executione
2512 1381 2598 1439 rei
2638 1381 2814 1457 illius,

405 1479 509 1519 seu
538 1460 612 1518 de
639 1461 768 1537 ejus
796 1467 952 1518 certa
977 1459 1332 1532 futuritione,
1364 1457 1468 1517 sed
1495 1466 1721 1517 tantum
1748 1458 1822 1516 de
1850 1460 1979 1536 ejus
2008 1479 2139 1517 cum
2184 1460 2299 1518 alia
2341 1458 2634 1518 infallibili
2681 1481 2816 1519 con--

406 1541 694 1614 nexione;
737 1558 797 1598 v.
828 1559 886 1616 g.
928 1539 1245 1616 propositio
1287 1538 1646 1615 Evangelica
1688 1538 1960 1596 servandi
1998 1549 2331 1616 peccatores
2374 1541 2424 1597 si
2472 1539 2819 1600 crediderint

403 1619 609 1678 nititur
629 1619 824 1697 aliquo
846 1618 1094 1693 decreto,
1125 1637 1243 1677 non
1263 1617 1498 1695 quidem
1516 1618 1600 1677 rei
1620 1617 1992 1693 futuritionis,
2017 1619 2187 1695 quasi
2202 1619 2469 1678 omnibus
2498 1618 2820 1680 decreverit

406 1699 544 1758 dare
573 1698 819 1758 salutem
849 1698 958 1758 sub
985 1698 1314 1757 conditione
1341 1697 1495 1774 fidei,
1527 1697 1632 1757 sed
1659 1698 2032 1772 connexioms,
2078 1717 2196 1775 qua
2234 1698 2409 1757 fidem
2450 1718 2583 1757 cum
2632 1700 2818 1758 salute

407 1777 796 1837 indissolubili
823 1797 988 1836 nexu
1015 1778 1234 1837 sociare
1268 1778 1497 1838 voluit:
1544 1778 1641 1838 Sic
1682 1798 1861 1855 quum
1904 1777 2123 1838 Paulus
2165 1779 2547 1838 comminatur
2584 1789 2819 1838 mortem

405 1860 516 1916 illis
544 1860 644 1934 qui
679 1860 980 1917 secundum
1006 1879 1235 1916 carnem
1259 1859 1520 1932 vixerint,
1553 1858 1723 1916 Rom.
1756 1857 1881 1917 viii.
1928 1861 2021 1933 13,
2050 1878 2350 1936 perperam
2377 1859 2508 1935 quis
2536 1858 2671 1918 inde
2700 1859 2817 1918 col-

405 1937 616 2015 ligeret
646 1938 836 1996 Deum
864 1937 1157 1996 decretum
1187 1938 1644 1997 conditionatum
1674 1936 1880 1996 fecisse
1908 1936 1981 1995 de
2009 1939 2266 1997 omnium
2303 1947 2505 2014 morte,
2538 1939 2587 1996 si
2614 1939 2819 1998 vivant
2895 1938 2901 1943 “

407 2017 726 2076 secundum
755 2036 984 2076 carnem
1009 2038 1024 2092 3
1069 2016 1173 2075 sed
1199 2025 1425 2085 tantum
1457 2016 1646 2075 Deum
1674 2025 1977 2094 peccatum
2004 2025 2064 2076 et
2090 2025 2333 2076 mortem
2353 2018 2589 2077 vinculo
2616 2019 2817 2077 arctis-

408 2095 554 2155 simo
583 2097 735 2155 inter
763 2115 825 2155 se
855 2096 1245 2173 conjunxisse.
1335 2096 1432 2156 Sic
1458 2115 1663 2155 verum
1706 2104 1797 2155 est
1840 2097 2011 2155 bruta
2052 2097 2174 2155 fore
2216 2097 2477 2172 risibilia,
2527 2098 2577 2156 si
2624 2106 2820 2157 essent

405 2175 738 2252 rationalia;
767 2195 938 2234 nemo
967 2183 1162 2235 tamen
1189 2175 1404 2234 dixerit
1428 2182 1733 2252 propterea
1763 2176 1953 2234 Deum
1982 2176 2309 2235 decrevisse
2336 2177 2726 2236 conditionate
2753 2185 2821 2237 ut

405 2255 578 2315 bruta
605 2255 722 2315 sint
748 2255 1009 2329 risibilia,
1041 2255 1092 2313 si
1121 2256 1238 2314 sint
1273 2255 1611 2329 rationalia5
1658 2253 1869 2315 sufficit
1908 2263 1975 2314 ut
2013 2256 2149 2314 talis
2189 2256 2505 2333 propositio
2548 2255 2821 2315 fundetur

406 2335 469 2393 in
498 2335 732 2395 decreto
759 2335 1033 2413 generali,
1064 2354 1180 2411 quo
1208 2334 1396 2394 voluit
1436 2335 1823 2394 risibilitatem
1866 2353 1994 2394 esse
2035 2335 2443 2413 proprietatem
2470 2335 2727 2412 rationiS,
2760 2345 2820 2396 et

407 2415 616 2473 nullibi
645 2434 770 2474 esse
798 2415 1097 2490 rationem,
1129 2415 1270 2491 quin
1299 2434 1427 2474 eam
1456 2415 1763 2473 comitetur
1786 2414 2107 2474 risibilitas.
2189 2414 2413 2473 Eodem
2456 2435 2630 2474 sensu
2670 2416 2818 2474 bene

407 2494 591 2552 infero
617 2503 949 2572 peccatores
978 2514 1178 2553 omnes
1207 2502 1498 2553 servatum
1525 2493 1598 2551 iri
1625 2494 1677 2553 si
1720 2492 2087 2570 crediderint,
2132 2513 2249 2553 non
2298 2513 2373 2554 ex
2421 2494 2542 2554 ullo
2586 2495 2817 2554 decreto

407 2574 817 2651 conditionato,
850 2573 954 2635 sed
981 2594 1057 2634 ex
1085 2574 1194 2633 hac
1221 2574 1466 2633 veritate
1493 2573 1753 2651 generali
1780 2573 2121 2649 certissima,
2152 2593 2325 2651 quam
2376 2574 2538 2634 Deus
2586 2574 2819 2636 decreto

407 2674 514 2713 suo
541 2655 810 2714 absoluto
839 2654 1102 2730 sancivit,
1133 2654 1308 2713 fidem
1337 2654 1560 2713 scilicet
1587 2672 1715 2712 esse
1756 2654 2010 2713 medium
2051 2654 2355 2713 infallibile
2397 2654 2636 2731 salutis;
2681 2656 2820 2731 quia

407 2733 562 2793 enim
587 2734 818 2793 unicam
856 2736 1008 2793 hanc
1034 2734 1192 2792 viam
1216 2734 1480 2793 homines
1509 2733 1836 2793 deducendi
1862 2732 1939 2791 ad
1966 2734 2209 2793 salutem
2238 2734 2506 2808 instituit,
2555 2734 2691 2793 hinc
2717 2754 2816 2794 ve-

405 2814 548 2873 ritas
574 2814 984 2892 propositionis
1012 2813 1180 2873 istius
1208 2813 1600 2892 hypotheticae
1627 2814 1879 2891 exurgit,
1910 2815 1980 2872 Si
1991 2824 2263 2889 peccator
2282 2814 2463 2873 credit
2484 2816 2816 2891 servabitur,

407 2912 538 2971 quse
565 2894 992 3032 conffiquentiae
1019 2900 1244 2953 tantum
1282 2893 1638 2954 cel-tudinem
1666 2901 1848 2970 notat,
1892 2913 2009 2952 non
2034 2896 2175 2954 vero
2218 2894 2622 2971 consequentis
2662 2895 2817 2972 posi-

386 2974 622 3032 ·tionem
658 2974 672 2988 ‘
741 2983 846 3034 ert.

504 3052 661 3112 XII.
723 3055 1030 3113 Consilium
1078 3052 1237 3131 quod
1281 3054 1560 3113 Pharisaei
1609 3053 1883 3114 dicuntur
1928 3054 2200 3134 rejecisse
2244 3053 2526 3114 adversus
2574 3052 2812 3133 seipsos,

407 3132 552 3191 Luc.
580 3132 682 3190 vii.
713 3135 810 3209 30,
841 3154 960 3193 non
985 3142 1152 3194 notat
1178 3133 1473 3194 decretum
1498 3134 1685 3193 ullum
1714 3134 2171 3194 conditionatum
2199 3134 2272 3194 de
2311 3134 2612 3195 servandis
2658 3134 2811 3193 Pha-

405 3210 590 3270 risaeis
619 3210 726 3270 sub
755 3212 1082 3271 conditione
1109 3212 1246 3270 fidei
1267 3220 1326 3272 et
1351 3214 1723 3290 poenitentiae,
1748 3214 1853 3273 sed
1874 3215 2231 3274 voluntatem
2257 3214 2531 3290 mandati,
2552 3215 2812 3274 testimo-

407 3291 570 3349 nium
598 3290 819 3349 scilicet
845 3291 1136 3350 ‚Iohannis
1164 3290 1236 3349 de
1266 3292 1513 3367 Christe,
1540 3313 1646 3370 per
1672 3292 1831 3370 quod
1859 3294 2021 3352 Deus
2065 3294 2371 3354 consilium
2414 3294 2486 3352 iis
2530 3293 2707 3353 dabat
2734 3293 2807 3352 de

405 3368 580 3427 modo
609 3368 968 3447 adipiscendi
995 3369 1240 3429 salutem
1269 3379 1557 3446 aeternam,
1589 3391 1706 3448 quo
1743 3392 1918 3431 sensu
1968 3373 2214 3433 sumitur
2255 3392 2375 3432 vox
2418 3372 2663 3450 consilii,
2713 3374 2810 3432 Ps.

407 3448 543 3507 cvii.
577 3450 649 3506 11
675 3470 692 3525 3
738 3448 912 3509 Prov.
941 3449 980 3508 i.
1011 3451 1108 3523 25,
1140 3451 1218 3509 30
1257 3470 1274 3526 3
1318 3449 1472 3528 Apo.
1499 3450 1584 3509 iii.
1617 3454 1710 3526 18,
1740 3460 1800 3511 et
1826 3451 1985 3511 alibi.

490 3528 681 3586 XIII.
728 3527 898 3602 Quod
923 3528 1186 3605 habetur,
1229 3532 1260 3587 1
1297 3529 1452 3588 Sam.
1496 3530 1558 3590 ii.
1605 3531 1701 3604 30,
1749 3531 1785 3564 “
1814 3531 2092 3589 Dixeram
2138 3531 2311 3607 plane
2354 3528 2589 3588 domum
2632 3537 2810 3605 tuam,

408 3614 469 3665 et
495 3606 731 3666 domum
761 3607 951 3667 Patris
977 3608 1330 3668 incessuram
1359 3628 1551 3667 coram
1578 3627 1671 3667 me
1699 3608 1760 3666 in
1786 3617 2159 3686 perpetuum3
2205 3610 2261 3667 N
2262 3628 2375 3667 unc
2402 3628 2542 3665 vero
2569 3608 2722 3667 absit
2748 3616 2815 3667 ut

407 3686 520 3745 hoc
547 3686 814 3762 faciam,'’
844 3695 904 3746 et
929 3706 1054 3765 cap.
1085 3687 1209 3746 xiii.
1243 3690 1336 3764 13,
1371 3689 1408 3721 “
1439 3688 1504 3747 Si
1544 3706 1839 3747 servasses
1885 3686 2222 3747 mandatum
2267 3686 2505 3746 Domini
2553 3687 2667 3746 Dei
2706 3688 2809 3763 tui,

407 3766 789 3825 stabilivisset
807 3786 1050 3844 regnum
1077 3774 1242 3827 tuum
1259 3766 1320 3825 in
1340 3774 1683 3845 perpetuum
1700 3767 1757 3827 2’'
1803 3766 2119 3825 Ptomissio
2144 3775 2233 3826 est
2259 3768 2413 3825 facta
2437 3766 2598 3825 Sauli
2623 3766 2816 3844 posita

409 3846 540 3923 ejus
567 3844 912 3921 obedientia,
943 3866 1072 3923 quae
1099 3866 1217 3905 non
1243 3846 1448 3906 nititur
1475 3845 1706 3905 decreto
1733 3846 1855 3905 ullo
1884 3845 2293 3922 conditionato,
2325 3846 2397 3904 de
2424 3864 2488 3903 re
2532 3865 2662 3922 quse
2704 3866 2813 3905 nec

406 3924 517 3984 fuit
543 3944 815 4002 unquam,
845 3945 954 3984 nec
981 3926 1174 3986 futura
1200 3934 1338 4001 erat,
1361 3925 1465 3985 sed
1491 3933 1717 3985 tantum
1739 3924 2096 3985 connexione
2123 3946 2159 3985 a
2178 3927 2305 3985 Deo
2326 3924 2639 3985 constituta
2664 3925 2815 3985 inter

447 4004 680 4064 ietatem
708 4013 768 4064 et
793 4004 992 4065 vitam.
1361 4008 1367 4013 ”

406 4023 446 4081 P
490 4083 674 4143 XIV.
719 4084 878 4143 Loca
903 4084 1067 4143 varia
1097 4083 1422 4163 Scripturas,
1454 4103 1584 4161 quse
1609 4082 1930 4161 loquuntur
1955 4082 2028 4143 de
2054 4085 2228 4144 rebus
2254 4084 2463 4143 futuris
2489 4083 2679 4162 posita
2704 4084 2815 4143 hac

409 4163 507 4222 vel
547 4163 650 4221 illa
689 4163 1054 4239 conditione;
1097 4164 1291 4240 qualia
1333 4171 1485 4240 sunt,
1517 4164 1668 4225 Gen.
1697 4184 1802 4223 xx.
1832 4167 1867 4221 7
1893 4186 1909 4239 ;
1954 4167 1991 4221 2
2025 4164 2179 4223 Sam.
2208 4164 2352 4222 xvii.
2386 4167 2438 4239 l,
2471 4168 2527 4238 2,
2579 4166 2634 4236 3,
2680 4184 2813 4222 cum

410 4262 468 4301 v.
503 4245 608 4318 143
652 4250 712 4301 et
737 4242 904 4302 xxiv'.
938 4245 1048 4319 133
1091 4244 1136 4302 J
1139 4262 1218 4303 er.
1247 4242 1370 4302 xvi.
1402 4246 1457 4319 3,
1489 4246 1546 4319 4,
1577 4250 1636 4302 et
1663 4243 1805 4301 xvii.
1838 4246 1933 4318 24,
1964 4244 2061 4318 25,
2092 4246 2189 4319 26,
2220 4252 2279 4303 et
2305 4242 2555 4301 xxxviii.
2590 4246 2682 4318 17,
2718 4246 2811 4317 18,

409 4320 536 4380 xlii.
567 4324 624 4396 9,
659 4324 751 4397 10,
782 4342 900 4380 ιιοιι
925 4322 1180 4381 inferunt
1205 4322 1327 4382 ulla
1353 4322 1584 4383 decreta
1609 4323 2020 4397 conditionata,
2050 4323 2155 4382 sed
2180 4331 2385 4383 notant
2410 4330 2635 4381 tantum
2680 4342 2813 4399 pro·
2882 4368 2885 4373 .

409 4400 732 4475 missiones,
763 4401 862 4460 vel
890 4402 1364 4461 comminationes
1391 4403 1600 4477 varias,
1632 4421 1763 4478 quse
1796 4402 2108 4461 ostendunt
2148 4402 2383 4480 quidem
2410 4400 2815 4461 certitudinem

409 4480 790 4540 connexionis
815 4480 988 4540 unius
1017 4500 1147 4539 cum
1175 4482 1306 4557 alio,
1336 4501 1395 4541 v.
1427 4502 1484 4558 g.
1515 4481 1859 4541 obedientiae
1888 4489 1947 4541 et
1986 4482 2439 4541 conservationis
2480 4500 2549 4539 ac
2590 4480 2812 4554 salutis,

410 4560 744 4618 rebellionis
771 4568 831 4620 et
858 4560 1057 4637 exitii;
1101 4561 1206 4619 sed
1232 4580 1350 4621 non
1378 4561 1771 4621 futuritionem
1798 4569 2041 4621 eventus
2069 4561 2166 4620 vel
2202 4560 2451 4620 absoluti
2478 4559 2577 4618 vel
2618 4558 2813 4617 condi-

413 4639 637 4715 tionati,
667 4639 884 4717 quidve
913 4639 984 4699 de
1012 4640 1104 4698 his
1133 4640 1228 4698 vel
1257 4640 1375 4699 illis
1405 4640 1567 4699 Deus
1594 4640 1933 4699 nominatim
1961 4640 2299 4699 decreverit.
2372 4640 2449 4697 Et
2475 4640 2585 4696 hoc
2614 4656 2683 4694 eo
2713 4656 2815 4695 ve·
