3300 5225
516 349 632 411 186
1544 366 1727 409 Locus
1753 367 2022 409 marrus.
2543 344 2802 427 [eumer.
2831 366 2916 407 xr.

502 507 565 565 in
592 506 791 567 ordine
832 506 909 567 ad
936 508 1289 585 creaturam,
1317 508 1456 585 quia
1492 528 1648 569 nova
1689 508 1892 568 relatio
1933 508 2020 567 illi
2045 504 2307 569 accessit.
2390 505 2472 566 Et
2495 506 2692 585 quoad
2729 506 2912 568 aetio-

502 608 637 647 nem
663 588 913 665 creandi,
939 608 1071 648 cum
1100 588 1177 648 sit
1202 589 1488 667 musicus
1514 609 1633 648 non
1659 589 1996 665 immanens,
2020 607 2138 647 non
2164 596 2284 647 tam
2311 594 2404 649 est
2427 586 2491 647 in
2517 586 2648 647 Deo
2673 606 2850 665 quam
2875 607 2916 649 a

509 667 656 727 Deo·

584 747 697 807 VI.
742 747 905 807 Deus
942 768 1049 826 per
1088 746 1539 807 incarnationem
1576 767 1698 807 non
1737 756 1828 810 est
1867 754 2157 823 mutatus;
2214 746 2355 824 quia
2379 745 2530 819 λέγος
2563 764 2698 807 caro
2723 745 2914 807 factus

498 834 606 902 est,
629 847 749 886 non
774 828 1151 887 conversione
1178 834 1267 887 τοῦ
1292 826 1453 901 λέγων
1479 828 1541 885 in
1561 846 1809 904 earnem,
1833 828 1938 889 sed
1963 827 2355 905 assumptione
2383 827 2575 887 earnis
2598 824 2676 886 ad
2696 827 2912 905 hypos-

502 907 675 965 tasim
704 905 879 980 Myso.

580 987 729 1047 VII.
773 987 958 1047 Aliud
984 994 1076 1046 est
1100 996 1321 1045 mutare
1358 988 1714 1061 voluntatem,
1746 985 1906 1048 aliud
1931 988 2070 1045 velle
2109 984 2357 1064 alicujus
2397 985 2483 1045 rei
2509 986 2872 1045 mutationem
2886 1008 2910 1046 .·

504 1066 665 1125 Deus
690 1076 883 1145 potest
910 1065 1061 1127 velle
1081 1068 1369 1125 variarum
1396 1086 1587 1125 rerum
1614 1066 2010 1141 mutationem,
2039 1074 2106 1125 ut
2133 1065 2552 1125 institutionem
2580 1074 2640 1126 et
2665 1066 2910 1144 abroga-

498 1146 717 1205 tionem
745 1148 935 1207 cultus
958 1146 1221 1223 Levitici,
1244 1145 1348 1205 sed
1373 1146 1677 1206 immutata
1695 1154 1960 1204 manente
1988 1145 2116 1223 ejus
2143 1145 2460 1220 voluntate,
2478 1146 2618 1223 quia
2643 1144 2718 1203 ab
2746 1154 2911 1204 aeter-

500 1244 579 1283 no
622 1226 799 1285 talem
844 1226 1218 1285 mutationem
1254 1226 1381 1303 jam
1424 1224 1716 1286 decrevit..
1790 1225 1888 1285 Sic
1930 1225 2006 1283 ab
2049 1232 2264 1285 aeterno
2309 1224 2604 1285 decretum
2647 1223 2786 1284 fecit
2831 1225 2908 1285 de

496 1304 714 1363 mundo
732 1304 979 1365 creando
1007 1314 1066 1365 et
1091 1305 1168 1363 ad
1188 1314 1409 1365 eertum
1436 1313 1665 1384 tempus
1691 1304 2106 1380 conservando,
2131 1304 2236 1363 sed
2261 1312 2463 1381 postea
2489 1304 2562 1364 de
2588 1324 2658 1364 eo
2687 1304 2910 1365 diluvio

496 1384 809 1461 perdendO.
882 1383 1107 1445 Eodem
1132 1385 1307 1445 modo
1334 1384 1409 1445 de
1437 1385 1678 1445 scientia
1705 1383 2165 1443 ratiocinandum
2191 1392 2320 1461 est;
2363 1384 2619 1463 cognitio
2647 1384 2762 1444 Dei
2787 1398 2908 1445 non

496 1472 752 1524 mutatur
778 1485 909 1525 cum
937 1485 999 1524 re
1028 1465 1279 1543 cognita,
1310 1464 1447 1542 quia
1476 1465 1637 1524 Deus
1665 1465 1768 1541 qui
1793 1482 1921 1522 eam
1948 1464 2131 1541 novit,
2162 1483 2280 1523 non
2305 1463 2480 1525 modo
2513 1464 2734 1524 sciebat
2758 1465 2910 1525 hanc

496 1544 878 1605 mutationem
904 1543 1173 1620 futuram,
1205 1545 1310 1606 sed
1336 1544 1511 1603 etiam
1538 1560 1668 1605 eam·
1695 1544 2047 1603 decreverat.

578 1623 763 1683 VIII.
808 1624 995 1684 Aliud
1033 1634 1125 1683 est
1163 1642 1291 1683 esse
1318 1624 1728 1698 indifferentem
1767 1624 1844 1682 ad
1870 1624 2032 1681 varia
2057 1622 2320 1701 objecta3
2385 1621 2574 1683 Aliud
2598 1642 2739 1683 vero
2779 1642 2907 1685 esse

495 1704 830 1763 mutabilem.
916 1704 1106 1763 Causa
1131 1702 1533 1763 indifferentias
1560 1723 1680 1762 non
1705 1711 1796 1762 est
1829 1703 2204 1778 mutabilitas,
2235 1702 2341 1761 sed
2365 1703 2604 1763 libertas
2627 1725 2642 1779 3
2698 1705 2906 1763 volun·

495 1789 587 1841 tas
616 1783 732 1842 Dei
756 1783 945 1922 poltfflt
962 1802 1090 1844 esse
1115 1782 1447 1843 indifferens
1474 1791 1609 1843 ante
1636 1782 1950 1859 decretum,
1975 1783 2080 1843 sed
2104 1791 2239 1861 post
2265 1782 2560 1843 decretum
2579 1803 2698 1843 non
2716 1791 2908 1861 potest

498 1880 629 1921 esse
655 1871 817 1923 muta
861 1863 873 1876 '
904 1864 970 1923 ’s.

580 1941 700 2001 IX.
746 1943 1011 2003 Potestas
1038 1942 1303 2001 variandi
1338 1951 1503 2002 actus
1544 1962 1699 2018 suos,
1743 1960 1862 2001 non
1901 1949 1993 2001 est
2030 1942 2376 2021 principium
2413 1942 2816 2003 mutabilitatis
2842 1942 2907 2001 in

496 2038 576 2096 se,
620 2021 727 2080 sed
752 2030 977 2082 tantum
1017 2023 1079 2080 in
1105 2023 1351 2101 objectis
1378 2022 1517 2099 suis,
1546 2023 1660 2081 nisi
1697 2022 2056 2100 intelligatur
2081 2022 2154 2081 de
2195 2022 2512 2081 variatione
2553 2023 2909 2083 internorum

498 2118 733 2161 suorum
762 2111 1015 2178 actuum,
1044 2122 1191 2179 quos
1218 2102 1489 2161 voluntas
1516 2102 1772 2179 perfecta
1797 2122 1916 2161 non
1941 2102 2130 2161 variat
2147 2102 2252 2161 sed
2278 2101 2611 2179 imperfecta
2637 2110 2862 2162 tantum
2885 2124 2902 2180 ς

493 2199 631 2238 nam
658 2200 828 2241 nemo
857 2182 1151 2241 decretum
1178 2201 1347 2241 suum
1374 2182 1579 2258 variat,
1608 2182 1724 2241 nisi
1763 2182 1986 2261 aliquid
2011 2181 2362 2241 incommodi
2401 2181 2463 2239 in
2489 2200 2560 2242 eo
2587 2182 2904 2260 deprehen-

494 2259 634 2336 dat3
679 2259 839 2339 quod
864 2262 925 2319 in
954 2262 1145 2321 Deum
1172 2280 1292 2321 non
1317 2262 1491 2321 cadit.

576 2338 662 2400 X.
706 2340 893 2401 Aliud
918 2349 1009 2400 est
1036 2360 1307 2418 quarere,
1341 2341 1444 2400 An
1471 2342 1634 2401 Deus
1661 2341 1914 2419 potuerit
1939 2339 2017 2401 ad
2042 2342 2158 2401 alia
2177 2341 2408 2419 objecta
2433 2360 2496 2401 se
2523 2339 2906 2403 determinare

494 2438 669 2495 quam
710 2421 787 2479 ad
827 2441 897 2481 ea
936 2441 1065 2498 quse
1095 2421 1370 2497 decrevit,
1407 2430 1718 2498 antequam
1745 2421 1818 2480 de
1859 2420 1978 2481 illis
2003 2422 2314 2499 quicquam
2343 2421 2672 2499 statuisset3
2717 2421 2904 2483 Aliud

488 2518 648 2575 vero,
687 2498 789 2559 An
815 2500 1005 2578 posito
1033 2500 1263 2561 decreto
1291 2501 1543 2578 potuerit
1569 2500 1718 2560 illud
1743 2500 2069 2561 rescindere
2093 2525 2108 2577 3
2151 2501 2438 2579 posterius
2469 2521 2767 2578 negamus,
2799 2503 2905 2563 sed

491 2579 653 2656 prius
680 2580 1026 2641 asserimus:
1070 2580 1193 2640 Nec
1220 2588 1523 2659 propterea
1545 2580 1906 2645 mutabilitas
1930 2581 2053 2640 ulla
2082 2582 2209 2641 Deo
2237 2581 2600 2658 adscribitur,
2629 2582 2768 2660 quia
2799 2583 2902 2644 ille

490 2659 725 2718 demum
744 2661 953 2720 mutari
982 2661 1208 2736 dicitur,
1239 2661 1341 2739 qui
1369 2662 1521 2720 velle
1548 2661 1752 2739 incipit
1778 2660 1937 2740 quod
1961 2662 2214 2739 nolebat,
2243 2664 2342 2722 vel
2369 2663 2524 2722 nolle
2551 2662 2710 2741 quod
2735 2663 2894 2724 vole-

490 2738 595 2798 bat
617 2761 631 2815 ;
676 2739 837 2818 quod
862 2740 923 2798 in
953 2742 1082 2799 Deo
1107 2741 1301 2800 locum
1326 2760 1445 2800 non
1472 2741 1666 2801 habet.

571 2817 693 2878 XI.
722 2819 1057 2880 Poenitentia
1079 2820 1208 2879 Deo
1236 2819 1511 2880 tribuitur
1531 2824 1935 2903 ἅιθςοσοπιοὸς,
1955 2821 2062 2881 sed
2087 2821 2466 2899 intelligenda
2483 2829 2574 2882 est
2587 2824 2900 2904 Sus-guxzq

486 2917 607 2957 non
646 2899 869 2960 ratione
910 2899 1153 2976 consilii,
1202 2899 1306 2959 sed
1332 2909 1613 2977 eventus3
1658 2920 1774 2960 non
1803 2901 2140 2960 Voluntatis
2173 2902 2372 2979 ipsius,
2409 2900 2514 2962 sed
2549 2903 2636 2962 rei
2660 2905 2894 2980 volitoe3

485 2997 605 3036 non
632 2977 873 3039 affectus
910 2987 971 3039 et
1008 2979 1221 3039 interni
1261 2980 1493 3056 doloris,
1538 2981 1643 3042 sed
1685 2980 1924 3040 effectus
1969 2990 2030 3041 et
2069 2981 2296 3040 externi
2335 2981 2543 3059 operis,
2587 2983 2724 3059 quia
2759 2982 2899 3044 facit

486 3057 646 3134 quod
670 3059 845 3119 homo
872 3059 1159 3136 poenitens
1190 3061 1379 3120 facere
1417 3061 1581 3120 solet.
1671 3061 1736 3120 Si
1770 3061 1918 3122 Gen.
1948 3061 2029 3120 vi.
2063 3064 2118 3137 6,
2151 3063 2206 3136 8,
2243 3060 2373 3120 Deo
2405 3061 2678 3121 tribuitur
2709 3064 2892 3140 pesni-

484 3137 668 3197 tentia
694 3137 767 3198 de
795 3139 1081 3199 creatione
1108 3139 1359 3200 hominis
1378 3159 1507 3218 quse
1535 3159 1654 3200 non
1683 3149 1910 3218 poterat
1949 3139 2163 3200 infecta
2187 3139 2370 3216 reddi,
2400 3141 2780 3219 intelligenda
2805 3152 2896 3203 est

485 3235 603 3274 non
630 3222 907 3285 παθητικὸς
936 3219 1041 3280 sed
1066 3221 1403 3301 ὃνιςγιιτιιῧςς
1446 3220 1585 3279 licet
1610 3219 1765 3279 enim
1791 3220 1950 3298 quod
1976 3220 2192 3280 fecerat
2229 3240 2346 3279 non
2385 3229 2584 3298 posset
2621 3222 2897 3284 infectum

492 3297 659 3356 reddi
758 3317 787 3355 r
812 3319 929 3358 non
956 3301 1321 3376 creationem,
1350 3308 1576 3379 poterat
1601 3307 1798 3359 tamen
1820 3299 2034 3360 mutari
2059 3319 2164 3378 per
2189 3300 2580 3361 abolitionem.

568 3376 670 3436 XI
709 3421 725 3438 .
772 3378 1190 3440 Promissiones
1216 3389 1277 3440 et
1302 3380 1776 3440 comminationes
1803 3400 1934 3457 qum
1959 3399 2078 3438 non
2115 3381 2443 3457 implentur,
2485 3401 2606 3440 non
2644 3391 2898 3460 arguunt

484 3457 867 3518 mutationem
894 3460 1229 3536 voluntatis,
1260 3461 1397 3538 quia
1436 3459 1672 3520 fuerunt
1711 3460 2118 3519 conditionatae
2157 3480 2276 3519 non
2303 3460 2600 3538 absolutae,
2629 3470 2696 3522 ut
2733 3472 2896 3539 patet

484 3555 560 3597 ex
586 3538 631 3597 J
632 3557 712 3598 er.
742 3539 907 3598 xviii.
938 3545 993 3616 7,
1024 3541 1163 3600 licet
1188 3539 1443 3600 conditio
1472 3559 1593 3600 non
1618 3559 1774 3618 saepe
1793 3539 2166 3618 exprimatur,
2187 3540 2292 3601 sed
2311 3541 2496 3600 tacita
2521 3542 2598 3602 sit
2623 3550 2684 3603 et
2703 3542 2893 3620 impli-

482 3616 598 3676 cita
624 3637 755 3696 quae
783 3619 957 3680 debet
984 3619 1362 3698 subintelligi.

563 3697 754 3760 XIII.
800 3699 991 3774 Quum
1020 3701 1287 3760 Ezechiae
1313 3717 1469 3759 mors
1497 3698 1844 3777 praedicimr,
1876 3719 1994 3760 non
2019 3706 2254 3760 notatur
2272 3697 2417 3778 quid
2443 3700 2761 3762 secundum
2787 3721 2891 3762 vo·

480 3774 761 3837 luntatem
792 3780 903 3838 Dei
940 3789 1095 3839 esset
1119 3779 1409 3855 futurum3
1454 3779 1561 3839 sed
1584 3779 1730 3857 quid
1755 3780 2072 3840 seeundum
2099 3799 2330 3840 cursum
2357 3799 2662 3842 causarum
2689 3799 2892 3843 seeun-

482 3853 685 3914 darum
710 3858 917 3919 fuisset
942 3867 1301 3934 eventurum,
1330 3859 1445 3918 nisi
1474 3859 1635 3920 Deus
1663 3859 1775 3918 hoc
1801 3860 2219 3938 impedivisset.

564 3935 747 3996 XIV.
790 3938 1119 3998 Necessitas
1146 3938 1631 3998 immutabilitatis
1660 3959 1835 4015 quam
1863 3940 2170 3999 tribuimus
2193 3940 2340 4015 Dee,
2361 3959 2480 4000 non
2507 3939 2682 4000 infert
2707 3939 2890 4004 fatum

486 4013 745 4072 Stoicum
770 4038 784 4091 ;
828 4018 964 4094 quia
990 4027 1083 4077 est
1106 4026 1331 4077 tantum
1358 4018 1674 4077 necessitas
1710 4019 2052 4094 extrinseca,
2083 4029 2143 4080 et
2163 4039 2260 4079 -ex
2285 4020 2596 4098 hypothesi
2622 4021 2890 4080 volunta-

481 4092 559 4151 tis
586 4093 815 4170 divinae,
848 4097 1011 4155 salva
1037 4105 1305 4156 manente
1332 4116 1523 4156 rerum
1550 4097 1820 4160 libertate
1845 4109 1906 4161 et
1931 4100 2344 4179 contingentia,
2369 4109 2436 4161 ut
2453 4109 2657 4180 postea
2680 4102 2887 4180 proba-

478 4171 637 4232 bitur
662 4192 840 4251 quum
866 4175 942 4236 de
970 4175 1234 4238 Decretis
1260 4183 1485 4254 agetur.
