3300 5225
318 340 547 390 Qums‘r.
578 321 711 404 xv.]
1322 341 1402 380 Dr.
1430 340 1714 382 rsccAro.
2601 323 2720 383 593

314 481 514 559 quitur
538 502 729 559 neque
760 483 949 542 Deum
976 482 1039 542 id
1061 483 1221 562 juste
1248 503 1419 562 posse
1443 504 1458 560 ;
1502 482 1641 562 quia
1667 482 1827 544 aliud
1853 491 1944 542 est
1969 483 2144 560 longe
2177 481 2365 542 forum
2390 484 2724 560 humanum,

314 573 375 621 et
402 561 699 640 divinum;
744 571 867 622 tum
894 573 1159 642 respectu
1181 565 1425 641 justitiae
1456 564 1569 622 Dei
1596 583 1726 641 quae
1769 563 2040 639 severior,
2070 572 2192 623 tum
2221 572 2484 640 respectu
2524 571 2726 642 poten-

312 641 429 716 tiae,
460 662 591 719 quae
617 643 791 720 longe
820 644 1020 721 major,
1054 663 1116 703 se
1159 644 1482 703 extendens
1510 644 1587 702 ad
1629 644 1786 721 ipsas
1829 645 2067 718 animas,
2097 651 2271 721 atque
2299 642 2381 702 ita
2407 644 2482 703 ad
2523 663 2726 722 poenas

312 722 470 800 ipsas
499 722 843 800 spirituales.
929 724 1051 783 Nec
1094 723 1302 783 modus
1330 723 1439 783 iste
1484 724 1764 802 puniendi
1809 731 2001 801 potest
2027 722 2144 783 dici
2170 743 2492 803 repugnare
2520 723 2721 801 gloriae

315 801 444 876 Dei,
477 823 545 861 eo
574 803 732 880 quod
759 804 868 863 hac
895 805 1115 864 ratione
1142 803 1203 862 in
1230 804 1575 863 immensum
1596 803 1962 863 cumulantur
1980 812 2232 882 peccata,
2253 823 2382 882 quae
2398 823 2502 881 per
2519 823 2722 882 poenas

312 890 557 941 aeternas
585 904 702 942 non
729 893 973 961 possunt
999 884 1133 961 elui,
1164 885 1280 942 imo
1309 883 1540 944 videtur
1566 882 1692 942 dari
1720 903 2024 962 processus
2045 883 2105 942 in
2133 883 2438 959 infinitum,
2459 891 2518 942 et
2538 883 2724 961 gloria

313 961 425 1020 Dei
452 962 589 1021 laedi
615 965 819 1041 magis,
851 985 1025 1042 quam
1049 965 1394 1043 promoveri.
1496 963 1645 1039 Quia
1689 964 1740 1023 si
1767 965 2133 1024 cumulantur
2177 972 2431 1040 peccata,
2465 964 2578 1023 hoc
2605 983 2724 1022 non

310 1041 379 1099 fit
406 1043 576 1120 culpa
606 1044 718 1102 Dei
744 1045 1053 1122 punientis,
1084 1044 1188 1104 sed
1214 1044 1462 1123 subjecti
1490 1045 1764 1122 patientis
1791 1045 1953 1103 vitio.
2038 1044 2160 1103 Nec
2187 1052 2430 1121 possunt
2449 1044 2566 1103 elui
2587 1063 2720 1122 pec·

310 1131 457 1198 cata,
510 1123 647 1200 quia
694 1144 989 1202 nunquam
1034 1125 1267 1202 reprobi
1312 1123 1585 1184 desinunt
1631 1144 1887 1202 peccare.
1991 1122 2190 1201 Atque
2229 1123 2315 1182 ita
2348 1131 2723 1200 promovetur

312 1202 501 1278 gloria
529 1203 656 1280 Dei,
689 1225 804 1263 non
832 1205 1231 1266 emendatione
1258 1204 1389 1263 vitii
1429 1206 1490 1262 in
1518 1204 1798 1283 subject0‚
1831 1203 1935 1263 sed
1978 1203 2407 1263 continuatione
2449 1212 2510 1262 et
2549 1203 2718 1262 dura-

312 1283 469 1343 tione
513 1304 699 1361 poenae
742 1285 803 1343 in
848 1305 954 1362 eo;
1018 1285 1173 1345 unde
1216 1304 1333 1343 non
1376 1285 1601 1361 mirum,
1634 1285 1685 1343 si
1728 1284 1866 1344 dum
1907 1284 1970 1342 in
2007 1291 2283 1343 aeternum
2311 1283 2720 1343 continuantur

310 1373 565 1440 peccata,
595 1365 656 1422 in
684 1374 962 1424 aeternum
991 1366 1164 1424 etiam
1192 1364 1602 1424 continuantur
1626 1384 1832 1442 poenae.

396 1443 646 1504 XVIII.
708 1443 1047 1504 Absurdum
1090 1453 1181 1504 est
1229 1444 1513 1503 solutione
1555 1442 1738 1504 debiti
1777 1443 1978 1521 augeri
2017 1443 2294 1520 debitum,
2326 1451 2386 1504 et
2422 1463 2526 1520 per
2562 1442 2713 1502 idem

311 1540 569 1581 crescere
598 1532 657 1584 et
698 1525 880 1583 minui
907 1533 1129 1584 reatum
1152 1547 1167 1601 3
1233 1522 1338 1583 sed
1376 1523 1587 1583 falsum
1614 1532 1704 1583 est
1745 1522 1869 1582 dari
1895 1523 2073 1584 ullam
2113 1523 2344 1600 plenam
2373 1523 2715 1582 solutionem

310 1601 511 1679 debiti,
544 1621 721 1680 quum
747 1613 985 1681 peccata
1010 1604 1264 1682 peccatis
1289 1604 1622 1682 puniuntur,
1654 1605 1748 1663 vel
1789 1611 2011 1663 reatum
2037 1603 2221 1661 minui
2247 1612 2348 1662 aut
2373 1602 2503 1662 tolli
2524 1625 2539 1680 3
2583 1602 2722 1681 quia

233 1695 243 1703 ·
311 1681 424 1818 ξοο
451 1683 517 1743 fit
546 1691 767 1742 tantum
794 1705 897 1761 per
923 1705 1153 1762 poenam
1172 1684 1508 1763 simplicem,
1532 1693 1593 1744 et
1618 1684 1719 1743 ubi
1741 1683 1910 1744 datur
1929 1683 2182 1764 perfecta
2202 1682 2536 1760 satisfactiO,
2560 1681 2720 1760 quod

354 1762 407 1821 ic
436 1783 553 1821 non
581 1762 847 1824 occurrit.
2305 1815 2314 1823 .

394 1841 584 1900 XIX.
649 1842 851 1902 Omnis
896 1862 1070 1920 poena
1118 1843 1365 1920 simplex
1412 1851 1503 1903 est
1548 1863 1584 1902 a
1628 1844 1757 1904 Deo
1797 1845 2052 1921 qffectebe,
2083 1842 2184 1903 sed
2221 1841 2431 1902 sufficit
2455 1849 2522 1902 ut
2546 1861 2719 1920 poena

310 1920 499 1980 mixta
547 1922 623 1982 sit
664 1922 738 1980 ab
783 1943 853 1982 eo
879 1924 1159 1983 directive.
1246 1923 1330 1983 Ut
1362 1942 1501 1982 vero
1544 1922 1607 1982 in
1648 1933 1887 2002 peccato
1929 1924 2042 1983 tria
2083 1922 2496 2001 distinguenda
2537 1929 2721 2004 santi

316 2004 343 2058 1
356 2045 370 2059 .
382 2003 556 2060 Actus
565 2003 846 2079 physicus,
862 2004 960 2080 qui
982 2003 1159 2062 habet
1178 2003 1459 2062 rationem
1476 2004 1816 2079 materialis3
1849 2008 1904 2063 2.
1917 2003 2057 2082 Ipsa
2077 2005 2273 2080 ἀνομία,
2288 2023 2418 2080 qnae
2434 2003 2610 2061 habet
2625 2022 2715 2060 ra-

308 2080 529 2140 tionem
558 2082 847 2160 formalis;
894 2087 951 2142 3.
970 2084 1263 2144 Judicium
1288 2085 1420 2158 Dei,
1453 2102 1557 2142 seu
1582 2083 2050 2161 poenalitas,quae
2077 2083 2417 2160 adjunctum
2445 2090 2536 2140 est
2573 2081 2714 2141 utri—

309 2179 494 2239 usque
518 2185 533 2238 ;
580 2162 690 2220 Ille
718 2165 986 2241 provenit
1012 2184 1048 2222 a
1077 2164 1203 2222 Deo
1231 2171 1468 2238 motore,
1501 2162 1625 2222 Ista
1652 2162 2035 2240 proficiscitur
2061 2171 2285 2222 tantum
2311 2182 2348 2220 a
2376 2161 2626 2220 Diabolo
2657 2169 2719 2221 et

309 2251 629 2320 peccatore,
663 2242 795 2302 Hoc
822 2262 961 2302 vero
988 2243 1203 2322 pendet
1229 2264 1265 2303 a
1293 2244 1421 2302 Deo
1440 2241 1658 2321 judice.
2501 2277 2503 2280 <

392 2321 547 2382 XX.
595 2321 760 2383 Licet
788 2323 1051 2384 Christus
1078 2343 1309 2382 omnem
1347 2342 1577 2400 poenam
1604 2323 1666 2380 in
1707 2341 1918 2399 genere
1944 2321 2114 2381 nobis
2152 2321 2404 2380 debitam
2433 2319 2717 2381 sustinere

308 2401 576 2462 debuerit
601 2403 733 2461 loco
758 2412 994 2480 nostr03
1053 2423 1171 2461 non
1213 2403 1474 2481 sequitur
1498 2421 1700 2462 omnes
1743 2403 1964 2480 species
2003 2421 2303 2481 poenarum
2331 2402 2525 2460 statim
2569 2400 2717 2460 ferre

308 2481 581 2542 debuisse
606 2505 619 2558 ;
664 2491 731 2542 ut
757 2483 943 2542 factus
970 2484 1205 2560 quidem
1232 2492 1321 2543 est
1341 2502 1445 2560 pro
1472 2482 1641 2542 nobis
1663 2482 2008 2564 maledictio,
2035 2481 2227 2542 Galat.
2249 2481 2330 2540 iii.
2357 2484 2450 2557 13,
2475 2479 2578 2540 sed
2597 2501 2717 2540 non

308 2571 613 2699 propterea
657 2583 857 2623 omnes
900 2564 1122 2643 species
1162 2563 1583 2623 maledictionis
1628 2571 1990 2623 enumeratas
2033 2563 2208 2622 Deut.
2247 2561 2453 2637 xxvii„
2486 2560 2712 2637 xxviii„

334 2663 457 2701 erre
486 2644 703 2703 debuit.
791 2645 889 2705 Sic
914 2645 1148 2704 morbos
1173 2652 1403 2703 nostros
1428 2643 1736 2722 pertulisse
1764 2644 1975 2704 dicitur
1998 2645 2076 2703 Is.
2099 2643 2203 2702 liii.
2233 2646 2290 2718 4,
2321 2650 2380 2701 et
2402 2643 2572 2700 Matt.
2591 2642 2714 2700 viii.

314 2726 407 2799 17,
438 2742 553 2782 non
582 2732 775 2784 tamen
800 2744 1005 2785 omnes
1030 2723 1359 2784 morborum
1390 2724 1609 2801 species
1629 2730 1822 2801 potest
1847 2724 1964 2783 dici
1982 2724 2082 2784 vel
2101 2723 2320 2797 tulisse,
2342 2722 2438 2781 vel
2461 2740 2714 2781 sanasse.

312 2802 471 2863 Hinc
500 2803 759 2864 defectus
785 2803 1044 2883 poenales
1071 2805 1132 2863 in
1172 2800 1469 2872 Βιαβλιίτους
1512 2812 1571 2863 et
1598 2803 1916 2881 culpabiles
1943 2803 2224 2880 distingui
2267 2801 2471 2878 solent,
2503 2802 2716 2880 quibus

308 2883 574 2942 Christus
603 2884 891 2945 obnoxius
919 2904 1045 2945 esse
1072 2904 1189 2945 non
1216 2884 1420 2963 potuit,
1451 2891 1511 2943 et
1535 2880 1871 2953 ἅδωβλῆτους
1893 2892 1952 2943 et
1971 2883 2257 2959 innoxios,
2281 2901 2428 2959 quos
2451 2881 2716 2941 Christus

304 2982 598 3023 assumere
641 2965 845 3042 potuit,
878 2966 983 3025 sed
1025 2984 1213 3043 neque
1259 2964 1529 3023 innoxios
1572 2983 1963 3041 quoscunque,
2007 2972 2073 3023 ut
2119 2961 2466 3041 personales,
2497 2962 2598 3039 qui
2639 2981 2716 3020 ex

306 3043 750 3118 particularibus
778 3046 967 3105 causis
994 3045 1057 3102 in
1085 3054 1271 3104 certas
1313 3064 1588 3121 personas
1630 3052 1981 3121 competunt,
2013 3043 2117 3103 sed
2155 3041 2448 3101 naturales
2487 3049 2714 3100 tantum

304 3124 367 3181 et'
395 3141 743 3197 communes,
774 3124 835 3180 in
882 3132 1069 3183 totum
1094 3144 1281 3202 genus
1316 3131 1666 3201 grassantes.
1771 3124 1866 3184 Ita
1910 3132 2067 3183 recte
2115 3122 2326 3182 dicitur
2373 3121 2715 3181 sustinuisse

304 3220 536 3259 omnem
563 3222 793 3279 poenam
822 3203 1157 3282 simplicem,
1189 3204 1293 3263 sed
1318 3225 1435 3263 non
1474 3224 1712 3264 necesse
1739 3212 1830 3263 est
1869 3212 1938 3262 ut
1971 3203 2168 3263 tulerit
2193 3222 2424 3281 poenam
2449 3203 2715 3263 mixtam.

310 3280 438 3338 Imo
466 3300 573 3339 nec
600 3281 804 3357 potuit,
835 3302 943 3355 nec
971 3282 1173 3341 debuit
1198 3302 1327 3341 eam
1354 3283 1501 3342 ferre
1526 3306 1540 3343 ε
1584 3284 1720 3341 Non
1745 3284 1950 3360 potuit,
1975 3284 2112 3360 quia
2138 3283 2240 3341 illa
2265 3303 2382 3341 non
2410 3282 2566 3341 cadit
2601 3282 2716 3341 nisi

308 3360 371 3418 in
398 3359 719 3436 subjectum
750 3370 1080 3440 corruptum
1124 3369 1185 3420 et
1210 3362 1484 3421 vitiosum
1507 3383 1523 3437 ;
1584 3362 1720 3419 Non
1765 3362 1984 3437 debuit,
2016 3362 2153 3439 quia
2197 3362 2470 3440 patiendo
2514 3361 2716 3422 debuit

304 3439 510 3499 tollere
536 3448 853 3518 peccatum,
884 3460 1003 3500 non
1046 3440 1357 3499 cumulare.
1464 3439 1689 3501 Sufficit
1731 3459 1872 3517 ergo
1914 3449 1982 3499 ut
2005 3460 2238 3518 poenam
2281 3440 2600 3517 simplicem
2627 3442 2711 3501 fe—

304 3518 503 3593 rend0,
533 3519 775 3578 mixtam
802 3520 977 3579 etiam
1005 3520 1319 3580 sustulerit.

390 3598 581 3659 XXI.
626 3599 905 3675 Quamvis
931 3608 1231 3678 peccatum
1260 3600 1335 3659 sit
1360 3618 1533 3677 poena
1558 3598 1798 3677 peccati,
1828 3618 1946 3658 non
1972 3605 2164 3677 potest
2189 3598 2325 3659 inde
2351 3598 2551 3675 colligi
2581 3598 2708 3675 jus-

304 3678 493 3738 titiam
524 3679 636 3738 Dei
663 3680 897 3757 exigere
925 3689 992 3739 ut
1018 3680 1284 3756 violetur,
1304 3688 1365 3739 et
1390 3688 1455 3739 ut
1482 3678 1809 3739 offendatur
1826 3680 1990 3739 Deus
2009 3679 2084 3737 ad
2113 3680 2204 3739 sui
2225 3669 2708 3755 satisfactioner‘n3

310 3758 428 3818 Sed
453 3766 679 3818 tantum
702 3759 891 3818 Deum
919 3778 1090 3837 posse
1116 3779 1222 3837 pro
1250 3759 1531 3837 sapientia
1554 3767 1617 3818 et
1635 3758 1866 3837 jusfitia
1893 3779 2013 3835 sua,
2045 3780 2121 3819 ex
2146 3760 2330 3837 ipsius
2349 3757 2594 3835 justitiae
2623 3757 2709 3817 di-

304 3838 565 3897 rectricis
593 3858 720 3916 quae
749 3839 808 3897 in
839 3840 999 3917 Lege
1039 3839 1331 3899 revelatur
1354 3839 1688 3913 violatione,
1730 3838 1938 3899 elicere
1979 3846 2181 3899 contra
2217 3838 2580 3917 peccantium
2621 3838 2710 3895 in·

302 3918 621 3977 tentionem
650 3927 707 3977 et
732 3920 957 3996 peccati
981 3919 1166 3997 ipsius
1192 3928 1473 3994 namram,
1490 3918 1735 3997 justitiae
1755 3918 2150 3979 vindicatricis
2169 3918 2706 3978 manifestationem.

307 3996 473 4056 Idem
502 4006 903 4075 argumentum
931 4007 1123 4077 potest
1147 3998 1275 4058 fieri
1302 4007 1502 4059 contra
1526 3998 1962 4077 permissionem
1988 4000 2249 4093 peccati3
2294 4000 2350 4057 N
2351 4019 2444 4057 am
2473 3998 2525 4059 si
2547 3999 2710 4057 Dens

302 4077 583 4153 permittit
608 4086 909 4154 peccatum
936 4078 1013 4137 ad
1038 4098 1201 4138 suam
1229 4079 1491 4156 gloriam,
1520 4098 1662 4155 ergo
1691 4078 1877 4155 gloria
1897 4079 2012 4138 Del
2037 4080 2292 4157 requiret
2317 4087 2384 4139 ut
2407 4087 2709 4157 peccatum

288 4156 421 4232 ·fiat,
453 4164 511 4216 et
538 4156 621 4215 sic
649 4176 751 4233 per
776 4156 923 4217 illud
948 4158 1414 4219 manifestaretur
1452 4158 1639 4235 gloria
1668 4158 1797 4235 Dei,
1826 4177 1932 4236 per
1968 4159 2128 4237 quod
2166 4160 2522 4235 obscuratur,
2551 4158 2712 4239 quod

301 4245 497 4295 tamen
523 4256 821 4314 perperam
850 4238 1117 4296 concludi
1144 4246 1389 4314 constat,
1418 4238 1558 4315 quia
1582 4248 1884 4315 peccatum
1912 4258 2028 4298 non
2054 4260 2159 4317 per
2185 4259 2248 4300 se
2293 4240 2398 4301 sed
2421 4260 2527 4320 per
2557 4240 2705 4301 acci-

300 4315 448 4375 dens
474 4315 613 4375 facit
638 4315 715 4373 ad
742 4315 986 4393 gloriam
1015 4317 1146 4393 Dei,
1174 4338 1349 4395 quam
1376 4318 1605 4396 proprie
1631 4327 1692 4378 et
1717 4338 1822 4396 per
1847 4338 1909 4378 se
1936 4319 2224 4380 obscurat.

384 4396 539 4454 Aliae
568 4394 928 4469 Quaestiones
975 4416 1106 4473 quae
1132 4398 1354 4456 moveri
1392 4409 1636 4477 possunt
1661 4397 1737 4457 de
1766 4399 1948 4459 Poena
1976 4400 2209 4461 Peccati
2240 4418 2347 4461 suo
2371 4398 2502 4459 loco
2530 4418 2704 4461 excu-

299 4475 535 4553 tientur,
564 4494 743 4553 quum
773 4475 847 4535 de
876 4474 1067 4537 Morte
1096 4484 1318 4555 agetur.

2361 4560 2402 4618 2
2429 4574 2466 4617 r
