<?xml version="1.0" encoding="UTF-8"?>
<!DOCTYPE html PUBLIC "-//W3C//DTD XHTML 1.0 Transitional//EN"
    "http://www.w3.org/TR/xhtml1/DTD/xhtml1-transitional.dtd">
<html xmlns="http://www.w3.org/1999/xhtml" xml:lang="en" lang="en">
 <head>
  <title>
</title>
<meta http-equiv="Content-Type" content="text/html;charset=utf-8" />
  <meta name='ocr-system' content='tesseract 3.04.00' />
  <meta name='ocr-capabilities' content='ocr_page ocr_carea ocr_par ocr_line ocrx_word'/>
</head>
<body>
  <div class='ocr_page' id='page_1' title='image "./institutiotheol00turrgoog_0209.png"; bbox 0 0 3300 5225; ppageno 0'>
   <div class='ocr_carea' id='block_1_1' title="bbox 359 352 2766 436">
    <p class='ocr_par' dir='ltr' id='par_1_1' title="bbox 359 352 2766 436">
     <span class='ocr_line' id='line_1_1' title="bbox 359 352 2766 436; baseline -0.002 -20"><span class='ocrx_word' id='word_1_1' title='bbox 359 372 577 425; x_wconf 61' lang='lat' dir='ltr'>Qusssr.</span> <span class='ocrx_word' id='word_1_2' title='bbox 612 352 685 436; x_wconf 90' lang='lat'>1.]</span> <span class='ocrx_word' id='word_1_3' title='bbox 886 404 893 411; x_wconf 87' lang='lat'><strong>.</strong></span> <span class='ocrx_word' id='word_1_4' title='bbox 1204 372 1283 413; x_wconf 76' lang='lat' dir='ltr'>ns</span> <span class='ocrx_word' id='word_1_5' title='bbox 1312 370 1431 415; x_wconf 73' lang='lat' dir='ltr'>nso</span> <span class='ocrx_word' id='word_1_6' title='bbox 1460 370 1597 431; x_wconf 74' lang='lat' dir='ltr'>mxc,</span> <span class='ocrx_word' id='word_1_7' title='bbox 1628 372 1706 412; x_wconf 77' lang='lat' dir='ltr'>m·</span> <span class='ocrx_word' id='word_1_8' title='bbox 1733 371 1931 414; x_wconf 68' lang='lat' dir='ltr'>ramo,</span> <span class='ocrx_word' id='word_1_9' title='bbox 2655 352 2766 411; x_wconf 61' lang='lat'>15?</span> 
     </span>
    </p>
   </div>
   <div class='ocr_carea' id='block_1_2' title="bbox 446 510 2408 910">
    <p class='ocr_par' dir='ltr' id='par_1_2' title="bbox 446 510 2408 910">
     <span class='ocr_line' id='line_1_2' title="bbox 844 510 2228 589; baseline -0.001 -16"><span class='ocrx_word' id='word_1_10' title='bbox 844 514 1010 573; x_wconf 78' lang='lat' dir='ltr'>Mens</span> <span class='ocrx_word' id='word_1_11' title='bbox 1036 514 1200 573; x_wconf 75' lang='lat' dir='ltr'>habet</span> <span class='ocrx_word' id='word_1_12' title='bbox 1222 514 1501 589; x_wconf 76' lang='lat' dir='ltr'>attonitos,</span> <span class='ocrx_word' id='word_1_13' title='bbox 1531 522 1587 572; x_wconf 88' lang='lat' dir='ltr'>et</span> <span class='ocrx_word' id='word_1_14' title='bbox 1607 514 1786 573; x_wconf 78' lang='lat' dir='ltr'>surdo</span> <span class='ocrx_word' id='word_1_15' title='bbox 1811 514 2038 573; x_wconf 78' lang='lat' dir='ltr'>verbere</span> <span class='ocrx_word' id='word_1_16' title='bbox 2063 510 2228 571; x_wconf 78' lang='lat' dir='ltr'>caedit</span> 
     </span>
     <span class='ocr_line' id='line_1_3' title="bbox 541 588 2361 690; baseline -0.003 -35"><span class='ocrx_word' id='word_1_17' title='bbox 541 674 556 690; x_wconf 40' lang='grc' dir='ltr'><strong><em>ο</em></strong></span> <span class='ocrx_word' id='word_1_18' title='bbox 852 596 1138 655; x_wconf 74' lang='lat' dir='ltr'><strong><em>Occultum</em></strong></span> <span class='ocrx_word' id='word_1_19' title='bbox 1164 594 1442 671; x_wconf 74' lang='lat' dir='ltr'><strong><em>quatiente</em></strong></span> <span class='ocrx_word' id='word_1_20' title='bbox 1467 594 1660 653; x_wconf 82' lang='lat' dir='ltr'>animo</span> <span class='ocrx_word' id='word_1_21' title='bbox 1687 602 1898 653; x_wconf 76' lang='lat' dir='ltr'>tortore</span> <span class='ocrx_word' id='word_1_22' title='bbox 1909 594 2220 671; x_wconf 74' lang='lat' dir='ltr'>flaqellum,</span> <span class='ocrx_word' id='word_1_23' title='bbox 2253 588 2361 650; x_wconf 57' lang='lat' dir='ltr'>&amp;a</span> 
     </span>
     <span class='ocr_line' id='line_1_4' title="bbox 446 673 2408 830; baseline -0.003 -14"><span class='ocrx_word' id='word_1_24' title='bbox 446 673 619 736; x_wconf 42' lang='lat' dir='ltr'>ond·</span> <span class='ocrx_word' id='word_1_25' title='bbox 650 673 1091 815; x_wconf 50' lang='lat' dir='ltr'>Fastobmda</span> <span class='ocrx_word' id='word_1_26' title='bbox 1116 773 1285 829; x_wconf 80' lang='lat' dir='ltr'>mens,</span> <span class='ocrx_word' id='word_1_27' title='bbox 1314 762 1378 812; x_wconf 81' lang='lat' dir='ltr'>ut</span> <span class='ocrx_word' id='word_1_28' title='bbox 1400 753 1597 830; x_wconf 76' lang='lat' dir='ltr'>cuique</span> <span class='ocrx_word' id='word_1_29' title='bbox 1621 772 1730 812; x_wconf 73' lang='lat' dir='ltr'>cua</span> <span class='ocrx_word' id='word_1_30' title='bbox 1757 762 1852 828; x_wconf 77' lang='lat' dir='ltr'>est,</span> <span class='ocrx_word' id='word_1_31' title='bbox 1881 754 1964 812; x_wconf 79' lang='lat' dir='ltr'>ita</span> <span class='ocrx_word' id='word_1_32' title='bbox 1991 751 2231 828; x_wconf 73' lang='lat' dir='ltr'>concipit</span> <span class='ocrx_word' id='word_1_33' title='bbox 2253 751 2408 811; x_wconf 74' lang='lat' dir='ltr'>intra</span> 
     </span>
     <span class='ocr_line' id='line_1_5' title="bbox 1003 834 2345 910; baseline -0.001 -18"><span class='ocrx_word' id='word_1_34' title='bbox 1003 834 1266 909; x_wconf 81' lang='lat' dir='ltr'><strong><em>Pectora,</em></strong></span> <span class='ocrx_word' id='word_1_35' title='bbox 1286 836 1579 910; x_wconf 81' lang='lat' dir='ltr'>profacto</span> <span class='ocrx_word' id='word_1_36' title='bbox 1604 852 1868 909; x_wconf 75' lang='lat' dir='ltr'>spemque</span> <span class='ocrx_word' id='word_1_37' title='bbox 1893 841 2201 909; x_wconf 79' lang='lat' dir='ltr'>metumque</span> <span class='ocrx_word' id='word_1_38' title='bbox 2225 850 2345 890; x_wconf 75' lang='lat' dir='ltr'>suo·</span> 
     </span>
    </p>
   </div>
   <div class='ocr_carea' id='block_1_3' title="bbox 363 990 2784 4729">
    <p class='ocr_par' dir='ltr' id='par_1_3' title="bbox 363 990 2782 2664">
     <span class='ocr_line' id='line_1_6' title="bbox 366 990 2774 1069; baseline -0.002 -14"><span class='ocrx_word' id='word_1_39' title='bbox 366 992 540 1055; x_wconf 87' lang='lat' dir='ltr'>Unde</span> <span class='ocrx_word' id='word_1_40' title='bbox 562 1000 808 1053; x_wconf 86' lang='lat' dir='ltr'>terrores</span> <span class='ocrx_word' id='word_1_41' title='bbox 834 992 921 1051; x_wconf 90' lang='lat' dir='ltr'>illi</span> <span class='ocrx_word' id='word_1_42' title='bbox 949 991 1316 1052; x_wconf 65' lang='lat' dir='ltr'>conscientiae</span> <span class='ocrx_word' id='word_1_43' title='bbox 1337 990 1691 1069; x_wconf 72' lang='lat' dir='ltr'>trepidantes</span> <span class='ocrx_word' id='word_1_44' title='bbox 1711 990 1787 1050; x_wconf 85' lang='lat' dir='ltr'>ad</span> <span class='ocrx_word' id='word_1_45' title='bbox 1813 992 2096 1051; x_wconf 82' lang='lat' dir='ltr'>atrociora</span> <span class='ocrx_word' id='word_1_46' title='bbox 2120 990 2374 1049; x_wconf 82' lang='lat' dir='ltr'>facinora</span> <span class='ocrx_word' id='word_1_47' title='bbox 2399 990 2513 1049; x_wconf 90' lang='lat' dir='ltr'>nisi</span> <span class='ocrx_word' id='word_1_48' title='bbox 2540 1010 2576 1048; x_wconf 88' lang='lat' dir='ltr'>a</span> <span class='ocrx_word' id='word_1_49' title='bbox 2597 1010 2774 1051; x_wconf 88' lang='lat' dir='ltr'>sensu</span> 
     </span>
     <span class='ocr_line' id='line_1_7' title="bbox 364 1070 2768 1151; baseline -0.001 -19"><span class='ocrx_word' id='word_1_50' title='bbox 364 1074 611 1151; x_wconf 85' lang='lat' dir='ltr'>alicujus</span> <span class='ocrx_word' id='word_1_51' title='bbox 638 1070 905 1131; x_wconf 78' lang='lat' dir='ltr'>Vindicis</span> <span class='ocrx_word' id='word_1_52' title='bbox 943 1081 1003 1131; x_wconf 86' lang='lat' dir='ltr'>et</span> <span class='ocrx_word' id='word_1_53' title='bbox 1028 1072 1072 1132; x_wconf 87' lang='lat' dir='ltr'><strong>J</strong></span> <span class='ocrx_word' id='word_1_54' title='bbox 1073 1072 1276 1147; x_wconf 84' lang='lat' dir='ltr'>udicis,</span> <span class='ocrx_word' id='word_1_55' title='bbox 1316 1091 1489 1148; x_wconf 91' lang='lat' dir='ltr'>quem</span> <span class='ocrx_word' id='word_1_56' title='bbox 1530 1072 1641 1130; x_wconf 87' lang='lat' dir='ltr'>etsi</span> <span class='ocrx_word' id='word_1_57' title='bbox 1681 1090 1798 1130; x_wconf 90' lang='lat' dir='ltr'>non</span> <span class='ocrx_word' id='word_1_58' title='bbox 1824 1071 2002 1146; x_wconf 80' lang='lat' dir='ltr'>videt,</span> <span class='ocrx_word' id='word_1_59' title='bbox 2045 1071 2262 1148; x_wconf 89' lang='lat' dir='ltr'>ubique</span> <span class='ocrx_word' id='word_1_60' title='bbox 2301 1080 2496 1130; x_wconf 89' lang='lat' dir='ltr'>tamen</span> <span class='ocrx_word' id='word_1_61' title='bbox 2535 1090 2768 1148; x_wconf 87' lang='lat' dir='ltr'>persen-</span> 
     </span>
     <span class='ocr_line' id='line_1_8' title="bbox 364 1149 2770 1229; baseline -0.001 -17"><span class='ocrx_word' id='word_1_62' title='bbox 364 1153 523 1213; x_wconf 87' lang='lat' dir='ltr'>tiscit</span> <span class='ocrx_word' id='word_1_63' title='bbox 536 1156 565 1211; x_wconf 77' lang='lat'><strong>?</strong></span> <span class='ocrx_word' id='word_1_64' title='bbox 634 1152 733 1211; x_wconf 91' lang='lat' dir='ltr'>Illi</span> <span class='ocrx_word' id='word_1_65' title='bbox 760 1154 915 1211; x_wconf 86' lang='lat' dir='ltr'>enim</span> <span class='ocrx_word' id='word_1_66' title='bbox 940 1159 1190 1211; x_wconf 89' lang='lat' dir='ltr'>terrores</span> <span class='ocrx_word' id='word_1_67' title='bbox 1210 1160 1506 1229; x_wconf 85' lang='lat' dir='ltr'>nequeunt</span> <span class='ocrx_word' id='word_1_68' title='bbox 1532 1151 1838 1229; x_wconf 87' lang='lat' dir='ltr'>provenire</span> <span class='ocrx_word' id='word_1_69' title='bbox 1865 1151 1939 1209; x_wconf 85' lang='lat' dir='ltr'>ab</span> <span class='ocrx_word' id='word_1_70' title='bbox 1967 1151 2161 1228; x_wconf 82' lang='lat' dir='ltr'>aliquo</span> <span class='ocrx_word' id='word_1_71' title='bbox 2189 1157 2345 1209; x_wconf 89' lang='lat' dir='ltr'>metu</span> <span class='ocrx_word' id='word_1_72' title='bbox 2375 1149 2600 1228; x_wconf 89' lang='lat' dir='ltr'>Legum</span> <span class='ocrx_word' id='word_1_73' title='bbox 2629 1150 2770 1210; x_wconf 82' lang='lat' dir='ltr'>civi-</span> 
     </span>
     <span class='ocr_line' id='line_1_9' title="bbox 363 1229 2770 1310; baseline -0.001 -19"><span class='ocrx_word' id='word_1_74' title='bbox 363 1234 525 1308; x_wconf 83' lang='lat' dir='ltr'><strong>lium,</strong></span> <span class='ocrx_word' id='word_1_75' title='bbox 558 1251 661 1291; x_wconf 90' lang='lat' dir='ltr'>seu</span> <span class='ocrx_word' id='word_1_76' title='bbox 687 1231 1019 1310; x_wconf 85' lang='lat' dir='ltr'>temporalis</span> <span class='ocrx_word' id='word_1_77' title='bbox 1055 1231 1301 1308; x_wconf 83' lang='lat' dir='ltr'>alicujus</span> <span class='ocrx_word' id='word_1_78' title='bbox 1340 1242 1527 1308; x_wconf 71' lang='lat' dir='ltr'>poenae</span> <span class='ocrx_word' id='word_1_79' title='bbox 1561 1239 1663 1290; x_wconf 87' lang='lat' dir='ltr'>aut</span> <span class='ocrx_word' id='word_1_80' title='bbox 1703 1229 1986 1305; x_wconf 79' lang='lat' dir='ltr'>infamiae3</span> <span class='ocrx_word' id='word_1_81' title='bbox 2029 1238 2154 1290; x_wconf 87' lang='lat' dir='ltr'>tum</span> <span class='ocrx_word' id='word_1_82' title='bbox 2181 1229 2318 1307; x_wconf 84' lang='lat' dir='ltr'>quia</span> <span class='ocrx_word' id='word_1_83' title='bbox 2356 1230 2481 1290; x_wconf 78' lang='lat' dir='ltr'>haec</span> <span class='ocrx_word' id='word_1_84' title='bbox 2508 1250 2624 1289; x_wconf 92' lang='lat' dir='ltr'>non</span> <span class='ocrx_word' id='word_1_85' title='bbox 2651 1250 2770 1289; x_wconf 91' lang='lat' dir='ltr'>me-</span> 
     </span>
     <span class='ocr_line' id='line_1_10' title="bbox 366 1309 2772 1387; baseline -0.002 -15"><span class='ocrx_word' id='word_1_86' title='bbox 366 1310 607 1372; x_wconf 85' lang='lat' dir='ltr'>tuuntur</span> <span class='ocrx_word' id='word_1_87' title='bbox 631 1311 746 1371; x_wconf 89' lang='lat' dir='ltr'>nisi</span> <span class='ocrx_word' id='word_1_88' title='bbox 782 1313 856 1372; x_wconf 93' lang='lat' dir='ltr'>ob</span> <span class='ocrx_word' id='word_1_89' title='bbox 893 1310 1198 1370; x_wconf 84' lang='lat' dir='ltr'>malefacta</span> <span class='ocrx_word' id='word_1_90' title='bbox 1234 1309 1556 1385; x_wconf 84' lang='lat' dir='ltr'>manifesta,</span> <span class='ocrx_word' id='word_1_91' title='bbox 1596 1330 1726 1387; x_wconf 79' lang='lat' dir='ltr'>quae</span> <span class='ocrx_word' id='word_1_92' title='bbox 1769 1309 1893 1369; x_wconf 86' lang='lat' dir='ltr'>sola</span> <span class='ocrx_word' id='word_1_93' title='bbox 1930 1309 2093 1387; x_wconf 89' lang='lat' dir='ltr'>leges</span> <span class='ocrx_word' id='word_1_94' title='bbox 2120 1310 2339 1385; x_wconf 85' lang='lat' dir='ltr'>civiles,</span> <span class='ocrx_word' id='word_1_95' title='bbox 2369 1317 2430 1368; x_wconf 90' lang='lat' dir='ltr'>et</span> <span class='ocrx_word' id='word_1_96' title='bbox 2456 1309 2772 1369; x_wconf 89' lang='lat' dir='ltr'>secundum</span> 
     </span>
     <span class='ocr_line' id='line_1_11' title="bbox 364 1389 2774 1481; baseline -0.002 -30"><span class='ocrx_word' id='word_1_97' title='bbox 364 1411 465 1451; x_wconf 88' lang='lat' dir='ltr'>eas</span> <span class='ocrx_word' id='word_1_98' title='bbox 492 1392 536 1452; x_wconf 88' lang='lat' dir='ltr'><strong>J</strong></span> <span class='ocrx_word' id='word_1_99' title='bbox 538 1390 737 1451; x_wconf 87' lang='lat' dir='ltr'>udices</span> <span class='ocrx_word' id='word_1_100' title='bbox 761 1391 967 1469; x_wconf 88' lang='lat' dir='ltr'>punire</span> <span class='ocrx_word' id='word_1_101' title='bbox 998 1398 1273 1467; x_wconf 87' lang='lat' dir='ltr'>possunt;</span> <span class='ocrx_word' id='word_1_102' title='bbox 1316 1398 1443 1448; x_wconf 90' lang='lat' dir='ltr'>tum</span> <span class='ocrx_word' id='word_1_103' title='bbox 1468 1390 1606 1467; x_wconf 87' lang='lat' dir='ltr'>quia</span> <span class='ocrx_word' id='word_1_104' title='bbox 1632 1389 1807 1449; x_wconf 89' lang='lat' dir='ltr'>etiam</span> <span class='ocrx_word' id='word_1_105' title='bbox 1835 1396 2118 1467; x_wconf 87' lang='lat' dir='ltr'>occupant</span> <span class='ocrx_word' id='word_1_106' title='bbox 2144 1408 2244 1448; x_wconf 85' lang='lat' dir='ltr'>eos</span> <span class='ocrx_word' id='word_1_107' title='bbox 2271 1389 2372 1481; x_wconf 68' lang='lat' dir='ltr'>qui</span> <span class='ocrx_word' id='word_1_108' title='bbox 2398 1390 2684 1448; x_wconf 88' lang='lat' dir='ltr'>neminem</span> <span class='ocrx_word' id='word_1_109' title='bbox 2712 1389 2774 1447; x_wconf 90' lang='lat' dir='ltr'>in</span> 
     </span>
     <span class='ocr_line' id='line_1_12' title="bbox 364 1468 2773 1549; baseline -0.001 -18"><span class='ocrx_word' id='word_1_110' title='bbox 364 1472 533 1531; x_wconf 88' lang='lat' dir='ltr'>terris</span> <span class='ocrx_word' id='word_1_111' title='bbox 561 1472 911 1549; x_wconf 88' lang='lat' dir='ltr'>superiorem</span> <span class='ocrx_word' id='word_1_112' title='bbox 938 1476 1277 1547; x_wconf 85' lang='lat' dir='ltr'>agnoscunt,</span> <span class='ocrx_word' id='word_1_113' title='bbox 1310 1470 1523 1547; x_wconf 89' lang='lat' dir='ltr'>quique</span> <span class='ocrx_word' id='word_1_114' title='bbox 1565 1469 1698 1528; x_wconf 89' lang='lat' dir='ltr'>ideo</span> <span class='ocrx_word' id='word_1_115' title='bbox 1726 1489 1762 1527; x_wconf 89' lang='lat' dir='ltr'>a</span> <span class='ocrx_word' id='word_1_116' title='bbox 1787 1470 2016 1529; x_wconf 89' lang='lat' dir='ltr'>nemine</span> <span class='ocrx_word' id='word_1_117' title='bbox 2049 1468 2300 1546; x_wconf 74' lang='lat' dir='ltr'>judicari</span> <span class='ocrx_word' id='word_1_118' title='bbox 2337 1478 2581 1547; x_wconf 81' lang='lat' dir='ltr'>possunt</span> <span class='ocrx_word' id='word_1_119' title='bbox 2598 1492 2616 1529; x_wconf 75' lang='lat' dir='ltr'><strong><em>z</em></strong></span> <span class='ocrx_word' id='word_1_120' title='bbox 2659 1469 2773 1544; x_wconf 89' lang='lat' dir='ltr'>Qui</span> 
     </span>
     <span class='ocr_line' id='line_1_13' title="bbox 363 1548 2774 1629; baseline -0 -20"><span class='ocrx_word' id='word_1_121' title='bbox 363 1552 432 1610; x_wconf 85' lang='lat' dir='ltr'>fit</span> <span class='ocrx_word' id='word_1_122' title='bbox 472 1551 633 1627; x_wconf 86' lang='lat' dir='ltr'>alias,</span> <span class='ocrx_word' id='word_1_123' title='bbox 663 1559 730 1610; x_wconf 89' lang='lat' dir='ltr'>ut</span> <span class='ocrx_word' id='word_1_124' title='bbox 756 1570 931 1629; x_wconf 88' lang='lat' dir='ltr'>quum</span> <span class='ocrx_word' id='word_1_125' title='bbox 974 1550 1351 1628; x_wconf 85' lang='lat' dir='ltr'>improvisum</span> <span class='ocrx_word' id='word_1_126' title='bbox 1392 1549 1611 1627; x_wconf 82' lang='lat' dir='ltr'><strong>ingruit</strong></span> <span class='ocrx_word' id='word_1_127' title='bbox 1650 1548 1988 1628; x_wconf 82' lang='lat' dir='ltr'>periculum,</span> <span class='ocrx_word' id='word_1_128' title='bbox 2018 1549 2116 1609; x_wconf 85' lang='lat' dir='ltr'>vel</span> <span class='ocrx_word' id='word_1_129' title='bbox 2155 1548 2490 1626; x_wconf 87' lang='lat' dir='ltr'>repentinus</span> <span class='ocrx_word' id='word_1_130' title='bbox 2517 1548 2774 1608; x_wconf 81' lang='lat' dir='ltr'>oboritur</span> 
     </span>
     <span class='ocr_line' id='line_1_14' title="bbox 365 1628 2773 1708; baseline -0.001 -18"><span class='ocrx_word' id='word_1_131' title='bbox 365 1640 564 1708; x_wconf 84' lang='lat' dir='ltr'>terror,</span> <span class='ocrx_word' id='word_1_132' title='bbox 609 1630 653 1689; x_wconf 91' lang='lat' dir='ltr'>ii</span> <span class='ocrx_word' id='word_1_133' title='bbox 692 1631 793 1707; x_wconf 91' lang='lat' dir='ltr'>qui</span> <span class='ocrx_word' id='word_1_134' title='bbox 834 1650 1062 1690; x_wconf 91' lang='lat' dir='ltr'>omnem</span> <span class='ocrx_word' id='word_1_135' title='bbox 1094 1629 1475 1689; x_wconf 84' lang='lat' dir='ltr'>Divinitatem</span> <span class='ocrx_word' id='word_1_136' title='bbox 1509 1648 1585 1688; x_wconf 86' lang='lat' dir='ltr'>ex</span> <span class='ocrx_word' id='word_1_137' title='bbox 1622 1629 1814 1687; x_wconf 87' lang='lat' dir='ltr'>animo</span> <span class='ocrx_word' id='word_1_138' title='bbox 1843 1628 2130 1688; x_wconf 79' lang='lat' dir='ltr'>delevisse</span> <span class='ocrx_word' id='word_1_139' title='bbox 2156 1628 2521 1703; x_wconf 86' lang='lat' dir='ltr'>videbantur,</span> <span class='ocrx_word' id='word_1_140' title='bbox 2563 1628 2773 1688; x_wconf 87' lang='lat' dir='ltr'>iratum</span> 
     </span>
     <span class='ocr_line' id='line_1_15' title="bbox 367 1707 2772 1789; baseline -0.001 -20"><span class='ocrx_word' id='word_1_141' title='bbox 367 1710 599 1769; x_wconf 87' lang='lat' dir='ltr'>Numen</span> <span class='ocrx_word' id='word_1_142' title='bbox 639 1711 1094 1789; x_wconf 86' lang='lat' dir='ltr'>perhorrescant,</span> <span class='ocrx_word' id='word_1_143' title='bbox 1124 1718 1185 1769; x_wconf 91' lang='lat' dir='ltr'>et</span> <span class='ocrx_word' id='word_1_144' title='bbox 1210 1707 1599 1788; x_wconf 81' lang='lat' dir='ltr'>ejaculatoriis</span> <span class='ocrx_word' id='word_1_145' title='bbox 1638 1709 1908 1786; x_wconf 80' lang='lat' dir='ltr'>precibus</span> <span class='ocrx_word' id='word_1_146' title='bbox 1935 1716 1994 1767; x_wconf 87' lang='lat' dir='ltr'>et</span> <span class='ocrx_word' id='word_1_147' title='bbox 2021 1708 2284 1784; x_wconf 84' lang='lat' dir='ltr'>suspiriis</span> <span class='ocrx_word' id='word_1_148' title='bbox 2311 1727 2480 1785; x_wconf 88' lang='lat' dir='ltr'>opem</span> <span class='ocrx_word' id='word_1_149' title='bbox 2513 1708 2640 1785; x_wconf 85' lang='lat' dir='ltr'>ejus</span> <span class='ocrx_word' id='word_1_150' title='bbox 2667 1709 2772 1766; x_wconf 90' lang='lat' dir='ltr'>im-</span> 
     </span>
     <span class='ocr_line' id='line_1_16' title="bbox 366 1788 2777 1869; baseline -0 -21"><span class='ocrx_word' id='word_1_151' title='bbox 366 1792 596 1869; x_wconf 78' lang='lat' dir='ltr'>plorent</span> <span class='ocrx_word' id='word_1_152' title='bbox 615 1792 645 1848; x_wconf 79' lang='lat'><strong>?</strong></span> <span class='ocrx_word' id='word_1_153' title='bbox 685 1790 839 1863; x_wconf 88' lang='lat' dir='ltr'>Quid</span> <span class='ocrx_word' id='word_1_154' title='bbox 858 1809 998 1849; x_wconf 86' lang='lat' dir='ltr'>vero</span> <span class='ocrx_word' id='word_1_155' title='bbox 1026 1808 1127 1849; x_wconf 91' lang='lat' dir='ltr'>eos</span> <span class='ocrx_word' id='word_1_156' title='bbox 1154 1788 1439 1867; x_wconf 85' lang='lat' dir='ltr'>trepidare</span> <span class='ocrx_word' id='word_1_157' title='bbox 1466 1788 1620 1865; x_wconf 85' lang='lat' dir='ltr'>facit,</span> <span class='ocrx_word' id='word_1_158' title='bbox 1653 1788 1754 1865; x_wconf 90' lang='lat' dir='ltr'>qui</span> <span class='ocrx_word' id='word_1_159' title='bbox 1781 1798 1882 1849; x_wconf 89' lang='lat' dir='ltr'>aut</span> <span class='ocrx_word' id='word_1_160' title='bbox 1909 1788 1970 1846; x_wconf 89' lang='lat' dir='ltr'>in</span> <span class='ocrx_word' id='word_1_161' title='bbox 1997 1788 2224 1847; x_wconf 91' lang='lat' dir='ltr'>occulto</span> <span class='ocrx_word' id='word_1_162' title='bbox 2246 1796 2305 1847; x_wconf 90' lang='lat' dir='ltr'>et</span> <span class='ocrx_word' id='word_1_163' title='bbox 2325 1788 2524 1847; x_wconf 85' lang='lat' dir='ltr'>abdito</span> <span class='ocrx_word' id='word_1_164' title='bbox 2550 1788 2777 1866; x_wconf 81' lang='lat' dir='ltr'>profani</span> 
     </span>
     <span class='ocr_line' id='line_1_17' title="bbox 368 1866 2776 1945; baseline -0 -16"><span class='ocrx_word' id='word_1_165' title='bbox 368 1879 521 1945; x_wconf 89' lang='lat' dir='ltr'>sunt,</span> <span class='ocrx_word' id='word_1_166' title='bbox 566 1878 667 1929; x_wconf 90' lang='lat' dir='ltr'>aut</span> <span class='ocrx_word' id='word_1_167' title='bbox 705 1870 858 1929; x_wconf 79' lang='lat' dir='ltr'>intra</span> <span class='ocrx_word' id='word_1_168' title='bbox 898 1870 1152 1929; x_wconf 88' lang='lat' dir='ltr'>animum</span> <span class='ocrx_word' id='word_1_169' title='bbox 1198 1889 1366 1929; x_wconf 88' lang='lat' dir='ltr'>suum</span> <span class='ocrx_word' id='word_1_170' title='bbox 1410 1876 1635 1928; x_wconf 87' lang='lat' dir='ltr'>tantum</span> <span class='ocrx_word' id='word_1_171' title='bbox 1683 1869 1874 1927; x_wconf 88' lang='lat' dir='ltr'>Deum</span> <span class='ocrx_word' id='word_1_172' title='bbox 1917 1888 2044 1928; x_wconf 88' lang='lat' dir='ltr'>esse</span> <span class='ocrx_word' id='word_1_173' title='bbox 2081 1876 2299 1945; x_wconf 85' lang='lat' dir='ltr'>negant</span> <span class='ocrx_word' id='word_1_174' title='bbox 2312 1871 2341 1927; x_wconf 84' lang='lat'><strong>?</strong></span> <span class='ocrx_word' id='word_1_175' title='bbox 2357 1932 2362 1937; x_wconf 61' lang='grc'><strong>,</strong></span> <span class='ocrx_word' id='word_1_176' title='bbox 2381 1866 2588 1927; x_wconf 81' lang='lat' dir='ltr'>Vanus</span> <span class='ocrx_word' id='word_1_177' title='bbox 2629 1868 2776 1929; x_wconf 84' lang='lat' dir='ltr'>forte</span> 
     </span>
     <span class='ocr_line' id='line_1_18' title="bbox 370 1947 2773 2026; baseline -0.001 -19"><span class='ocrx_word' id='word_1_178' title='bbox 370 1950 531 2007; x_wconf 87' lang='lat' dir='ltr'>dices</span> <span class='ocrx_word' id='word_1_179' title='bbox 568 1957 658 2007; x_wconf 87' lang='lat' dir='ltr'>est</span> <span class='ocrx_word' id='word_1_180' title='bbox 696 1958 919 2023; x_wconf 89' lang='lat' dir='ltr'>metus;</span> <span class='ocrx_word' id='word_1_181' title='bbox 965 1948 1051 2008; x_wconf 89' lang='lat' dir='ltr'>At</span> <span class='ocrx_word' id='word_1_182' title='bbox 1080 1949 1131 2008; x_wconf 88' lang='lat' dir='ltr'>si</span> <span class='ocrx_word' id='word_1_183' title='bbox 1157 1968 1343 2007; x_wconf 88' lang='lat' dir='ltr'>vanus</span> <span class='ocrx_word' id='word_1_184' title='bbox 1370 1956 1475 2022; x_wconf 88' lang='lat' dir='ltr'>est,</span> <span class='ocrx_word' id='word_1_185' title='bbox 1506 1947 1662 2007; x_wconf 89' lang='lat' dir='ltr'>unde</span> <span class='ocrx_word' id='word_1_186' title='bbox 1690 1952 1824 2007; x_wconf 79' lang='lat' dir='ltr'>est?</span> <span class='ocrx_word' id='word_1_187' title='bbox 1865 1948 1982 2007; x_wconf 85' lang='lat' dir='ltr'>Cur</span> <span class='ocrx_word' id='word_1_188' title='bbox 2021 1947 2167 2007; x_wconf 89' lang='lat' dir='ltr'>adeo</span> <span class='ocrx_word' id='word_1_189' title='bbox 2208 1947 2478 2026; x_wconf 75' lang='lat' dir='ltr'>pertinax</span> <span class='ocrx_word' id='word_1_190' title='bbox 2516 1955 2576 2006; x_wconf 89' lang='lat' dir='ltr'>et</span> <span class='ocrx_word' id='word_1_191' title='bbox 2609 1948 2773 2007; x_wconf 87' lang='lat' dir='ltr'>inex-</span> 
     </span>
     <span class='ocr_line' id='line_1_19' title="bbox 368 2026 2775 2106; baseline 0 -19"><span class='ocrx_word' id='word_1_192' title='bbox 368 2028 701 2106; x_wconf 88' lang='lat' dir='ltr'>pugnabilis</span> <span class='ocrx_word' id='word_1_193' title='bbox 730 2036 834 2101; x_wconf 84' lang='lat' dir='ltr'>est,</span> <span class='ocrx_word' id='word_1_194' title='bbox 864 2029 1037 2087; x_wconf 83' lang='lat' dir='ltr'>etiam</span> <span class='ocrx_word' id='word_1_195' title='bbox 1066 2047 1197 2086; x_wconf 88' lang='lat' dir='ltr'>cum</span> <span class='ocrx_word' id='word_1_196' title='bbox 1223 2028 1385 2087; x_wconf 87' lang='lat' dir='ltr'>nulla</span> <span class='ocrx_word' id='word_1_197' title='bbox 1409 2026 1706 2086; x_wconf 87' lang='lat' dir='ltr'>metuendi</span> <span class='ocrx_word' id='word_1_198' title='bbox 1733 2047 1906 2086; x_wconf 86' lang='lat' dir='ltr'>causa</span> <span class='ocrx_word' id='word_1_199' title='bbox 1931 2036 2022 2089; x_wconf 89' lang='lat' dir='ltr'>est</span> <span class='ocrx_word' id='word_1_200' title='bbox 2036 2030 2066 2086; x_wconf 73' lang='lat' dir='ltr'><strong>P</strong></span> <span class='ocrx_word' id='word_1_201' title='bbox 2106 2026 2249 2101; x_wconf 88' lang='lat' dir='ltr'>Quis</span> <span class='ocrx_word' id='word_1_202' title='bbox 2276 2035 2378 2086; x_wconf 88' lang='lat' dir='ltr'>aut</span> <span class='ocrx_word' id='word_1_203' title='bbox 2403 2027 2545 2104; x_wconf 90' lang='lat' dir='ltr'>quid</span> <span class='ocrx_word' id='word_1_204' title='bbox 2570 2028 2775 2087; x_wconf 85' lang='lat' dir='ltr'>metui-</span> 
     </span>
     <span class='ocr_line' id='line_1_20' title="bbox 370 2105 2778 2184; baseline -0.001 -17"><span class='ocrx_word' id='word_1_205' title='bbox 370 2116 467 2167; x_wconf 88' lang='lat' dir='ltr'>tur</span> <span class='ocrx_word' id='word_1_206' title='bbox 492 2108 567 2166; x_wconf 88' lang='lat' dir='ltr'>ab</span> <span class='ocrx_word' id='word_1_207' title='bbox 596 2126 683 2183; x_wconf 88' lang='lat' dir='ltr'>eo,</span> <span class='ocrx_word' id='word_1_208' title='bbox 714 2108 817 2184; x_wconf 91' lang='lat' dir='ltr'>qui</span> <span class='ocrx_word' id='word_1_209' title='bbox 857 2108 968 2165; x_wconf 89' lang='lat' dir='ltr'>sibi</span> <span class='ocrx_word' id='word_1_210' title='bbox 1010 2108 1167 2167; x_wconf 86' lang='lat' dir='ltr'>solus</span> <span class='ocrx_word' id='word_1_211' title='bbox 1205 2106 1621 2183; x_wconf 80' lang='lat' dir='ltr'>cogitationum</span> <span class='ocrx_word' id='word_1_212' title='bbox 1661 2126 1894 2166; x_wconf 83' lang='lat' dir='ltr'>suarum</span> <span class='ocrx_word' id='word_1_213' title='bbox 1921 2105 2186 2165; x_wconf 91' lang='lat' dir='ltr'>conscius</span> <span class='ocrx_word' id='word_1_214' title='bbox 2213 2114 2318 2181; x_wconf 89' lang='lat' dir='ltr'>est,</span> <span class='ocrx_word' id='word_1_215' title='bbox 2350 2107 2449 2184; x_wconf 91' lang='lat' dir='ltr'>qui</span> <span class='ocrx_word' id='word_1_216' title='bbox 2491 2108 2778 2165; x_wconf 87' lang='lat' dir='ltr'>neminem</span> 
     </span>
     <span class='ocr_line' id='line_1_21' title="bbox 371 2185 2780 2264; baseline 0 -19"><span class='ocrx_word' id='word_1_217' title='bbox 371 2188 669 2262; x_wconf 80' lang='lat' dir='ltr'>arbitr-mn,</span> <span class='ocrx_word' id='word_1_218' title='bbox 698 2196 800 2245; x_wconf 89' lang='lat' dir='ltr'>aut</span> <span class='ocrx_word' id='word_1_219' title='bbox 825 2194 1049 2262; x_wconf 88' lang='lat' dir='ltr'>testem,</span> <span class='ocrx_word' id='word_1_220' title='bbox 1078 2195 1180 2245; x_wconf 87' lang='lat' dir='ltr'>aut</span> <span class='ocrx_word' id='word_1_221' title='bbox 1216 2185 1475 2264; x_wconf 87' lang='lat' dir='ltr'>judicem</span> <span class='ocrx_word' id='word_1_222' title='bbox 1500 2206 1700 2245; x_wconf 88' lang='lat' dir='ltr'>earum</span> <span class='ocrx_word' id='word_1_223' title='bbox 1727 2206 1854 2245; x_wconf 89' lang='lat' dir='ltr'>esse</span> <span class='ocrx_word' id='word_1_224' title='bbox 1880 2204 2189 2263; x_wconf 80' lang='lat' dir='ltr'>persuasus</span> <span class='ocrx_word' id='word_1_225' title='bbox 2217 2194 2307 2245; x_wconf 84' lang='lat' dir='ltr'>est</span> <span class='ocrx_word' id='word_1_226' title='bbox 2321 2188 2350 2244; x_wconf 84' lang='lat'><strong>?</strong></span> <span class='ocrx_word' id='word_1_227' title='bbox 2395 2186 2734 2262; x_wconf 88' lang='lat' dir='ltr'>Seipsumne</span> <span class='ocrx_word' id='word_1_228' title='bbox 2750 2189 2780 2246; x_wconf 70' lang='grc' dir='ltr'>Ρ</span> 
     </span>
     <span class='ocr_line' id='line_1_22' title="bbox 373 2263 2782 2343; baseline 0 -18"><span class='ocrx_word' id='word_1_229' title='bbox 373 2266 461 2325; x_wconf 89' lang='lat' dir='ltr'>At</span> <span class='ocrx_word' id='word_1_230' title='bbox 488 2267 599 2326; x_wconf 88' lang='lat' dir='ltr'>sibi</span> <span class='ocrx_word' id='word_1_231' title='bbox 626 2266 1007 2325; x_wconf 89' lang='lat' dir='ltr'>amicissimus</span> <span class='ocrx_word' id='word_1_232' title='bbox 1035 2274 1142 2326; x_wconf 88' lang='lat' dir='ltr'>est.</span> <span class='ocrx_word' id='word_1_233' title='bbox 1186 2264 1430 2324; x_wconf 89' lang='lat' dir='ltr'>Aliosne</span> <span class='ocrx_word' id='word_1_234' title='bbox 1446 2268 1476 2325; x_wconf 68' lang='grc' dir='ltr'><em>Ρ</em></span> <span class='ocrx_word' id='word_1_235' title='bbox 1517 2263 1603 2323; x_wconf 86' lang='lat' dir='ltr'>At</span> <span class='ocrx_word' id='word_1_236' title='bbox 1629 2266 1720 2323; x_wconf 89' lang='lat' dir='ltr'>illi</span> <span class='ocrx_word' id='word_1_237' title='bbox 1747 2266 2032 2343; x_wconf 85' lang='lat' dir='ltr'>ignorant,</span> <span class='ocrx_word' id='word_1_238' title='bbox 2055 2264 2198 2341; x_wconf 91' lang='lat' dir='ltr'>quid</span> <span class='ocrx_word' id='word_1_239' title='bbox 2225 2265 2417 2323; x_wconf 84' lang='lat' dir='ltr'>animo</span> <span class='ocrx_word' id='word_1_240' title='bbox 2446 2266 2664 2341; x_wconf 82' lang='lat' dir='ltr'>cogitet</span> <span class='ocrx_word' id='word_1_241' title='bbox 2679 2274 2782 2325; x_wconf 89' lang='lat' dir='ltr'>aut</span> 
     </span>
     <span class='ocr_line' id='line_1_23' title="bbox 372 2343 2782 2422; baseline 0 -17"><span class='ocrx_word' id='word_1_242' title='bbox 372 2347 661 2406; x_wconf 88' lang='lat' dir='ltr'>moliatur.</span> <span class='ocrx_word' id='word_1_243' title='bbox 742 2346 892 2404; x_wconf 83' lang='lat' dir='ltr'>Tum</span> <span class='ocrx_word' id='word_1_244' title='bbox 920 2346 969 2405; x_wconf 89' lang='lat' dir='ltr'>si</span> <span class='ocrx_word' id='word_1_245' title='bbox 998 2346 1111 2405; x_wconf 86' lang='lat' dir='ltr'>tuti</span> <span class='ocrx_word' id='word_1_246' title='bbox 1138 2364 1267 2405; x_wconf 86' lang='lat' dir='ltr'>esse</span> <span class='ocrx_word' id='word_1_247' title='bbox 1293 2344 1493 2419; x_wconf 84' lang='lat' dir='ltr'>velint,</span> <span class='ocrx_word' id='word_1_248' title='bbox 1526 2364 1623 2403; x_wconf 91' lang='lat' dir='ltr'>ore</span> <span class='ocrx_word' id='word_1_249' title='bbox 1665 2345 1911 2422; x_wconf 82' lang='lat' dir='ltr'>probent</span> <span class='ocrx_word' id='word_1_250' title='bbox 1949 2343 2108 2421; x_wconf 89' lang='lat' dir='ltr'>quod</span> <span class='ocrx_word' id='word_1_251' title='bbox 2147 2344 2320 2403; x_wconf 88' lang='lat' dir='ltr'>corde</span> <span class='ocrx_word' id='word_1_252' title='bbox 2347 2354 2580 2421; x_wconf 83' lang='lat' dir='ltr'>negant.</span> <span class='ocrx_word' id='word_1_253' title='bbox 2665 2346 2782 2405; x_wconf 87' lang='lat' dir='ltr'>Cur</span> 
     </span>
     <span class='ocr_line' id='line_1_24' title="bbox 370 2423 2782 2503; baseline 0 -18"><span class='ocrx_word' id='word_1_254' title='bbox 370 2427 561 2485; x_wconf 88' lang='lat' dir='ltr'>securi</span> <span class='ocrx_word' id='word_1_255' title='bbox 608 2434 745 2485; x_wconf 85' lang='lat' dir='ltr'>tunc</span> <span class='ocrx_word' id='word_1_256' title='bbox 788 2444 907 2484; x_wconf 88' lang='lat' dir='ltr'>non</span> <span class='ocrx_word' id='word_1_257' title='bbox 951 2426 1068 2484; x_wconf 87' lang='lat' dir='ltr'>sint</span> <span class='ocrx_word' id='word_1_258' title='bbox 1083 2429 1112 2484; x_wconf 77' lang='lat'><strong>?</strong></span> <span class='ocrx_word' id='word_1_259' title='bbox 1169 2426 1331 2503; x_wconf 87' lang='lat' dir='ltr'>Ergo</span> <span class='ocrx_word' id='word_1_260' title='bbox 1366 2424 1551 2483; x_wconf 82' lang='lat' dir='ltr'>velint</span> <span class='ocrx_word' id='word_1_261' title='bbox 1592 2424 1782 2484; x_wconf 85' lang='lat' dir='ltr'>nolint</span> <span class='ocrx_word' id='word_1_262' title='bbox 1826 2425 2016 2483; x_wconf 90' lang='lat' dir='ltr'>Deum</span> <span class='ocrx_word' id='word_1_263' title='bbox 2069 2423 2320 2501; x_wconf 77' lang='lat' dir='ltr'>aliquem</span> <span class='ocrx_word' id='word_1_264' title='bbox 2375 2444 2502 2483; x_wconf 86' lang='lat' dir='ltr'>esse</span> <span class='ocrx_word' id='word_1_265' title='bbox 2544 2424 2782 2485; x_wconf 86' lang='lat' dir='ltr'>credant</span> 
     </span>
     <span class='ocr_line' id='line_1_25' title="bbox 368 2502 2781 2583; baseline -0 -18"><span class='ocrx_word' id='word_1_266' title='bbox 368 2513 615 2583; x_wconf 84' lang='lat' dir='ltr'>oportet,</span> <span class='ocrx_word' id='word_1_267' title='bbox 646 2524 817 2582; x_wconf 89' lang='lat' dir='ltr'>quem</span> <span class='ocrx_word' id='word_1_268' title='bbox 844 2505 972 2582; x_wconf 87' lang='lat' dir='ltr'>ipsa</span> <span class='ocrx_word' id='word_1_269' title='bbox 999 2513 1156 2565; x_wconf 89' lang='lat' dir='ltr'>recta</span> <span class='ocrx_word' id='word_1_270' title='bbox 1175 2506 1321 2564; x_wconf 90' lang='lat' dir='ltr'>ratio</span> <span class='ocrx_word' id='word_1_271' title='bbox 1343 2504 1512 2563; x_wconf 88' lang='lat' dir='ltr'>docet</span> <span class='ocrx_word' id='word_1_272' title='bbox 1532 2513 1806 2580; x_wconf 87' lang='lat' dir='ltr'>metuere,</span> <span class='ocrx_word' id='word_1_273' title='bbox 1837 2522 2010 2581; x_wconf 83' lang='lat' dir='ltr'>quem</span> <span class='ocrx_word' id='word_1_274' title='bbox 2028 2502 2198 2581; x_wconf 85' lang='lat' dir='ltr'>jubet</span> <span class='ocrx_word' id='word_1_275' title='bbox 2224 2502 2440 2581; x_wconf 89' lang='lat' dir='ltr'>ubique</span> <span class='ocrx_word' id='word_1_276' title='bbox 2466 2523 2781 2581; x_wconf 77' lang='lat' dir='ltr'>agnoscere</span> 
     </span>
     <span class='ocr_line' id='line_1_26' title="bbox 372 2582 2224 2664; baseline -0.003 -19"><span class='ocrx_word' id='word_1_277' title='bbox 372 2594 645 2664; x_wconf 87' lang='lat' dir='ltr'>tanquam</span> <span class='ocrx_word' id='word_1_278' title='bbox 675 2584 989 2646; x_wconf 89' lang='lat' dir='ltr'>Dominum</span> <span class='ocrx_word' id='word_1_279' title='bbox 1017 2592 1076 2645; x_wconf 89' lang='lat' dir='ltr'>et</span> <span class='ocrx_word' id='word_1_280' title='bbox 1101 2585 1146 2645; x_wconf 90' lang='lat' dir='ltr'><strong>J</strong></span> <span class='ocrx_word' id='word_1_281' title='bbox 1148 2582 1377 2645; x_wconf 90' lang='lat' dir='ltr'>udicem</span> <span class='ocrx_word' id='word_1_282' title='bbox 1404 2583 1680 2644; x_wconf 91' lang='lat' dir='ltr'>omnium.</span> <span class='ocrx_word' id='word_1_283' title='bbox 2219 2588 2224 2596; x_wconf 89' lang='grc'><strong>“</strong></span> 
     </span>
    </p>

    <p class='ocr_par' dir='ltr' id='par_1_4' title="bbox 368 2662 2784 4493">
     <span class='ocr_line' id='line_1_27' title="bbox 454 2662 2778 2742; baseline 0 -18"><span class='ocrx_word' id='word_1_284' title='bbox 454 2665 599 2725; x_wconf 88' lang='lat' dir='ltr'>XV.</span> <span class='ocrx_word' id='word_1_285' title='bbox 644 2666 769 2725; x_wconf 88' lang='lat' dir='ltr'>Nec</span> <span class='ocrx_word' id='word_1_286' title='bbox 795 2666 1025 2725; x_wconf 85' lang='lat' dir='ltr'>obstare</span> <span class='ocrx_word' id='word_1_287' title='bbox 1064 2673 1257 2742; x_wconf 86' lang='lat' dir='ltr'>potest</span> <span class='ocrx_word' id='word_1_288' title='bbox 1297 2664 1454 2742; x_wconf 89' lang='lat' dir='ltr'>quod</span> <span class='ocrx_word' id='word_1_289' title='bbox 1498 2664 1732 2738; x_wconf 89' lang='lat' dir='ltr'>Paulus,</span> <span class='ocrx_word' id='word_1_290' title='bbox 1765 2663 1916 2740; x_wconf 86' lang='lat' dir='ltr'>Eph.</span> <span class='ocrx_word' id='word_1_291' title='bbox 1952 2663 2031 2723; x_wconf 86' lang='lat' dir='ltr'>iv.</span> <span class='ocrx_word' id='word_1_292' title='bbox 2067 2665 2160 2738; x_wconf 87' lang='lat'>19,</span> <span class='ocrx_word' id='word_1_293' title='bbox 2191 2662 2347 2722; x_wconf 87' lang='lat' dir='ltr'>dicet</span> <span class='ocrx_word' id='word_1_294' title='bbox 2385 2663 2648 2724; x_wconf 90' lang='lat' dir='ltr'>homines</span> <span class='ocrx_word' id='word_1_295' title='bbox 2675 2665 2778 2723; x_wconf 86' lang='lat' dir='ltr'>ali-</span> 
     </span>
     <span class='ocr_line' id='line_1_28' title="bbox 368 2741 2782 2824; baseline -0 -19"><span class='ocrx_word' id='word_1_296' title='bbox 368 2745 605 2824; x_wconf 82' lang='lat' dir='ltr'>quando</span> <span class='ocrx_word' id='word_1_297' title='bbox 632 2765 887 2823; x_wconf 85' lang='lat' dir='ltr'>eousque</span> <span class='ocrx_word' id='word_1_298' title='bbox 915 2745 1149 2804; x_wconf 70' lang='lat' dir='ltr'>malitias</span> <span class='ocrx_word' id='word_1_299' title='bbox 1184 2744 1485 2823; x_wconf 86' lang='lat' dir='ltr'>pervenire</span> <span class='ocrx_word' id='word_1_300' title='bbox 1512 2754 1579 2803; x_wconf 88' lang='lat' dir='ltr'>ut</span> <span class='ocrx_word' id='word_1_301' title='bbox 1603 2743 1920 2802; x_wconf 82' lang='lat' dir='ltr'>reddantur</span> <span class='ocrx_word' id='word_1_302' title='bbox 1944 2741 2312 2816; x_wconf 67' lang='grc' dir='ltr'>ἀπηλγηκότες,</span> <span class='ocrx_word' id='word_1_303' title='bbox 2339 2742 2400 2802; x_wconf 87' lang='lat' dir='ltr'>id</span> <span class='ocrx_word' id='word_1_304' title='bbox 2427 2753 2534 2820; x_wconf 90' lang='lat' dir='ltr'>est,</span> <span class='ocrx_word' id='word_1_305' title='bbox 2564 2744 2782 2804; x_wconf 87' lang='lat' dir='ltr'>doloris</span> 
     </span>
     <span class='ocr_line' id='line_1_29' title="bbox 371 2823 2783 2903; baseline -0 -18"><span class='ocrx_word' id='word_1_306' title='bbox 371 2825 575 2900; x_wconf 89' lang='lat' dir='ltr'>omnis,</span> <span class='ocrx_word' id='word_1_307' title='bbox 607 2844 781 2903; x_wconf 89' lang='lat' dir='ltr'>quem</span> <span class='ocrx_word' id='word_1_308' title='bbox 810 2825 1162 2885; x_wconf 86' lang='lat' dir='ltr'>conscientia</span> <span class='ocrx_word' id='word_1_309' title='bbox 1188 2823 1447 2900; x_wconf 83' lang='lat' dir='ltr'>alioquin</span> <span class='ocrx_word' id='word_1_310' title='bbox 1474 2824 1623 2882; x_wconf 87' lang='lat' dir='ltr'>solet</span> <span class='ocrx_word' id='word_1_311' title='bbox 1648 2823 1918 2899; x_wconf 88' lang='lat' dir='ltr'>inserere,</span> <span class='ocrx_word' id='word_1_312' title='bbox 1949 2833 2234 2902; x_wconf 87' lang='lat' dir='ltr'>expertes,</span> <span class='ocrx_word' id='word_1_313' title='bbox 2265 2824 2380 2882; x_wconf 92' lang='lat' dir='ltr'>imo</span> <span class='ocrx_word' id='word_1_314' title='bbox 2413 2843 2685 2902; x_wconf 88' lang='lat' dir='ltr'>eousque,</span> <span class='ocrx_word' id='word_1_315' title='bbox 2716 2833 2783 2885; x_wconf 88' lang='lat' dir='ltr'>ut</span> 
     </span>
     <span class='ocr_line' id='line_1_30' title="bbox 370 2902 2783 2985; baseline -0 -21"><span class='ocrx_word' id='word_1_316' title='bbox 370 2906 781 2965; x_wconf 80' lang='lat' dir='ltr'>conscientiam</span> <span class='ocrx_word' id='word_1_317' title='bbox 822 2905 1075 2964; x_wconf 75' lang='lat' dir='ltr'>habeant</span> <span class='ocrx_word' id='word_1_318' title='bbox 1113 2904 1577 2985; x_wconf 56' lang='lat' dir='ltr'>cummagno-paim</span> <span class='ocrx_word' id='word_1_319' title='bbox 1618 2902 1873 2962; x_wconf 84' lang='lat' dir='ltr'>cauterio</span> <span class='ocrx_word' id='word_1_320' title='bbox 1915 2903 2184 2979; x_wconf 79' lang='lat' dir='ltr'>inustam,</span> <span class='ocrx_word' id='word_1_321' title='bbox 2227 2923 2298 2962; x_wconf 87' lang='lat' dir='ltr'>ac</span> <span class='ocrx_word' id='word_1_322' title='bbox 2339 2903 2579 2980; x_wconf 89' lang='lat' dir='ltr'>proinde</span> <span class='ocrx_word' id='word_1_323' title='bbox 2609 2923 2783 2963; x_wconf 89' lang='lat' dir='ltr'>sensu</span> 
     </span>
     <span class='ocr_line' id='line_1_31' title="bbox 372 2982 2782 3063; baseline -0.001 -19"><span class='ocrx_word' id='word_1_324' title='bbox 372 2985 529 3044; x_wconf 90' lang='lat' dir='ltr'>omni</span> <span class='ocrx_word' id='word_1_325' title='bbox 558 3005 626 3045; x_wconf 89' lang='lat' dir='ltr'>ac</span> <span class='ocrx_word' id='word_1_326' title='bbox 653 3005 911 3045; x_wconf 86' lang='lat' dir='ltr'>remorsu</span> <span class='ocrx_word' id='word_1_327' title='bbox 936 2985 1239 3063; x_wconf 80' lang='lat' dir='ltr'>privatam,</span> <span class='ocrx_word' id='word_1_328' title='bbox 1268 2993 1335 3046; x_wconf 89' lang='lat' dir='ltr'>ut</span> <span class='ocrx_word' id='word_1_329' title='bbox 1355 2983 1677 3061; x_wconf 85' lang='lat' dir='ltr'>Apostolus</span> <span class='ocrx_word' id='word_1_330' title='bbox 1703 2983 1976 3060; x_wconf 86' lang='lat' dir='ltr'>loquitur,</span> <span class='ocrx_word' id='word_1_331' title='bbox 2012 2987 2042 3042; x_wconf 93' lang='lat'>1</span> <span class='ocrx_word' id='word_1_332' title='bbox 2074 2982 2224 3042; x_wconf 80' lang='lat' dir='ltr'>Tim.</span> <span class='ocrx_word' id='word_1_333' title='bbox 2252 2983 2333 3043; x_wconf 84' lang='lat' dir='ltr'>iv.</span> <span class='ocrx_word' id='word_1_334' title='bbox 2364 2986 2420 3042; x_wconf 82' lang='lat'>2.</span> <span class='ocrx_word' id='word_1_335' title='bbox 2492 2982 2640 3042; x_wconf 84' lang='lat' dir='ltr'>Nam</span> <span class='ocrx_word' id='word_1_336' title='bbox 2671 2983 2782 3042; x_wconf 89' lang='lat' dir='ltr'>hoc</span> 
     </span>
     <span class='ocr_line' id='line_1_32' title="bbox 372 3061 2784 3142; baseline 0 -19"><span class='ocrx_word' id='word_1_337' title='bbox 372 3065 591 3124; x_wconf 86' lang='lat' dir='ltr'>indicat</span> <span class='ocrx_word' id='word_1_338' title='bbox 632 3064 867 3142; x_wconf 88' lang='lat' dir='ltr'>quidem</span> <span class='ocrx_word' id='word_1_339' title='bbox 911 3071 1179 3124; x_wconf 86' lang='lat' dir='ltr'>conatum</span> <span class='ocrx_word' id='word_1_340' title='bbox 1220 3072 1281 3123; x_wconf 91' lang='lat' dir='ltr'>et</span> <span class='ocrx_word' id='word_1_341' title='bbox 1322 3063 1578 3123; x_wconf 77' lang='lat' dir='ltr'>studium</span> <span class='ocrx_word' id='word_1_342' title='bbox 1625 3061 1995 3141; x_wconf 83' lang='lat' dir='ltr'>profanorum</span> <span class='ocrx_word' id='word_1_343' title='bbox 2038 3062 2321 3141; x_wconf 90' lang='lat' dir='ltr'>ejusmodi</span> <span class='ocrx_word' id='word_1_344' title='bbox 2363 3061 2678 3139; x_wconf 87' lang='lat' dir='ltr'>hominum,</span> <span class='ocrx_word' id='word_1_345' title='bbox 2724 3073 2784 3123; x_wconf 90' lang='lat' dir='ltr'>et</span> 
     </span>
     <span class='ocr_line' id='line_1_33' title="bbox 373 3142 2781 3221; baseline -0.001 -17"><span class='ocrx_word' id='word_1_346' title='bbox 373 3152 613 3204; x_wconf 86' lang='lat' dir='ltr'>conatus</span> <span class='ocrx_word' id='word_1_347' title='bbox 654 3145 823 3204; x_wconf 86' lang='lat' dir='ltr'>istius</span> <span class='ocrx_word' id='word_1_348' title='bbox 850 3142 1133 3219; x_wconf 86' lang='lat' dir='ltr'>effectum,</span> <span class='ocrx_word' id='word_1_349' title='bbox 1164 3143 1265 3221; x_wconf 89' lang='lat' dir='ltr'>qui</span> <span class='ocrx_word' id='word_1_350' title='bbox 1292 3143 1429 3202; x_wconf 85' lang='lat' dir='ltr'>foris</span> <span class='ocrx_word' id='word_1_351' title='bbox 1456 3150 1711 3221; x_wconf 85' lang='lat' dir='ltr'>apparet,</span> <span class='ocrx_word' id='word_1_352' title='bbox 1741 3142 1974 3220; x_wconf 86' lang='lat' dir='ltr'>quando</span> <span class='ocrx_word' id='word_1_353' title='bbox 2017 3143 2248 3202; x_wconf 84' lang='lat' dir='ltr'>scelesti</span> <span class='ocrx_word' id='word_1_354' title='bbox 2287 3143 2385 3203; x_wconf 87' lang='lat' dir='ltr'>isti</span> <span class='ocrx_word' id='word_1_355' title='bbox 2422 3143 2781 3202; x_wconf 85' lang='lat' dir='ltr'>extrinsecus</span> 
     </span>
     <span class='ocr_line' id='line_1_34' title="bbox 373 3222 2780 3299; baseline 0 -17"><span class='ocrx_word' id='word_1_356' title='bbox 373 3223 779 3283; x_wconf 86' lang='lat' dir='ltr'>confidentiam</span> <span class='ocrx_word' id='word_1_357' title='bbox 824 3224 1150 3297; x_wconf 87' lang='lat' dir='ltr'>ostendunt,</span> <span class='ocrx_word' id='word_1_358' title='bbox 1198 3231 1257 3283; x_wconf 89' lang='lat' dir='ltr'>et</span> <span class='ocrx_word' id='word_1_359' title='bbox 1300 3223 1664 3282; x_wconf 83' lang='lat' dir='ltr'>obfirmatum</span> <span class='ocrx_word' id='word_1_360' title='bbox 1699 3222 1785 3281; x_wconf 81' lang='lat' dir='ltr'>&#39;ad</span> <span class='ocrx_word' id='word_1_361' title='bbox 1831 3222 2049 3282; x_wconf 87' lang='lat' dir='ltr'>scelera</span> <span class='ocrx_word' id='word_1_362' title='bbox 2091 3223 2362 3297; x_wconf 89' lang='lat' dir='ltr'>animum,</span> <span class='ocrx_word' id='word_1_363' title='bbox 2409 3222 2576 3299; x_wconf 86' lang='lat' dir='ltr'>quasi</span> <span class='ocrx_word' id='word_1_364' title='bbox 2617 3223 2780 3282; x_wconf 84' lang='lat' dir='ltr'>nullo</span> 
     </span>
     <span class='ocr_line' id='line_1_35' title="bbox 376 3301 2783 3378; baseline 0 -17"><span class='ocrx_word' id='word_1_365' title='bbox 376 3304 658 3362; x_wconf 89' lang='lat' dir='ltr'>scelerum</span> <span class='ocrx_word' id='word_1_366' title='bbox 707 3323 879 3362; x_wconf 85' lang='lat' dir='ltr'>sensu</span> <span class='ocrx_word' id='word_1_367' title='bbox 933 3312 1032 3362; x_wconf 87' lang='lat' dir='ltr'>aut</span> <span class='ocrx_word' id='word_1_368' title='bbox 1087 3302 1452 3363; x_wconf 63' lang='lat' dir='ltr'>conscientias</span> <span class='ocrx_word' id='word_1_369' title='bbox 1498 3321 1695 3361; x_wconf 88' lang='lat' dir='ltr'>morsu</span> <span class='ocrx_word' id='word_1_370' title='bbox 1741 3309 2167 3378; x_wconf 86' lang='lat' dir='ltr'>premerentur;</span> <span class='ocrx_word' id='word_1_371' title='bbox 2232 3301 2318 3361; x_wconf 89' lang='lat' dir='ltr'>At</span> <span class='ocrx_word' id='word_1_372' title='bbox 2365 3321 2480 3360; x_wconf 90' lang='lat' dir='ltr'>non</span> <span class='ocrx_word' id='word_1_373' title='bbox 2529 3301 2783 3361; x_wconf 85' lang='lat' dir='ltr'>ostendit</span> 
     </span>
     <span class='ocr_line' id='line_1_36' title="bbox 374 3376 2778 3460; baseline -0 -19"><span class='ocrx_word' id='word_1_374' title='bbox 374 3376 576 3460; x_wconf 76' lang='lat' dir='ltr'>quale&#39;s</span> <span class='ocrx_word' id='word_1_375' title='bbox 602 3382 794 3441; x_wconf 89' lang='lat' dir='ltr'>animo</span> <span class='ocrx_word' id='word_1_376' title='bbox 822 3383 977 3442; x_wconf 88' lang='lat' dir='ltr'>intus</span> <span class='ocrx_word' id='word_1_377' title='bbox 1004 3382 1143 3442; x_wconf 87' lang='lat' dir='ltr'>sint.</span> <span class='ocrx_word' id='word_1_378' title='bbox 1226 3382 1358 3441; x_wconf 88' lang='lat' dir='ltr'>Hoc</span> <span class='ocrx_word' id='word_1_379' title='bbox 1386 3382 1540 3441; x_wconf 89' lang='lat' dir='ltr'>enim</span> <span class='ocrx_word' id='word_1_380' title='bbox 1568 3401 1686 3442; x_wconf 90' lang='lat' dir='ltr'>non</span> <span class='ocrx_word' id='word_1_381' title='bbox 1713 3389 1967 3459; x_wconf 85' lang='lat' dir='ltr'>apparet,</span> <span class='ocrx_word' id='word_1_382' title='bbox 1997 3380 2108 3440; x_wconf 89' lang='lat' dir='ltr'>hoc</span> <span class='ocrx_word' id='word_1_383' title='bbox 2135 3380 2496 3440; x_wconf 83' lang='lat' dir='ltr'>dissimulare</span> <span class='ocrx_word' id='word_1_384' title='bbox 2532 3381 2595 3439; x_wconf 91' lang='lat' dir='ltr'>in</span> <span class='ocrx_word' id='word_1_385' title='bbox 2634 3381 2778 3459; x_wconf 90' lang='lat' dir='ltr'>pub-</span> 
     </span>
     <span class='ocr_line' id='line_1_37' title="bbox 372 3459 2782 3539; baseline -0 -19"><span class='ocrx_word' id='word_1_386' title='bbox 372 3463 488 3522; x_wconf 89' lang='lat' dir='ltr'>lico</span> <span class='ocrx_word' id='word_1_387' title='bbox 528 3471 803 3539; x_wconf 88' lang='lat' dir='ltr'>possunt;</span> <span class='ocrx_word' id='word_1_388' title='bbox 849 3462 929 3522; x_wconf 81' lang='lat' dir='ltr'>Et</span> <span class='ocrx_word' id='word_1_389' title='bbox 956 3461 1005 3521; x_wconf 87' lang='lat' dir='ltr'>si</span> <span class='ocrx_word' id='word_1_390' title='bbox 1033 3461 1289 3521; x_wconf 86' lang='lat' dir='ltr'>exterius</span> <span class='ocrx_word' id='word_1_391' title='bbox 1316 3460 1602 3535; x_wconf 82' lang='lat' dir='ltr'>videntur,</span> <span class='ocrx_word' id='word_1_392' title='bbox 1634 3461 1758 3520; x_wconf 85' lang='lat' dir='ltr'>sine</span> <span class='ocrx_word' id='word_1_393' title='bbox 1787 3479 1978 3534; x_wconf 82' lang='lat' dir='ltr'>sensu,</span> <span class='ocrx_word' id='word_1_394' title='bbox 2010 3460 2134 3519; x_wconf 89' lang='lat' dir='ltr'>sine</span> <span class='ocrx_word' id='word_1_395' title='bbox 2166 3459 2366 3518; x_wconf 86' lang='lat' dir='ltr'>dolore</span> <span class='ocrx_word' id='word_1_396' title='bbox 2395 3468 2546 3534; x_wconf 89' lang='lat' dir='ltr'>sunt,</span> <span class='ocrx_word' id='word_1_397' title='bbox 2577 3461 2693 3518; x_wconf 89' lang='lat' dir='ltr'>imo</span> <span class='ocrx_word' id='word_1_398' title='bbox 2721 3470 2782 3519; x_wconf 90' lang='lat' dir='ltr'>et</span> 
     </span>
     <span class='ocr_line' id='line_1_38' title="bbox 374 3537 2780 3620; baseline -0.001 -20"><span class='ocrx_word' id='word_1_399' title='bbox 374 3542 500 3600; x_wconf 88' lang='lat' dir='ltr'>sine</span> <span class='ocrx_word' id='word_1_400' title='bbox 528 3563 597 3601; x_wconf 93' lang='lat' dir='ltr'>eo</span> <span class='ocrx_word' id='word_1_401' title='bbox 626 3562 751 3602; x_wconf 88' lang='lat' dir='ltr'>esse</span> <span class='ocrx_word' id='word_1_402' title='bbox 780 3561 843 3601; x_wconf 88' lang='lat' dir='ltr'>se</span> <span class='ocrx_word' id='word_1_403' title='bbox 883 3540 1076 3620; x_wconf 82' lang='lat' dir='ltr'>palam</span> <span class='ocrx_word' id='word_1_404' title='bbox 1116 3539 1513 3614; x_wconf 87' lang='lat' dir='ltr'>affirmabunt;</span> <span class='ocrx_word' id='word_1_405' title='bbox 1556 3546 1619 3598; x_wconf 87' lang='lat' dir='ltr'>at</span> <span class='ocrx_word' id='word_1_406' title='bbox 1667 3539 1718 3598; x_wconf 89' lang='lat' dir='ltr'>si</span> <span class='ocrx_word' id='word_1_407' title='bbox 1757 3538 1914 3598; x_wconf 87' lang='lat' dir='ltr'>intus</span> <span class='ocrx_word' id='word_1_408' title='bbox 1943 3537 2140 3598; x_wconf 86' lang='lat' dir='ltr'>videre</span> <span class='ocrx_word' id='word_1_409' title='bbox 2167 3557 2268 3598; x_wconf 89' lang='lat' dir='ltr'>eos</span> <span class='ocrx_word' id='word_1_410' title='bbox 2307 3538 2522 3612; x_wconf 87' lang='lat' dir='ltr'>liceret,</span> <span class='ocrx_word' id='word_1_411' title='bbox 2552 3539 2780 3598; x_wconf 88' lang='lat' dir='ltr'>animus</span> 
     </span>
     <span class='ocr_line' id='line_1_39' title="bbox 375 3616 2780 3698; baseline -0.002 -18"><span class='ocrx_word' id='word_1_412' title='bbox 375 3641 575 3680; x_wconf 90' lang='lat' dir='ltr'>eorum</span> <span class='ocrx_word' id='word_1_413' title='bbox 612 3621 923 3698; x_wconf 85' lang='lat' dir='ltr'>inquietus,</span> <span class='ocrx_word' id='word_1_414' title='bbox 968 3629 1028 3680; x_wconf 86' lang='lat' dir='ltr'>et</span> <span class='ocrx_word' id='word_1_415' title='bbox 1065 3620 1281 3680; x_wconf 81' lang='lat' dir='ltr'>aculeis</span> <span class='ocrx_word' id='word_1_416' title='bbox 1323 3617 1647 3680; x_wconf 86' lang='lat' dir='ltr'>durissimis</span> <span class='ocrx_word' id='word_1_417' title='bbox 1689 3616 1942 3694; x_wconf 87' lang='lat' dir='ltr'>agitatus</span> <span class='ocrx_word' id='word_1_418' title='bbox 1970 3617 2280 3677; x_wconf 85' lang='lat' dir='ltr'>videretur.</span> <span class='ocrx_word' id='word_1_419' title='bbox 2365 3617 2560 3676; x_wconf 92' lang='lat' dir='ltr'>Nolim</span> <span class='ocrx_word' id='word_1_420' title='bbox 2585 3625 2780 3677; x_wconf 86' lang='lat' dir='ltr'>tamen</span> 
     </span>
     <span class='ocr_line' id='line_1_40' title="bbox 376 3695 2780 3776; baseline -0 -19"><span class='ocrx_word' id='word_1_421' title='bbox 376 3719 589 3776; x_wconf 87' lang='lat' dir='ltr'>negare</span> <span class='ocrx_word' id='word_1_422' title='bbox 609 3698 735 3758; x_wconf 86' lang='lat' dir='ltr'>fieri</span> <span class='ocrx_word' id='word_1_423' title='bbox 758 3719 927 3776; x_wconf 88' lang='lat' dir='ltr'>posse</span> <span class='ocrx_word' id='word_1_424' title='bbox 944 3708 1011 3759; x_wconf 89' lang='lat' dir='ltr'>ut</span> <span class='ocrx_word' id='word_1_425' title='bbox 1031 3720 1106 3758; x_wconf 84' lang='lat' dir='ltr'>ex</span> <span class='ocrx_word' id='word_1_426' title='bbox 1123 3699 1399 3776; x_wconf 87' lang='lat' dir='ltr'>peccandi</span> <span class='ocrx_word' id='word_1_427' title='bbox 1420 3697 1834 3757; x_wconf 86' lang='lat' dir='ltr'>consuetudine</span> <span class='ocrx_word' id='word_1_428' title='bbox 1857 3697 2066 3756; x_wconf 87' lang='lat' dir='ltr'>callum</span> <span class='ocrx_word' id='word_1_429' title='bbox 2087 3695 2396 3774; x_wconf 82' lang='lat' dir='ltr'>quemdam</span> <span class='ocrx_word' id='word_1_430' title='bbox 2415 3697 2780 3756; x_wconf 65' lang='lat' dir='ltr'>conscientiae</span> 
     </span>
     <span class='ocr_line' id='line_1_41' title="bbox 374 3775 2778 3856; baseline -0 -19"><span class='ocrx_word' id='word_1_431' title='bbox 374 3779 459 3838; x_wconf 85' lang='lat' dir='ltr'>ita</span> <span class='ocrx_word' id='word_1_432' title='bbox 487 3779 792 3854; x_wconf 89' lang='lat' dir='ltr'>obducant,</span> <span class='ocrx_word' id='word_1_433' title='bbox 838 3787 902 3838; x_wconf 88' lang='lat' dir='ltr'>ut</span> <span class='ocrx_word' id='word_1_434' title='bbox 942 3778 1252 3856; x_wconf 89' lang='lat' dir='ltr'>aliquando</span> <span class='ocrx_word' id='word_1_435' title='bbox 1293 3785 1352 3838; x_wconf 89' lang='lat' dir='ltr'>et</span> <span class='ocrx_word' id='word_1_436' title='bbox 1392 3776 1730 3854; x_wconf 75' lang='lat' dir='ltr'>aliquandiu</span> <span class='ocrx_word' id='word_1_437' title='bbox 1757 3775 2063 3836; x_wconf 85' lang='lat' dir='ltr'>videantur</span> <span class='ocrx_word' id='word_1_438' title='bbox 2087 3775 2350 3836; x_wconf 87' lang='lat' dir='ltr'>amisisse</span> <span class='ocrx_word' id='word_1_439' title='bbox 2379 3795 2606 3834; x_wconf 87' lang='lat' dir='ltr'>omnem</span> <span class='ocrx_word' id='word_1_440' title='bbox 2646 3796 2778 3853; x_wconf 88' lang='lat' dir='ltr'>pec·</span> 
     </span>
     <span class='ocr_line' id='line_1_42' title="bbox 376 3855 2778 3932; baseline -0 -15"><span class='ocrx_word' id='word_1_441' title='bbox 376 3858 493 3917; x_wconf 78' lang='lat' dir='ltr'>cati</span> <span class='ocrx_word' id='word_1_442' title='bbox 519 3877 770 3932; x_wconf 86' lang='lat' dir='ltr'>sensum,</span> <span class='ocrx_word' id='word_1_443' title='bbox 800 3867 859 3917; x_wconf 90' lang='lat' dir='ltr'>et</span> <span class='ocrx_word' id='word_1_444' title='bbox 886 3858 1251 3918; x_wconf 79' lang='lat' dir='ltr'>conscientiae</span> <span class='ocrx_word' id='word_1_445' title='bbox 1278 3876 1533 3916; x_wconf 88' lang='lat' dir='ltr'>morsum</span> <span class='ocrx_word' id='word_1_446' title='bbox 1558 3874 1677 3914; x_wconf 89' lang='lat' dir='ltr'>non</span> <span class='ocrx_word' id='word_1_447' title='bbox 1705 3856 1956 3915; x_wconf 86' lang='lat' dir='ltr'>sentiant</span> <span class='ocrx_word' id='word_1_448' title='bbox 1983 3855 2080 3915; x_wconf 88' lang='lat' dir='ltr'>vel</span> <span class='ocrx_word' id='word_1_449' title='bbox 2106 3875 2224 3914; x_wconf 89' lang='lat' dir='ltr'>non</span> <span class='ocrx_word' id='word_1_450' title='bbox 2251 3863 2468 3930; x_wconf 87' lang='lat' dir='ltr'>curent,</span> <span class='ocrx_word' id='word_1_451' title='bbox 2499 3855 2578 3913; x_wconf 90' lang='lat' dir='ltr'>im</span> <span class='ocrx_word' id='word_1_452' title='bbox 2617 3857 2778 3916; x_wconf 87' lang='lat' dir='ltr'>rimis</span> 
     </span>
     <span class='ocr_line' id='line_1_43' title="bbox 376 3936 2780 4016; baseline 0 -19"><span class='ocrx_word' id='word_1_453' title='bbox 376 3957 555 4016; x_wconf 90' lang='lat' dir='ltr'>quum</span> <span class='ocrx_word' id='word_1_454' title='bbox 596 3938 791 3995; x_wconf 89' lang='lat' dir='ltr'>omnia</span> <span class='ocrx_word' id='word_1_455' title='bbox 831 3937 949 3996; x_wconf 89' lang='lat' dir='ltr'>illis</span> <span class='ocrx_word' id='word_1_456' title='bbox 989 3937 1177 3996; x_wconf 88' lang='lat' dir='ltr'>fluunt</span> <span class='ocrx_word' id='word_1_457' title='bbox 1220 3957 1297 3996; x_wconf 88' lang='lat' dir='ltr'>ex</span> <span class='ocrx_word' id='word_1_458' title='bbox 1337 3945 1493 4011; x_wconf 83' lang='lat' dir='ltr'>voto,</span> <span class='ocrx_word' id='word_1_459' title='bbox 1540 3955 1720 4013; x_wconf 88' lang='lat' dir='ltr'>quum</span> <span class='ocrx_word' id='word_1_460' title='bbox 1747 3937 1902 3995; x_wconf 83' lang='lat' dir='ltr'>vires</span> <span class='ocrx_word' id='word_1_461' title='bbox 1951 3943 2250 4011; x_wconf 63' lang='lat' dir='ltr'>constant·</span> <span class='ocrx_word' id='word_1_462' title='bbox 2277 3943 2336 3995; x_wconf 88' lang='lat' dir='ltr'>et</span> <span class='ocrx_word' id='word_1_463' title='bbox 2367 3936 2562 3994; x_wconf 84' lang='lat' dir='ltr'>valetu</span> <span class='ocrx_word' id='word_1_464' title='bbox 2607 3955 2642 3994; x_wconf 94' lang='lat' dir='ltr'>o</span> <span class='ocrx_word' id='word_1_465' title='bbox 2689 3947 2780 3997; x_wconf 90' lang='lat' dir='ltr'>est</span> 
     </span>
     <span class='ocr_line' id='line_1_44' title="bbox 376 4015 2775 4095; baseline 0 -21"><span class='ocrx_word' id='word_1_466' title='bbox 376 4017 557 4092; x_wconf 84' lang='lat' dir='ltr'>firma,</span> <span class='ocrx_word' id='word_1_467' title='bbox 588 4025 649 4077; x_wconf 89' lang='lat' dir='ltr'>et</span> <span class='ocrx_word' id='word_1_468' title='bbox 686 4016 852 4076; x_wconf 87' lang='lat' dir='ltr'>favor</span> <span class='ocrx_word' id='word_1_469' title='bbox 890 4016 1157 4095; x_wconf 90' lang='lat' dir='ltr'>publicus</span> <span class='ocrx_word' id='word_1_470' title='bbox 1184 4015 1367 4076; x_wconf 88' lang='lat' dir='ltr'>adest.</span> <span class='ocrx_word' id='word_1_471' title='bbox 1451 4015 1537 4075; x_wconf 89' lang='lat' dir='ltr'>At</span> <span class='ocrx_word' id='word_1_472' title='bbox 1563 4023 1630 4075; x_wconf 89' lang='lat' dir='ltr'>ut</span> <span class='ocrx_word' id='word_1_473' title='bbox 1668 4034 1900 4074; x_wconf 88' lang='lat' dir='ltr'>sensum</span> <span class='ocrx_word' id='word_1_474' title='bbox 1937 4035 2166 4075; x_wconf 89' lang='lat' dir='ltr'>omnem</span> <span class='ocrx_word' id='word_1_475' title='bbox 2205 4015 2436 4093; x_wconf 85' lang='lat' dir='ltr'>penitus</span> <span class='ocrx_word' id='word_1_476' title='bbox 2463 4015 2775 4092; x_wconf 80' lang='lat' dir='ltr'>amiserint,</span> 
     </span>
     <span class='ocr_line' id='line_1_45' title="bbox 376 4095 2778 4175; baseline 0 -21"><span class='ocrx_word' id='word_1_477' title='bbox 376 4097 494 4156; x_wconf 89' lang='lat' dir='ltr'>dici</span> <span class='ocrx_word' id='word_1_478' title='bbox 518 4115 635 4155; x_wconf 91' lang='lat' dir='ltr'>non</span> <span class='ocrx_word' id='word_1_479' title='bbox 662 4104 887 4175; x_wconf 80' lang='lat' dir='ltr'>potest3</span> <span class='ocrx_word' id='word_1_480' title='bbox 930 4095 1141 4154; x_wconf 88' lang='lat' dir='ltr'>dormit</span> <span class='ocrx_word' id='word_1_481' title='bbox 1168 4096 1533 4171; x_wconf 84' lang='lat' dir='ltr'>conscientia,</span> <span class='ocrx_word' id='word_1_482' title='bbox 1564 4114 1681 4154; x_wconf 89' lang='lat' dir='ltr'>non</span> <span class='ocrx_word' id='word_1_483' title='bbox 1709 4103 1934 4154; x_wconf 87' lang='lat' dir='ltr'>mortua</span> <span class='ocrx_word' id='word_1_484' title='bbox 1954 4103 2059 4171; x_wconf 87' lang='lat' dir='ltr'>est,</span> <span class='ocrx_word' id='word_1_485' title='bbox 2091 4095 2251 4155; x_wconf 87' lang='lat' dir='ltr'>ebria</span> <span class='ocrx_word' id='word_1_486' title='bbox 2277 4103 2366 4154; x_wconf 89' lang='lat' dir='ltr'>est</span> <span class='ocrx_word' id='word_1_487' title='bbox 2392 4115 2428 4154; x_wconf 88' lang='lat' dir='ltr'>a</span> <span class='ocrx_word' id='word_1_488' title='bbox 2455 4115 2642 4172; x_wconf 88' lang='lat' dir='ltr'>carne,</span> <span class='ocrx_word' id='word_1_489' title='bbox 2673 4097 2778 4155; x_wconf 85' lang='lat' dir='ltr'>sed</span> 
     </span>
     <span class='ocr_line' id='line_1_46' title="bbox 374 4175 2776 4253; baseline 0 -19"><span class='ocrx_word' id='word_1_490' title='bbox 374 4195 493 4234; x_wconf 87' lang='lat' dir='ltr'>non</span> <span class='ocrx_word' id='word_1_491' title='bbox 520 4177 811 4253; x_wconf 83' lang='lat' dir='ltr'>extincta;</span> <span class='ocrx_word' id='word_1_492' title='bbox 854 4175 999 4234; x_wconf 84' lang='lat' dir='ltr'>alias</span> <span class='ocrx_word' id='word_1_493' title='bbox 1025 4175 1315 4252; x_wconf 89' lang='lat' dir='ltr'>quomodo</span> <span class='ocrx_word' id='word_1_494' title='bbox 1344 4176 1561 4234; x_wconf 87' lang='lat' dir='ltr'>Paulus</span> <span class='ocrx_word' id='word_1_495' title='bbox 1588 4175 1779 4234; x_wconf 83' lang='lat' dir='ltr'>dicere</span> <span class='ocrx_word' id='word_1_496' title='bbox 1810 4183 2007 4252; x_wconf 86' lang='lat' dir='ltr'>posset</span> <span class='ocrx_word' id='word_1_497' title='bbox 2032 4176 2276 4236; x_wconf 70' lang='lat' dir='ltr'>homines</span> <span class='ocrx_word' id='word_1_498' title='bbox 2301 4176 2510 4251; x_wconf 62' lang='lat' dir='ltr'>Legem</span> <span class='ocrx_word' id='word_1_499' title='bbox 2535 4196 2650 4235; x_wconf 77' lang='lat' dir='ltr'>non</span> <span class='ocrx_word' id='word_1_500' title='bbox 2674 4179 2776 4234; x_wconf 75' lang='lat' dir='ltr'><strong><em>ha·-</em></strong></span> 
     </span>
     <span class='ocr_line' id='line_1_47' title="bbox 372 4255 2776 4332; baseline -0 -17"><span class='ocrx_word' id='word_1_501' title='bbox 372 4258 571 4330; x_wconf 73' lang='lat' dir='ltr'>bentes,</span> <span class='ocrx_word' id='word_1_502' title='bbox 600 4258 707 4316; x_wconf 66' lang='lat' dir='ltr'>sibi</span> <span class='ocrx_word' id='word_1_503' title='bbox 729 4256 864 4332; x_wconf 76' lang='lat' dir='ltr'>ipsis</span> <span class='ocrx_word' id='word_1_504' title='bbox 884 4275 997 4315; x_wconf 75' lang='lat' dir='ltr'>esse</span> <span class='ocrx_word' id='word_1_505' title='bbox 1023 4257 1247 4331; x_wconf 66' lang='lat' dir='ltr'>Legem,</span> <span class='ocrx_word' id='word_1_506' title='bbox 1270 4264 1325 4314; x_wconf 87' lang='lat' dir='ltr'>et</span> <span class='ocrx_word' id='word_1_507' title='bbox 1342 4257 1626 4314; x_wconf 77' lang='lat' dir='ltr'>ostendere</span> <span class='ocrx_word' id='word_1_508' title='bbox 1646 4275 1787 4331; x_wconf 74' lang='lat' dir='ltr'>opus</span> <span class='ocrx_word' id='word_1_509' title='bbox 1807 4255 1974 4331; x_wconf 64' lang='lat' dir='ltr'>Legis</span> <span class='ocrx_word' id='word_1_510' title='bbox 1992 4256 2264 4332; x_wconf 75' lang='lat' dir='ltr'>scriptum</span> <span class='ocrx_word' id='word_1_511' title='bbox 2283 4256 2342 4314; x_wconf 76' lang='lat' dir='ltr'>in</span> <span class='ocrx_word' id='word_1_512' title='bbox 2361 4255 2620 4314; x_wconf 61' lang='lat' dir='ltr'>cordibus</span> <span class='ocrx_word' id='word_1_513' title='bbox 2643 4257 2776 4331; x_wconf 60' lang='lat' dir='ltr'>suth,</span> 
     </span>
     <span class='ocr_line' id='line_1_48' title="bbox 372 4335 2777 4411; baseline 0 -17"><span class='ocrx_word' id='word_1_514' title='bbox 372 4357 491 4394; x_wconf 75' lang='lat' dir='ltr'>una</span> <span class='ocrx_word' id='word_1_515' title='bbox 509 4336 873 4394; x_wconf 74' lang='lat' dir='ltr'>testimonium</span> <span class='ocrx_word' id='word_1_516' title='bbox 889 4337 1152 4394; x_wconf 79' lang='lat' dir='ltr'>reddente</span> <span class='ocrx_word' id='word_1_517' title='bbox 1168 4355 1361 4394; x_wconf 86' lang='lat' dir='ltr'>eorum</span> <span class='ocrx_word' id='word_1_518' title='bbox 1377 4335 1724 4409; x_wconf 74' lang='lat' dir='ltr'>conscientia,</span> <span class='ocrx_word' id='word_1_519' title='bbox 1745 4344 1801 4393; x_wconf 89' lang='lat' dir='ltr'>et</span> <span class='ocrx_word' id='word_1_520' title='bbox 1816 4335 2232 4411; x_wconf 63' lang='lat' dir='ltr'>coqitationffius</span> <span class='ocrx_word' id='word_1_521' title='bbox 2251 4355 2310 4394; x_wconf 79' lang='lat' dir='ltr'>se</span> <span class='ocrx_word' id='word_1_522' title='bbox 2325 4344 2514 4394; x_wconf 82' lang='lat' dir='ltr'>mutuo</span> <span class='ocrx_word' id='word_1_523' title='bbox 2532 4335 2777 4395; x_wconf 88' lang='lat' dir='ltr'>subinde</span> 
     </span>
     <span class='ocr_line' id='line_1_49' title="bbox 374 4413 2567 4493; baseline -0 -19"><span class='ocrx_word' id='word_1_524' title='bbox 374 4424 435 4475; x_wconf 88' lang='lat' dir='ltr'>et</span> <span class='ocrx_word' id='word_1_525' title='bbox 458 4435 562 4493; x_wconf 88' lang='lat' dir='ltr'>per</span> <span class='ocrx_word' id='word_1_526' title='bbox 586 4415 895 4476; x_wconf 85' lang='lat' dir='ltr'>intervalla</span> <span class='ocrx_word' id='word_1_527' title='bbox 920 4416 1303 4474; x_wconf 73' lang='lat' dir='ltr'>accusantibus</span> <span class='ocrx_word' id='word_1_528' title='bbox 1329 4423 1384 4473; x_wconf 89' lang='lat' dir='ltr'>et</span> <span class='ocrx_word' id='word_1_529' title='bbox 1406 4415 1794 4474; x_wconf 61' lang='lat' dir='ltr'>excusautffius</span> <span class='ocrx_word' id='word_1_530' title='bbox 1819 4415 1880 4472; x_wconf 90' lang='lat' dir='ltr'>in</span> <span class='ocrx_word' id='word_1_531' title='bbox 1907 4415 2058 4474; x_wconf 86' lang='lat' dir='ltr'>male</span> <span class='ocrx_word' id='word_1_532' title='bbox 2083 4415 2182 4474; x_wconf 84' lang='lat' dir='ltr'>vel</span> <span class='ocrx_word' id='word_1_533' title='bbox 2207 4415 2356 4474; x_wconf 87' lang='lat' dir='ltr'>bene</span> <span class='ocrx_word' id='word_1_534' title='bbox 2383 4413 2567 4473; x_wconf 86' lang='lat' dir='ltr'>factis.</span> 
     </span>
    </p>

    <p class='ocr_par' dir='ltr' id='par_1_5' title="bbox 374 4493 2778 4729">
     <span class='ocr_line' id='line_1_50' title="bbox 978 4493 2778 4571; baseline 0 -19"><span class='ocrx_word' id='word_1_535' title='bbox 978 4495 1159 4554; x_wconf 90' lang='lat' dir='ltr'>XVI.</span> <span class='ocrx_word' id='word_1_536' title='bbox 1225 4499 1281 4554; x_wconf 87' lang='grc'>7.</span> <span class='ocrx_word' id='word_1_537' title='bbox 1344 4493 1593 4554; x_wconf 88' lang='lat' dir='ltr'>Accedit</span> <span class='ocrx_word' id='word_1_538' title='bbox 1640 4503 1911 4552; x_wconf 83' lang='lat' dir='ltr'>constans</span> <span class='ocrx_word' id='word_1_539' title='bbox 1964 4502 2024 4553; x_wconf 90' lang='lat' dir='ltr'>et</span> <span class='ocrx_word' id='word_1_540' title='bbox 2075 4502 2386 4571; x_wconf 87' lang='lat' dir='ltr'>perpetuus</span> <span class='ocrx_word' id='word_1_541' title='bbox 2429 4497 2778 4570; x_wconf 75' lang='lat' dir='ltr'>populorum</span> 
     </span>
     <span class='ocr_line' id='line_1_51' title="bbox 374 4557 2776 4664; baseline -0.001 -30"><span class='ocrx_word' id='word_1_542' title='bbox 374 4557 418 4605; x_wconf 88' lang='lat'>⁷·</span> <span class='ocrx_word' id='word_1_543' title='bbox 470 4559 855 4664; x_wconf 50' lang='grc' dir='ltr'>ῒοῖὓζξξᾶοηω</span> <span class='ocrx_word' id='word_1_544' title='bbox 896 4575 1143 4634; x_wconf 74' lang='lat' dir='ltr'>omnium</span> <span class='ocrx_word' id='word_1_545' title='bbox 1180 4593 1369 4634; x_wconf 76' lang='lat' dir='ltr'>sensus</span> <span class='ocrx_word' id='word_1_546' title='bbox 1406 4583 1460 4633; x_wconf 85' lang='lat' dir='ltr'>et</span> <span class='ocrx_word' id='word_1_547' title='bbox 1501 4594 1792 4632; x_wconf 75' lang='lat' dir='ltr'>consensus</span> <span class='ocrx_word' id='word_1_548' title='bbox 1807 4597 1831 4646; x_wconf 95' lang='lat'><em>;</em></span> <span class='ocrx_word' id='word_1_549' title='bbox 1882 4572 2046 4633; x_wconf 89' lang='lat' dir='ltr'>Licet</span> <span class='ocrx_word' id='word_1_550' title='bbox 2086 4573 2238 4632; x_wconf 89' lang='lat' dir='ltr'>enim</span> <span class='ocrx_word' id='word_1_551' title='bbox 2275 4572 2660 4632; x_wconf 86' lang='lat' dir='ltr'>diversimode</span> <span class='ocrx_word' id='word_1_552' title='bbox 2702 4572 2776 4632; x_wconf 90' lang='lat' dir='ltr'>de</span> 
     </span>
     <span class='ocr_line' id='line_1_52' title="bbox 562 4649 2774 4729; baseline -0.001 -15"><span class='ocrx_word' id='word_1_553' title='bbox 562 4687 567 4692; x_wconf 94' lang='lat'>·</span> <span class='ocrx_word' id='word_1_554' title='bbox 724 4649 737 4663; x_wconf 74' lang='lat'>⁸</span> <span class='ocrx_word' id='word_1_555' title='bbox 898 4654 1167 4714; x_wconf 88' lang='lat' dir='ltr'>Numinis</span> <span class='ocrx_word' id='word_1_556' title='bbox 1200 4663 1421 4729; x_wconf 85' lang='lat' dir='ltr'>natura,</span> <span class='ocrx_word' id='word_1_557' title='bbox 1452 4653 1525 4712; x_wconf 91' lang='lat' dir='ltr'>de</span> <span class='ocrx_word' id='word_1_558' title='bbox 1554 4672 1808 4728; x_wconf 89' lang='lat' dir='ltr'>numero,</span> <span class='ocrx_word' id='word_1_559' title='bbox 1839 4651 1912 4712; x_wconf 91' lang='lat' dir='ltr'>de</span> <span class='ocrx_word' id='word_1_560' title='bbox 1939 4652 2160 4712; x_wconf 88' lang='lat' dir='ltr'>ratione</span> <span class='ocrx_word' id='word_1_561' title='bbox 2187 4673 2254 4712; x_wconf 89' lang='lat' dir='ltr'>ac</span> <span class='ocrx_word' id='word_1_562' title='bbox 2282 4651 2452 4710; x_wconf 83' lang='lat' dir='ltr'>modo</span> <span class='ocrx_word' id='word_1_563' title='bbox 2494 4651 2641 4710; x_wconf 90' lang='lat' dir='ltr'>illud</span> <span class='ocrx_word' id='word_1_564' title='bbox 2681 4671 2774 4711; x_wconf 90' lang='lat' dir='ltr'>co·</span> 
     </span>
    </p>
   </div>
  </div>
 </body>
</html>
