3300 5225
521 323 640 380 260
1487 338 1673 382 mous
1698 338 1969 381 rannus.
2439 317 2692 400 [QUAEST.
2722 339 2941 382 xxvnr.

521 479 696 539 homo
723 486 783 539 et
811 477 990 539 Deus.
1075 477 1234 539 Lo'ca
1259 499 1389 558 quse
1415 479 1832 542 humanitatem
1861 476 2078 540 Christi
2115 476 2447 572 praedicant,
2478 478 2783 539 veritatem
2810 481 2941 558 ejus

523 568 804 636 asserunt,
849 559 954 618 sed
996 559 1378 620 Divinitatem
1415 581 1536 619 non
1575 569 1829 638 negant3
1874 569 1933 619 et
1976 559 2203 637 quoties
2244 557 2647 617 denominatur
2674 560 2942 620 Christus

521 639 596 700 ab
624 639 998 714 humanitate,
1028 659 1146 698 non
1189 640 1384 698 statim
1423 640 1755 700 excluditur
1784 606 2091 713 Divinitas,
2121 648 2189 697 ιιι
2215 637 2443 714 quoties
2470 638 2744 697 asseritur
2771 641 2938 698 Divi-

520 719 691 795 nitas,
723 738 841 777 non
869 685 1198 778 excluditur
1221 719 1566 795 humanitas,
1597 720 1735 796 quia
1761 718 2255 778 denominationes
2282 736 2413 794 quae
2440 717 2771 778 tribuuntur
2800 720 2939 779 Per-

521 818 678 856 sonae
705 807 950 877 possunt
976 799 1049 856 ab
1077 799 1354 857 alterutra
1378 807 1585 858 natura
1609 799 1748 876 peti.

603 877 892 938 XXXV.
933 877 1180 955 Aliquid
1207 879 1391 955 accipi
1434 886 1644 956 potest,
1676 876 1773 935 vel
1813 877 1877 935 in
1902 885 2247 954 tempore,v
2205 875 2306 934 v'el
2348 875 2423 934 ab
2465 883 2697 952 aeterno,
2726 877 2825 936 vel
2861 898 2937 937 ex

520 959 724 1034 gratia,
749 958 846 1016 vel
873 977 950 1016 ex
977 967 1216 1017 natura.
1260 957 1426 1015 Prior
1453 957 1773 1034 accipiendi
1800 956 2009 1014 modus
2033 975 2238 1014 revera
2262 955 2697 1015 inferioritatem
2724 959 2937 1050 arguit,

519 1046 579 1096 et
605 1046 826 1096 naturae
853 1037 1318 1113 inaequalitatem,
1351 1045 1410 1095 et
1448 1037 1510 1093 in
1537 1055 1742 1094 verum
1770 1037 1961 1094 Deum
2002 1035 2205 1095 cadere
2246 1036 2484 1112 nequit3
2530 1035 2617 1094 At
2654 1038 2941 1112 posterior

522 1116 793 1175 Personis
822 1117 1036 1174 divinis
1065 1123 1388 1193 competere
1429 1123 1623 1192 potest
1666 1115 1791 1174 sine
1830 1116 1953 1173 ulla
1992 1115 2420 1191 inaequalitate;
2466 1115 2603 1192 quia
2630 1117 2771 1174 ordo
2800 1118 2937 1176 sub-

519 1196 762 1254 sistendi
790 1196 1172 1254 Personarum
1215 1215 1334 1253 non
1375 1195 1531 1254 tollit
1573 1194 1962 1272 aequalitatem
2010 1194 2294 1254 essentiae.
2379 1195 2473 1252 Ite
2513 1194 2701 1253 Filius
2744 1197 2939 1256 omnia

517 1283 710 1352 potest
736 1275 853 1333 dici
880 1275 1170 1353 accepisse
1197 1293 1234 1332 a
1255 1274 1446 1351 Patre,
1477 1274 1574 1333 vel
1601 1294 1719 1350 qua
1745 1274 1879 1344 Λογο
1857 1302 1906 1340 ος
1930 1294 2035 1351 per
2074 1274 2335 1352 ejusdem
2376 1274 2641 1333 essentiae
2679 1295 2934 1336 commu-

517 1355 863 1413 nicationem
893 1354 967 1413 ab
995 1363 1228 1429 aeterno,
1258 1354 1355 1412 vel
1383 1373 1500 1431 qua
1517 1355 1648 1412 θεέ
1629 1363 1845 1448 egum-05·
1860 1364 1919 1414 et
1946 1353 2279 1412 Mediator
2262 1373 2325 1412 m
2350 1361 2607 1432 tempore
2632 1374 2737 1433 per
2762 1355 2937 1414 officii

515 1434 957 1510 impositionem,
989 1434 1157 1512 cujus
1185 1443 1451 1510 respectu
1478 1453 1540 1492 se
1571 1437 1743 1492 Patre
1770 1435 2049 1492 minorem
2076 1433 2305 1492 fatetur.

601 1513 922 1572 XXXVI.
966 1513 1334 1589 Principium,
1365 1514 1462 1572 vel
1503 1523 1594 1572 est
1620 1513 2142 1588 communicationis,
2172 1511 2271 1570 vel
2298 1511 2705 1586 inchoabimu’s5
2748 1513 2937 1574 Filius

515 1593 692 1652 habet
734 1593 1079 1671 principium
1121 1593 1671 1668 communicationis,
1716 1593 1905 1653 nimir.
1938 1593 2187 1669 Patrem,
2232 1591 2337 1651 sed
2370 1611 2491 1650 non
2530 1593 2932 1671 inchoationis,

517 1672 655 1749 quia
682 1673 932 1731 essentia
958 1673 1046 1730 illi
1073 1673 1494 1731 communicata.
1519 1681 1609 1731 est
1636 1673 1710 1732 ab
1739 1683 1973 1734 aeterno,

599 1752 956 1810 XXXVII.
1001 1752 1265 1810 Christus
1312 1751 1526 1811 dicitur
1577 1752 1898 1833 xenaia-0105,
1955 1771 2075 1811 non
2128 1750 2509 1832 ‘temisve-ng,
2563 1751 2685 1812 Col.
2741 1751 2781 1811 ἰ.
2835 1755 2931 1812 15.

515 1832 929 1908 fflmoqmims
973 1832 1150 1890 omm‘s
1181 1831 1478 1892 Oreaturoe
1519 1836 1741 1890 ratione
1784 1833 2040 1908 dominii,
2070 1835 2208 1909 quia
2254 1841 2320 1890 ut
2368 1833 2559 1890 omnia
2600 1851 2705 1909 per
2742 1832 2933 1909 ipsum

516 1910 670 1969 facte
697 1919 849 1986 sunt,
880 1911 962 1969 ita
988 1911 1292 1988 imperium
1319 1911 1540 1970 habet
1522 1931 1584 1968 ιιι
1613 1911 1844 1988 omnia;
1889 1910 1993 1970 sed
2020 1931 2137 1970 non
2162 1911 2383 1970 ratione
2411 1911 2734 1988 creationis,
2764 1913 2933 1988 quasi

515 1991 736 2084 primus
779 1991 930 2049 inter
974 1990 1278 2049 Creaturas
1321 1990 1636 2068 productus
1680 1957 1848 2067 esset',
1895 1992 2077 2050 alias
2082 2011 2199 2049 non
2240 1990 2543 2066 diceretur,
2586 1991 2712 2068 J’am
2755 1991 2935 2051 fuisse

515 2069 576 2128 in
604 2070 901 2147 principio,
947 2079 1006 2128 et
1047 2071 1240 2128 omnia
1265 2069 1610 2128 condidisse.
1696 2071 1829 2129 Hoc
1870 2090 2045 2130 sensu
2086 2079 2343 2146 vocatur,
2376 2071 2731 2146 Principium
2772 2091 2930 2132 crea·

516 2159 664 2208 turoe
701 2151 832 2225 Dei,
865 2149 1054 2227 Apoc.
1101 2149 1182 2208 ιιι.
1217 2152 1307 2224 14,
1356 2168 1471 2206 ιιοιι
1509 2150 1818 2226 passivum,
1831 2151 2018 2244 ‘quasi
2060 2159 2213 2208 esset
2258 2151 2444 2227 prima
2486 2151 2777 2226 Creatura,
2828 2150 2933 2210 sed

514 2232 772 2306 activum,
803 2230 942 2308 quia
967 2230 1042 2288 ab
1070 2249 1139 2288 eo
1167 2248 1368 2288 omnes
1393 2237 1672 2288 creaturae
1700 2230 1983 2308 originem
2008 2229 2245 2307 ducunt,
2264 2237 2332 2289 ut
2354 2229 2570 2289 Paulus
2597 2230 2727 2288 loco
2756 2231 2933 2290 citato

517 2311 990 2449 expicgsstssvnl·
1035 2391 1208 2450 Pater
1250 2389 1394 2450 unus
1433 2389 1592 2450 Deua
1636 2391 1863 2468 dicitur,
1912 2391 1943 2451 1
1976 2391 2106 2451 Cor.
2134 2391 2257 2451 viii.
2289 2393 2343 2468 5,
2376 2394 2430 2467 6,
2474 2411 2591 2450 ιιοιι
2633 2390 2811 2449 relate
2854 2388 2931 2448 ad

519 2470 752 2546 Filium,
784 2480 884 2529 aut
916 2471 1194 2547 Spiritum
1226 2471 1518 2545 Sanctum,
1553 2471 1657 2530 sed
1684 2472 1760 2530 ad
1787 2472 1963 2546 idola,
1994 2471 2151 2548 quod
2170 2479 2330 2548 patet
2357 2471 2431 2529 ab
2458 2469 2747 2544 antithesi,
2778 2489 2836 2527 v.
2869 2473 2925 2545 4,

515 2551 744 2608 Idolum
763 2551 904 2607 nihil
921 2559 1000 2608 est
1019 2550 1078 2607 in
1104 2553 1330 2625 munde,
1363 2559 1418 2609 et
1439 2553 1626 2609 nullus
1656 2561 1737 2610 est
1761 2553 1908 2610 alius
1934 2554 2095 2610 Deus
2134 2551 2246 2610 nisi
2268 2571 2426 2626 unus,
2458 2557 2517 2608 et
2543 2570 2600 2608 V.
2631 2551 2687 2626 5,
2719 2551 2774 2625 6,
2806 2549 2931 2626 agit

517 2629 589 2688 de
618 2630 690 2689 iis
731 2630 834 2707 qui
858 2638 1140 2689 vocantur
1169 2629 1270 2687 Dii
1313 2630 1375 2687 ιιι
1419 2630 1566 2689 coelo
1609 2638 1669 2690 et
1707 2632 1768 2689 in
1808 2641 1979 2691 terra.
2064 2636 2120 2691 2.
2166 2632 2251 2692 Ut
2290 2652 2441 2690 unus
2484 2630 2769 2689 Dominus
2810 2650 2931 2687 non

515 2708 776 2769 excludit
803 2730 839 2767 a
867 2710 1138 2768 Dominio
1169 2709 1418 2786 Patrem,
1449 2711 1551 2787 qui
1593 2711 1879 2769 Dominus
1907 2712 2288 2771 Dominorum
2315 2718 2570 2786 vocatur,
2606 2711 2635 2767 1
2670 2709 2818 2768 Tim.
2850 2710 2929 2767 vi.

521 2792 594 2848 15
625 2811 642 2865 ς
700 2790 860 2867 Ergo
903 2809 1010 2847 nec
1051 2808 1201 2848 unus
1245 2789 1406 2848 Deus
1449 2790 1623 2849 Pater
1662 2791 1921 2850 excludit
1962 2811 2001 2849 a
2042 2791 2273 2851 Deitate
2316 2790 2547 2865 Filium,
2578 2788 2681 2866 qui
2722 2789 2935 2848 dicitur

515 2868 690 2928 etiam
730 2888 904 2928 verus
948 2870 1126 2927 Deus.
1212 2869 1667 2946 Distinguuntur
1692 2870 1927 2947 quidem
1970 2870 2122 2929 inter
2160 2890 2225 2929 se
2268 2890 2411 2928 unus
2451 2872 2613 2929 Deus
2651 2870 2847 2945 Pater,
2878 2878 2935 2927 et

514 2968 658 3007 unus
685 2950 966 3007 Dominus
991 2950 1160 3007 Jesus
1191 2949 1462 3024 Christis,
1495 2950 1598 3009 sed
1637 2950 2033 3027 personaliter,
2064 2970 2180 3008 non
2208 2950 2607 3010 essentialiter.

599 3027 927 3087 XXXIX.
971 3028 1162 3102 Quum
1191 3028 1454 3088 Christus
1482 3039 1659 3107 negat
1700 3050 1763 3089 se
1803 3030 2018 3089 bonum
2046 3050 2172 3089 esse
2202 3029 2461 3108 opposite
2488 3028 2565 3086 ad
2593 3028 2799 3102 Deum,
2830 3026 2933 3103 qui

517 3107 676 3167 solus
719 3108 906 3167 bonus
951 3116 1056 3184 est,
1089 3108 1259 3167 Matt.
1289 3108 1412 3168 xix.
1449 3111 1539 3185 17,
1583 3130 1702 3169 non
1742 3109 2005 3169 absolute
2043 3110 2157 3168 hoc
2196 3119 2287 3169 est
2323 3108 2781 3185 intelligendum,
2828 3106 2931 3165 sed

515 3188 695 3247 relate
725 3187 800 3247 ad
827 3197 1078 3247 mentem
1105 3188 1504 3265 adolescentis,
1534 3189 1636 3266 qui
1664 3210 1796 3248 eum
1821 3198 1889 3248 ut
1911 3186 2066 3261 ψιλοι
2087 3188 2330 3269 §regna-ov
2354 3188 2732 3266 respiciebat;
2764 3186 2930 3264 quasi

515 3268 750 3342 diceret,
778 3277 846 3327 ιιι
873 3267 1015 3346 quid
1041 3288 1132 3327 me
1159 3268 1374 3327 bonum
1401 3288 1595 3344 vocas,
1627 3289 1759 3327 cum
1802 3287 1921 3328 non
1963 3271 2179 3329 habeas
2220 3290 2314 3329 me
2354 3288 2459 3346 pro
2489 3268 2635 3343 Dec,
2665 3274 2725 3326 et
2759 3285 2929 3325 nemo

515 3348 594 3407 sit
625 3368 760 3409 vere
787 3356 847 3407 et
871 3347 1122 3427 perfecte
1147 3348 1337 3407 honus
1363 3348 1477 3408 nisi
1505 3349 1667 3407 Deus
1684 3352 1712 3408 Ρ

1119 3427 1258 3486 XL.
1305 3428 1471 3487 Licet
1499 3428 1687 3487 Filius
1715 3428 1791 3487 sit
1818 3447 1854 3486 a
1881 3428 2073 3505 Patre,
2116 3448 2234 3488 non
2272 3428 2464 3486 minus
2490 3434 2685 3485 tamen
2710 3427 2929 3490 αὖτὸθεος

1039 3506 1265 3583 dicitur,
1309 3528 1426 3567 non
1467 3508 1689 3569 ratione
1718 3508 2008 3584 Personae,
2053 3509 2157 3567 sed
2196 3508 2417 3567 ratione
2446 3505 2765 3582 Essentiae3
2810 3526 2928 3563 non

1037 3587 1218 3647 relate
1245 3607 1362 3665 qua
1390 3588 1594 3665 Filius,
1641 3588 1725 3647 sic
1768 3587 1921 3646 enim
1964 3595 2053 3647 est
2094 3607 2129 3646 a
2158 3588 2347 3647 Patre.
2378 3586 2481 3646 sed
2522 3585 2784 3644 absolute
2812 3604 2930 3662 qua

517 3668 696 3742 Deus,
725 3674 1011 3745 quatenus
1037 3667 1214 3727 habet
1243 3668 1570 3726 Essentiam
1597 3667 1857 3726 divinam
1887 3688 1922 3726 a
1962 3686 2025 3727 se
2053 3668 2417 3743 existentem,
2448 3673 2506 3725 et
2532 3685 2649 3723 non
2677 3664 2929 3723 divisam

513 3746 612 3806 vel
649 3747 988 3824 productam
1033 3746 1108 3805 ab
1152 3746 1268 3806 alia
1309 3748 1574 3823 essentia,
1609 3767 1729 3806 non
1755 3766 1895 3807 vero
1923 3766 2039 3825 qua
2079 3747 2299 3806 habens
2344 3746 2651 3805 essentiam
2690 3744 2853 3803 illam
2894 3764 2933 3802 a

513 3826 723 3904 seipso.
810 3825 907 3885 Sic
937 3825 1125 3885 Filius
1163 3835 1252 3885 est
1280 3827 1441 3887 Deus
1468 3848 1505 3886 a
1531 3827 1740 3905 seips0,
1769 3828 1907 3887 licet
1934 3847 2050 3886 non
2076 3827 2154 3886 sit
2180 3847 2217 3885 a
2244 3826 2433 3904 seipso
2463 3825 2669 3884 Filius.
2754 3823 2930 3883 Unde

511 3912 674 3997 patet
700 3923 873 3982 quam
912 3904 1130 3982 injuste
1167 3905 1356 3964 dicam
1396 3908 1492 3965 hic
1531 3907 1819 3967 haereseos
1860 3907 2115 3966 scribant
2142 3906 2401 3982 Calvino,
2434 3904 2843 3965 Genebrardus
2870 3910 2932 3962 et

513 3983 616 4043 alii
635 4004 710 4042 ex
729 3983 1066 4060 Pontificiis,
1091 4004 1161 4043 eo
1188 3985 1346 4063 quod
1371 3986 1726 4063 impietatem
1747 3987 2045 4047 Valentini
2074 3986 2327 4047 Gentilis
2354 3986 2768 4059 confutaturuS,
2802 3981 2930 4061 (qui

515 4062 846 4122 Essentiam
871 4063 1144 4122 divinam
1159 4065 1270 4123 soli
1297 4065 1458 4124 Patri
1485 4066 1791 4141 tribuebat,
1815 4085 1987 4143 quem
2014 4066 2148 4125 ideo
2177 4067 2369 4125 Deum
2394 4065 2727 4157 primarium
2754 4082 2926 4122 voca-

513 4143 631 4218 bat,
653 4150 712 4201 et
737 4142 968 4215 amdam,
995 4143 1211 4203 Filium
1232 4162 1371 4202 vero
1399 4154 1458 4204 et
1490 4144 1768 4223 Spiritum
1800 4146 1860 4205 S.
1880 4146 2222 4207 essentiatos
2248 4167 2285 4205 a
2301 4145 2521 4226 Patre‚)
2567 4143 2783 4203 Filium
2811 4162 2929 4201 non

510 4222 702 4281 minus
741 4243 811 4281 ac
857 4190 1088 4281 Pat'rem
1131 4222 1322 4282 avro'ou
1297 4250 1344 4281 ον
1387 4224 1552 4300 dixit,
1601 4225 1706 4284 sed
1748 4234 2012 4303 respectu
2039 4225 2325 4285 Essentiae
2363 4234 2606 4301 tantum,
2637 4244 2769 4301 quse
2811 4241 2933 4281 non

511 4300 704 4360 minus
731 4310 821 4362 est
845 4304 1088 4361 amove-122
1127 4304 1188 4361 in
1217 4306 1266 4361 F
1269 4306 1373 4362 ilio
1398 4322 1571 4381 qnam
1611 4304 1674 4361 in
1703 4305 1892 4382 Patre,
1922 4326 2041 4365 non
2065 4326 2207 4365 vero
2235 4305 2545 4366 Personae‘
2509 4350 2545 4386 ,
2588 4302 2747 4382 quod
2772 4310 2929 4363 recte

513 4381 674 4441 dici
657 4399 780 4459 ipse
809 4382 1024 4441 Bellar.
1055 4383 1312 4461 agnovit,
1341 4384 1402 4442 li.
1432 4384 1491 4443 ιι.
1521 4383 1594 4443 de
1625 4384 1855 4444 Christo
1884 4405 1935 4444 c.
1969 4388 2061 4445 19.

594 4462 769 4521 XLI.
813 4462 983 4538 Quod
1011 4462 1276 4523 Christus
1303 4464 1514 4523 dicitur
1539 4484 1616 4524 ex
1645 4464 1891 4544 Virgine
1920 4473 2109 4541 natus,
2152 4484 2359 4544 passus
2386 4473 2448 4525 et
2486 4473 2765 4539 mortuus,
2808 4478 2925 4520 non

509 4541 725 4619 ubique
765 4562 1036 4620 praesens,
1081 4550 1141 4603 et
1166 4544 1355 4603 minor
1382 4545 1572 4621 Patre,
1617 4544 1871 4605 ostendit
1912 4544 2149 4623 quidem
2185 4565 2317 4604 eum
2358 4544 2537 4605 fuisse
2579 4562 2781 4603 verum
2818 4540 2923 4601 ho-

510 4622 723 4683 minem
751 4624 920 4684 nobis
945 4643 1051 4702 per
1075 4624 1268 4695 omnia
1294 4624 1558 4702 similem,
1591 4624 1705 4687 sed
1722 4644 1841 4684 non
1867 4632 2045 4703 negat
2069 4625 2249 4685 fuisse
2272 4626 2502 4701 Deum3
2544 4625 2663 4683 imo
2683 4622 2767 4682 ita
2792 4640 2925 4703 pro·-

515 3485 672 3533 Filius
683 3488 806 3533 bene
817 3487 892 3531 dic
897 3487 998 3534 itur

645 3568 706 3594 ειν
682 3547 826 3595 ὐτὸθιο
805 3568 864 3600 ος.
