3300 5225
537 356 657 411 420
701 342 714 347 ’
1489 364 1673 405 Locus
1702 361 1975 411 Quina-us.
2578 339 2835 421 [QuAEs‘r.
2868 362 2959 401 xr.

542 548 1020 653 mr..
1062 499 2961 663 ...2312&aaran’izraegfflffiz‘ffizzssn2“aa

605 667 753 711 mim
781 666 1028 723 probatur.
1068 664 1388 723 naturalem
1417 662 1807 737 constitutive,
1838 668 1939 720 aut
1955 660 2357 737 consecutive3
2387 660 2608 741 Tamen
2634 661 2959 719 naturalem

545 745 696 804 bene
723 744 841 802 dici
867 752 1104 802 censent
1131 743 1480 821 originaliter
1505 752 1566 801 et
1597 738 1920 818 perfective,
1964 738 2187 799 ratione
2216 748 2401 799 status
2429 739 2658 816 integri,
2704 738 2841 817 quia
2867 740 2959 797 ini

547 831 852 883 concreata
878 831 982 898 est,
1013 832 1075 882 et
1099 824 1181 881 ita
1205 822 1532 882 necessaria
1573 821 1650 879 ad
1684 819 1937 879 hominis
1984 819 2197 897 integri
2242 819 2669 897 perfectionem,
2718 827 2785 877 ut
2828 820 2957 877 sine

547 923 618 963 ea
643 903 778 963 talis
806 922 932 961 esse
961 922 1076 960 non
1103 903 1402 984 potuisset.

630 983 777 1041 VII.
823 982 1100 1041 Rationes
1141 988 1292 1056 sunt,
1342 984 1393 1039 1.
1425 980 1575 1054 Quia
1598 978 1829 1038 bonitas
1856 986 1918 1037 et
1943 977 2229 1037 rectitudo
2258 986 2391 1036 sunt
2418 977 2711 1035 naturales
2734 976 2959 1035 homini

548 1061 810 1139 integi-03
856 1062 1014 1138 Ergo
1063 1069 1122 1120 et
1157 1061 1386 1137 justitia
1429 1058 1729 1136 originalis
1776 1078 1905 1134 quse
1952 1058 2013 1115 in
2041 1058 2157 1116 illis
2207 1058 2318 1116 sita
2344 1064 2467 1117 est:
2512 1057 2713 1131 Qualis
2740 1056 2955 1133 quippe

547 1141 660 1199 fuit
684 1140 887 1199 relatio
913 1141 1191 1200 bonitatis
1218 1139 1290 1198 ad
1318 1139 1570 1215 reliquas
1597 1145 1906 1211 creaturae,
1936 1137 2071 1195 talis
2098 1138 2271 1195 etiam
2300 1136 2410 1195 fuit
2435 1136 2640 1196 relatio
2665 1136 2742 1194 ad
2766 1136 2955 1194 homi—

549 1239 701 1278 nem.
785 1219 872 1278 At
911 1220 1150 1296 reliquis
1199 1218 1488 1277 Creaturis
1535 1216 1765 1275 bonitas
1809 1216 1919 1275 fuit
1960 1216 2255 1291 naturalis,
2290 1218 2437 1275 Gen.
2466 1216 2505 1273 i.
2536 1219 2610 1275 31
2637 1238 2652 1291 3
2698 1215 2857 1293 Ergo
2898 1224 2961 1274 et

548 1299 786 1358 homini.
871 1299 964 1357 Ita
1007 1297 1199 1375 quoad
1245 1297 1669 1371 rectitudinem,
1719 1316 1851 1354 cum
1898 1295 2117 1353 homini
2152 1295 2441 1354 tribuatur
2481 1295 2555 1353 ab
2603 1294 2761 1353 illius
2800 1314 2958 1353 crea-

549 1378 724 1451 tione,
754 1386 820 1437 ιιι
845 1388 1167 1456 opponatur
1193 1377 1249 1437 ei
1273 1377 1432 1455 quod
1457 1385 1548 1436 est
1573 1376 1973 1450 adventitium,
2005 1374 2163 1433 Eccl.
2193 1375 2293 1432 vii.
2324 1378 2419 1450 29,
2465 1394 2583 1432 non
2610 1382 2801 1452 potest
2840 1394 2960 1433 non

549 1476 676 1516 esse
704 1458 1000 1517 naturalis.

629 1537 814 1597 VIII.
857 1540 914 1595 2.
946 1538 1096 1611 Quia
1119 1536 1398 1614 quicquid
1436 1534 1858 1593 transfimditur
1896 1534 1973 1592 ad
1998 1541 2275 1611 posteros,
2306 1532 2480 1593 debet
2506 1552 2633 1592 esse
2660 1533 2957 1609 naturale3

547 1616 594 1675 J
595 1616 794 1677 ustitia
820 1616 1192 1693 propaganda
1217 1616 1421 1675 fiiisset
1447 1613 1524 1672 ad
1549 1622 1832 1692 posteros,
1865 1613 1915 1671 si
1940 1613 2115 1671 homo
2142 1612 2487 1690 perstitisset
2514 1613 2575 1671 in
2602 1612 2956 1689 integritate,

551 1694 836 1771 siquidem
885 1695 998 1755 sibi
1042 1695 1229 1753 simile
1269 1694 1584 1770 genuisset.
1667 1696 1725 1752 3.
1768 1692 1919 1767 Quia
1942 1700 2241 1769 peccatum
2270 1692 2566 1769 originale,
2597 1691 2754 1769 quod
2794 1712 2831 1750 a
2855 1712 2959 1767 pa-

549 1774 813 1832 rentibus
858 1774 1154 1833 derivatur
1199 1774 1260 1831 in
1305 1772 1458 1831 filios
1503 1780 1594 1830 est
1633 1771 1915 1845 naturale,
1961 1771 2114 1829 unde
2159 1771 2404 1830 dicimur
2448 1781 2661 1829 natura
2688 1772 2808 1864 filii
2830 1771 2955 1845 irae,

553 1852 704 1929 Eph.
733 1852 792 1911 ii.
823 1854 894 1929 33
940 1853 1100 1930 Ergo
1143 1852 1186 1911 J
1189 1852 1388 1911 ustitia
1423 1851 1739 1927 originalis,
1786 1870 1916 1927 quse
1957 1850 2046 1908 illi
2092 1850 2414 1927 opponitur,
2460 1851 2738 1909 natur-ahs
2781 1850 2957 1909 etiam

551 1931 760 1991 debuit·
779 1952 923 1991 esse.
1005 1935 1063 1990 4.
1109 1931 1394 2008 Reliquiae
1435 1930 1707 2007 imaginis
1745 1928 1961 1988 divinae
1989 1929 2260 1989 dicuntur
2285 1930 2614 2005 naturalem
2658 1929 2795 2007 quia
2822 1938 2959 1987 sunt

551 2030 696 2088 opus
717 2011 908 2087 Legis,
928 2010 1083 2087 quod
1102 2021 1304 2087 gentes
1320 2010 1538 2069 faciunt
1553 2018 1775 2085 natum,
1802 2009 1970 2067 Rom.
1989 2009 2049 2067 ii.
2067 2012 2169 2084 143
2202 2010 2361 2086 Ergo
2378 2017 2436 2068 et
2452 2009 2578 2086 ipsa
2597 2010 2799 2085 Imago
2816 2016 2959 2067 tota.

634 2089 755 2149 IX.
799 2092 855 2149 5.
889 2090 954 2149 Si
977 2090 1225 2150 Justitia
1249 2088 1548 2165 originalis
1573 2087 1685 2148 fuit
1722 2088 2188 2166 supernaturalis,
2220 2089 2380 2166 Ergo
2418 2088 2698 2147 naturalis
2726 2088 2961 2147 Adamo

549 2168 661 2227 fuit
687 2170 934 2245 privatio
955 2170 1216 2247 justitiae,
1247 2177 1310 2227 et
1333 2168 1435 2227 illa
1461 2168 1671 2242 omnia,
1716 2187 1845 2245 qnae
1872 2187 2106 2227 necesse
2134 2176 2223 2227 est
2250 2176 2315 2227 ut
2344 2168 2605 2245 subjecto
2633 2168 2830 2245 capaci
2856 2166 2959 2225 ad-

552 2248 684 2323 sint,
716 2269 751 2306 a
776 2268 894 2325 quo
915 2248 1145 2327 justitia
1183 2248 1365 2323 abest,
1394 2248 1723 2325 ignorantia
1748 2256 1905 2325 puta,
1934 2248 2231 2306 inclinatio
2258 2246 2334 2306 ad
2360 2248 2519 2323 vitia,
2550 2248 2959 2325 concupiscen-

550 2328 634 2386 tia
680 2328 884 2404 carni8‚
943 2328 1182 2388 rebellio
1223 2327 1405 2405 partis
1448 2326 1735 2385 inferioris
1780 2326 2060 2386 adversus
2105 2327 2471 2404 superiorem,
2523 2334 2581 2385 et
2623 2327 2739 2385 alia
2794 2326 2959 2403 idge-

551 2426 679 2482 nus,
710 2428 839 2485 quse
867 2408 1084 2466 Bellar.
1113 2416 1284 2466 vocat
1323 2408 1544 2465 morbos
1569 2414 1629 2465 et
1656 2409 1955 2482 languores
1982 2414 2221 2465 natum».
2304 2404 2392 2465 At
2416 2407 2527 2465 hoc
2555 2406 2672 2465 dici
2696 2425 2813 2465 non
2854 2426 2959 2483 po-

549 2494 682 2560 test,
712 2488 854 2564 quin
881 2488 1068 2546 eidem
1112 2486 1527 2561 adscribantur,
1577 2486 1679 2561 qui
1722 2495 1811 2545 est
1854 2486 2061 2545 author
2086 2495 2325 2560 naturae,
2374 2486 2473 2562 qui
2500 2485 2633 2545 ideo
2660 2494 2965 2545 censeatur

551 2568 759 2626 author
801 2567 1040 2644 peccati.
1123 2566 1273 2624 Nam
1317 2564 1474 2643 quod
1519 2564 1907 2635 Belial-minus
1959 2565 2190 2643 regerit,
2248 2566 2785 2644 concupiscentiam,
2830 2586 2961 2644 quae

551 2667 705 2704 nunc
733 2659 822 2704 est
847 2666 1018 2724 poena
1044 2647 1281 2723 peccati,
1313 2654 1451 2705 tunc
1491 2653 1716 2703 tantum
1756 2645 1934 2704 fiiisse
1974 2645 2311 2722 languorem
2338 2655 2398 2704 et
2424 2646 2685 2705 morbum
2718 2655 2957 2720 naturai,

550 2726 653 2802 qui
679 2745 798 2783 non
825 2725 901 2784 sit
927 2745 1002 2784 ex
1033 2726 1176 2800 Dec,
1209 2725 1312 2783 sed
1339 2745 1415 2782 ex
1443 2724 1771 2784 conditione
1797 2725 2068 2800 materiae,
2100 2733 2165 2783 ιιι
2190 2725 2354 2784 faber
2378 2725 2649 2785 ferrarius
2674 2726 2961 2803 rubiginis

551 2806 760 2864 author
784 2824 902 2865 non
922 2814 1026 2879 est,
1058 2824 1231 2881 quam
1259 2803 1446 2862 factus
1485 2804 1561 2861 ab
1601 2803 1730 2880 ipso
1757 2803 1989 2880 gladius
2016 2805 2320 2880 contrahit,
2348 2825 2469 2863 non
2496 2805 2673 2865 solvit
2698 2805 2914 2864 nodum
2937 2825 2955 2881 ς

551 2884 720 2960 Nam,
776 2887 829 2942 1.
861 2885 1060 2943 Gratis
1089 2883 1429 2960 supponitur
1453 2881 1655 2940 datum
1694 2883 1873 2942 fiiisse
1912 2884 2251 2960 languorem
2292 2892 2352 2942 et
2376 2886 2639 2944 morbum
2668 2885 2729 2943 in
2754 2893 2963 2943 natura

549 2982 728 3038 sana3
759 2965 830 3021 ’2.
861 2963 1132 3020 Morbum
1174 2962 1340 3020 illum
1365 2981 1482 3020 non
1510 2960 1689 3020 fiiisse
1716 2971 2048 3039 peccatum;
2093 2983 2225 3022 cum
2252 2971 2445 3023 tamen
2472 2974 2692 3023 certum
2720 2963 2797 3023 sit
2823 2983 2959 3023 con-

549 3041 962 3118 cupiscentiam
989 3041 1148 3098 illam
1171 3050 1231 3099 et
1248 3040 1600 3118 praecipitem
1617 3040 1695 3099 ad
1720 3041 1864 3100 vitia
1884 3041 2329 3118 inclinationem,
2353 3063 2612 3122 pugnare
2640 3064 2771 3103 cum
2800 3043 2961 3120 Lege

552 3121 682 3194 Dei,
713 3129 771 3178 ct
799 3139 1030 3177 causam
1059 3139 1186 3179 esse
1213 3120 1522 3178 multorum
1549 3129 1933 3196 peccatorum,
1964 3130 2138 3198 atque
2165 3122 2309 3182 adeo
2350 3135 2466 3181 non
2492 3143 2663 3202 posse
2689 3143 2805 3182 non
2834 3143 2960 3182 esse

548 3207 866 3276 peccatum.
951 3202 1007 3257 3.
1051 3199 1415 3276 Comparatio
1441 3199 1590 3258 fabri
1616 3199 1837 3258 ferrarii
1862 3219 1981 3260 non
2008 3201 2121 3261 huc
2148 3203 2411 3278 pertinet,
2456 3203 2593 3280 quia
2618 3203 2827 3280 rubigo
2866 3223 2957 3261 se·

549 3278 747 3354 quitur
771 3278 1070 3336 materiam
1099 3277 1251 3354 ferri,
1282 3297 1456 3355 quam
1484 3278 1646 3337 faber
1672 3299 1790 3337 non
1816 3280 1969 3357 fecit,
2002 3281 2105 3340 sed
2132 3281 2372 3340 invenit.
2456 3282 2543 3340 At
2571 3283 2733 3341 Deus
2773 3283 2958 3359 ipsam

548 3357 798 3416 hominis
827 3357 1124 3416 materiam
1151 3357 1410 3417 condidit
1451 3366 1511 3417 et
1552 3359 1787 3435 quidem
1831 3361 2023 3436 talem,
2075 3369 2141 3420 ut
2180 3362 2309 3421 vult
2336 3361 2739 3437 Bellarminus,
2784 3381 2958 3440 quam

549 3445 886 3514 sequeretur
899 3438 1223 3496 necessario
1245 3438 1379 3498 talis
1395 3439 1584 3511 ἀταξία
1600 3447 1658 3497 et
1678 3440 1934 3514 rebelli0‚
1948 3440 2103 3500 unde
2112 3448 2178 3499 ut
2194 3439 2303 3500 fuit
2314 3443 2523 3500 author
2531 3442 2665 3500 talis
2682 3439 2953 3514 materiae,

549 3515 723 3576 debet
750 3516 958 3575 author
973 3516 1090 3576 dici
1109 3516 1266 3577 illius
1294 3517 1568 3592 defectus,
1589 3519 1691 3594 qui
1710 3519 2031 3578 necessario
2048 3539 2173 3578 eam
2194 3521 2480 3597 sequitur3
2510 3529 2684 3598 atque
2705 3521 2787 3580 ita
2808 3521 2958 3598 sapi-

549 3595 846 3656 entissimo
871 3591 1156 3678 δημουῃᾷ
1185 3598 1279 3656 vel
1307 3598 1592 3675 imperitia
1617 3598 1985 3676 impingetur,
2006 3600 2103 3657 vel
2130 3600 2483 3676 impotentia,
2504 3600 2661 3676 quod
2689 3601 2957 3677 concupi-

547 3677 782 3736 scentiae
825 3677 1036 3750 labem,
1081 3699 1158 3737 ex
1201 3677 1528 3736 conditione
1575 3679 1831 3736 materiae
1872 3679 2197 3737 necessario
2225 3688 2631 3756 emergentem,
2662 3687 2957 3757 totamque

545 3755 706 3814 illam
735 3757 924 3816 carnis
951 3757 1232 3816 adversus
1259 3758 1522 3834 spiritum
1550 3759 1775 3830 ἀτιξιὶυ,
1802 3758 1898 3816 vel
1922 3757 2414 3896 nonupraeviderit,
2436 3759 2535 3817 vel
2556 3749 2824 3818 amovere
2840 3777 2957 3817 non

545 3836 976 3971 potssisszithquin
989 3836 1412 3896 nobilissimum
1434 3855 1579 3914 opus
1594 3836 1912 3914 invaderet,
1936 3855 2017 3913 qu
2110 3846 2417 3915 utrumque
2440 3859 2515 3898 ex
2535 3859 2703 3916 aequo
2718 3838 2959 3918 impium

537 3920 606 3972 et
759 3934 798 3990 p
839 3935 1048 3974 emum.

629 3991 714 4049 X.
759 3995 814 4052 6.
847 3994 1012 4051 Finis
1039 3995 1317 4054 naturalis
1343 3993 1608 4068 hominis,
1630 4014 1951 4072 supponere
1972 3995 2145 4054 debet
2168 3996 2362 4055 media
2388 3996 2773 4066 naturaliaad
2798 3997 2957 4056 illius

543 4071 1044 4149 consecutionem3
1090 4073 1193 4131 sed
1235 4072 1532 4132 beatitudo
1579 4073 1690 4131 fuit
1730 4073 1864 4133 finis
1908 4075 2187 4135 naturalis
2226 4076 2495 4136 hominis.
2578 4077 2739 4154 Ergo
2764 4076 2958 4134 media

545 4148 748 4209 debuit
790 4150 1001 4209 habere
1027 4151 1330 4226 naturalia,
1373 4170 1502 4227 quae
1542 4170 1661 4210 non
1698 4152 1813 4210 alia
1836 4163 2147 4230 potuerunt
2174 4174 2300 4214 esse
2328 4175 2502 4232 quam
2524 4156 2753 4233 justitia
2778 4156 2953 4233 origi·

543 4227 733 4287 nalisz
777 4228 900 4286 Nec
927 4231 1128 4310 reponi
1155 4230 1342 4304 debet,
1372 4248 1542 4306 posse
1569 4229 1687 4289 dici
1714 4231 1887 4292 finem
1915 4234 2105 4310 quoad
2132 4237 2457 4311 appetitmn,
2490 4235 2593 4294 sed
2618 4255 2737 4295 non
2762 4235 2957 4311 quoad

541 4308 976 4366 consecutionem
991 4331 1012 4368 .·
1054 4309 1204 4366 Nam
1245 4327 1378 4367 cum
1404 4310 1693 4387 appetitus
1720 4313 1889 4388 primi
1916 4313 2167 4372 hominis
2192 4333 2309 4372 non
2336 4315 2589 4392 potuerit
2614 4335 2742 4374 esse
2768 4333 2956 4374 vanus

542 4386 604 4446 in
645 4395 852 4446 natura
891 4387 1135 4464 integra,
1166 4387 1367 4446 debuit
1409 4398 1541 4466 post
1589 4409 1652 4449 se
1700 4393 1925 4451 trahere
1973 4394 2456 4471 consecutionem,
2510 4395 2559 4452 si
2604 4413 2719 4453 non
2764 4393 2957 4472 quoad

539 4475 833 4541 eventum,
865 4467 1070 4525 saltem
1097 4466 1290 4544 quoad
1315 4469 1773 4544 possibilitatem,
1817 4480 1887 4531 ut
1908 4491 2001 4530 res
2026 4492 2145 4531 non
2174 4481 2397 4532 tantum
2424 4483 2579 4533 esset
2605 4473 2952 4552 appetibilis,

543 4547 648 4606 sed
673 4546 984 4625 possibilis,
1031 4545 1176 4606 alias
1201 4545 1508 4607 dicendum
1537 4549 1662 4624 erit,
1696 4551 1903 4624 Deum,
1934 4550 2091 4628 quod
2119 4551 2364 4628 singulis
2392 4553 2565 4612 rebus
2593 4573 2630 4611 a
2656 4573 2717 4612 se
2746 4552 2955 4611 creatis

541 4647 645 4704 per
669 4635 932 4688 naturam
961 4626 1219 4702 contulit,
1270 4627 1537 4686 nimirum
1587 4638 1653 4688 ut
1694 4629 1917 4689 viribus
1956 4630 2181 4690 idoneis
2208 4631 2283 4690 ad
2308 4632 2564 4694 edendas
2592 4632 2953 4710 operationes
