3300 5225
1189 395 1452 444 onA'r1o
1487 396 1860 445 FUNEBRIS.
2517 382 2733 449 xxxvii

303 558 460 631 ἡμῖν.
562 552 746 620 Hanc
778 556 1158 622 vocationem
1189 568 1498 625 annuente
1529 568 1795 641 utroque
1824 560 2057 626 Senatu
2090 560 2414 642 amplexus
2443 568 2559 639 est,
2590 571 2657 628 et
2690 584 2731 627 a

305 652 838 735 Lugdunensibus
865 655 1090 719 blando
1121 658 1316 740 vultu,
1339 659 1502 722 laetis
1534 660 1809 741 vocibus,
1831 665 1898 723 et
1926 660 2151 741 saepius
2180 658 2597 745 ingeminatis,
2620 682 2729 728 ao-

303 759 536 833 ceptus
564 752 705 818 fuit.

420 851 726 914 FAus'rIs
756 852 1046 932 auspiciis
1070 853 1154 939 ‘de
1181 874 1256 917 eo
1273 854 1655 935 cogitaverat
1687 856 2119 939 Lugdunensis
2142 856 2391 933 Coetus3
2446 858 2731 923 Ecclesia

319 949 558 1030 quippe
589 950 722 1013 haec
749 950 817 1013 in
868 956 1079 1030 partes
1125 951 1277 1028 ibat,
1310 958 1498 1031 atque
1552 954 1775 1034 aliquis
1815 962 1953 1019 erat
2007 956 2452 1020 discordiarum
2508 960 2725 1040 fomes,

319 1066 515 1127 quum
547 1046 788 1112 Noster
820 1056 1010 1111 aestus
1042 1049 1384 1112 animorum
1415 1052 1811 1134 compescuit,
1840 1060 1907 1117 et
1938 1054 2209 1118 motibus
2229 1056 2513 1119 omnibus
2548 1056 2730 1119 sedar-

319 1146 412 1209 tis
441 1145 770 1226 pristinam
825 1147 1078 1210 reduxit
1133 1148 1667 1228 tranquillitatem.
1795 1151 1918 1214 Per
1966 1152 2111 1215 anni
2163 1153 2433 1233 spatium
2460 1153 2589 1217 illic
2620 1174 2731 1217 suo

319 1245 577 1308 functus
631 1251 730 1307 est
781 1245 1143 1327 ministerio,
1178 1254 1410 1326 quanto
1460 1267 1598 1311 cum
1629 1248 1927 1328 applausu
1977 1252 2252 1313 reserant
2278 1250 2397 1329 ipsi
2433 1251 2735 1332 Lugdun-

321 1362 522 1407 enses.
627 1342 882 1407 Diutius
916 1345 1080 1424 apud
1110 1344 1277 1425 ipsos
1305 1353 1471 1409 esset
1499 1352 1931 1427 commoratus,
1968 1346 2021 1409 si
2054 1366 2264 1410 eorum
2293 1354 2441 1410 vota
2470 1348 2733 1412 fuissent

324 1442 662 1515 exaudita3
714 1448 782 1504 at
809 1442 925 1506 hoc
960 1440 1118 1506 Viro
1147 1442 1408 1523 amplius
1457 1464 1669 1507 carere
1696 1464 1821 1507 non
1868 1449 2123 1524 poterat
2154 1445 2532 1508 Athenaeum
2582 1466 2733 1509 nos-

323 1545 516 1621 trum,
548 1547 616 1603 et
663 1560 954 1604 revocare
1005 1542 1307 1622 cogebant
1337 1542 1630 1606 Ecclesiae
1684 1550 1913 1606 nostras
1970 1538 2302 1625 commoda.
2426 1543 2735 1608 Discessit

327 1637 565 1718 itaque,
599 1644 664 1703 et
694 1658 874 1717 quem
904 1658 1029 1700 non
1059 1639 1191 1704 sine
1213 1638 1373 1704 laetis
1395 1639 1713 1720 plausibus
1733 1648 2101 1721 acceperant
2122 1641 2583 1723 Lugdunenses,
2608 1663 2731 1705 non

329 1735 464 1799 sine
492 1735 826 1818 lachrymis
855 1736 1259 1813 dimiserunt3
1309 1738 1533 1819 Sospes
1567 1738 1777 1803 natale
1808 1738 2001 1803 solnm
2032 1740 2285 1823 tetigit3
2333 1740 2501 1805 illico
2532 1741 2611 1805 de
2660 1761 2735 1804 eo

329 1832 400 1897 in
431 1840 674 1914 partem
703 1834 982 1899 laborum
1017 1836 1530 1900 Academicorum
1563 1838 1835 1901 vocando
1866 1838 2203 1919 cogitatum
2234 1842 2355 1919 est,
2390 1844 2457 1902 et
2487 1839 2733 1919 quidem

331 1932 468 1996 loco
496 1931 854 1998 Venerandi
912 1932 1276 2017 Tronchini,
1311 1955 1491 2014 quem
1541 1956 1697 1999 cana
1748 1944 2027 2001 senectus
2080 1936 2329 2018 publice
2377 1938 2582 2017 legere
2610 1957 2736 2000 non

328 2030 708 2111 patiebatur.
811 2031 1238 2112 Theologicam
1287 2034 1500 2113 itaque
1533 2034 1906 2097 Cathedram
1954 2034 2313 2098 conscendit
2362 2056 2523 2097 anno
2552 2036 2737 2115 hujus

339 2129 531 2193 seculi
567 2146 742 2207 L111.,
777 2136 845 2193 et
874 2136 1104 2211 praeter
1129 2130 1606 2195 celeberrimum
1649 2132 2083 2195 Tronchz‘num
2114 2140 2197 2195 rav
2226 2139 2275 2194 ἐν
2309 2142 2507 2215 ἁγίοις,
2543 2132 2737 2195 Colle-

337 2247 448 2309 gas
479 2228 704 2291 habuit
732 2219 1150 2292 Clarissimum
1179 2230 1537 2293 Antonium
1565 2231 1888 2313 Leyerum
1917 2229 2143 2291 Virum
2175 2250 2481 2311 magnum,
2503 2232 2743 2293 foecun-

341 2326 488 2388 dum
520 2326 843 2390 literarum
875 2332 1117 2408 pectus,
1143 2326 1380 2407 judicio
1411 2327 1756 2403 subactum,
1792 2328 2029 2408 pietate
2052 2327 2370 2401 fervidum,
2396 2327 2743 2391 eruditione

343 2432 872 2500 consummatum3
945 2424 1376 2489 Reverendum
1429 2425 1811 2508 Philippum
1870 2426 1955 2488 M
1950 2433 2328 2489 eatrczatum
2393 2423 2742 2489 Facultatis

347 2522 731 2605 Theologicae
751 2523 1070 2588 Decanum
1102 2523 1586 2599 meritissimum,
1602 2529 1819 2601 nostro
1846 2522 2155 2605 praeconio
2186 2522 2502 2603 majorem,
2537 2530 2603 2587 et
2632 2543 2745 2587 cu-

335 2622 444 2702 jus
475 2623 816 2687 encomium
849 2624 1078 2686 honore
1111 2623 1340 2686 silentii
1371 2623 1755 2703 supprimere
1784 2621 1953 2704 cogit
1980 2622 2115 2702 ejus
2143 2622 2495 2703 praesentia.

447 2721 552 2784 Ex
585 2742 707 2801 quo
739 2741 988 2801 compos
1015 2723 1218 2784 factus
1247 2728 1345 2784 est
1377 2721 1829 2801 assignatorum
1859 2740 2207 2800 munerum,
2241 2721 2597 2783 Orationem
2630 2721 2747 2782 hae·-

348 2819 486 2882 buit
513 2818 936 2901 inauguralem
991 2819 1055 2880 in
1089 2818 1352 2899 primum
1391 2817 1691 2899 Epistolae
1738 2819 1819 2881 ad
1870 2817 2168 2881 Hebraeos
2203 2817 2569 2882 versiculum
2608 2823 2749 2880 tota

347 2916 678 2997 plaudente
707 2937 948 2992 corona,
985 2923 1050 2980 et
1079 2935 1146 2980 se
1177 2917 1243 2979 in
1278 2915 1536 2981 solidum
1565 2917 1753 2980 rebus
1790 2915 2243 2980 Ecclesiasticis
2268 2935 2339 2979 ac
2364 2914 2749 2996 Theologicis

350 3016 741 3096 mancipavit.
845 3015 968 3078 Hic
1001 3015 1067 3076 in
1095 3014 1307 3078 laudes
1327 3015 1512 3094 hujus
1537 3013 1829 3094 Theologi
1864 3013 2231 3077 excurrendi
2253 3013 2591 3077 latissimus
2616 3033 2751 3076 sese

355 3116 538 3178 offert
566 3133 859 3194 campus3
913 3112 1148 3176 Verum
1200 3112 1478 3193 quamvis
1519 3113 1711 3192 juxta
1739 3112 1803 3174 N
1808 3113 2200 3175 azianzenum
2244 3111 2555 3191 aequitatis
2588 3111 2753 3174 ratio

355 3212 638 3292 laedatur,
675 3212 727 3274 si
759 3211 1089 3275 laudentur
1121 3211 1328 3290 alieni,
1365 3217 1429 3274 et
1480 3209 1747 3290 proximi
1780 3209 2027 3272 silentio
2058 3216 2421 3289 premantur
2448 3211 2750 3282 obscur03

357 3317 564 3374 tacere
593 3315 802 3373 tamen
849 3309 1010 3372 malo
1056 3328 1238 3388 quam
1291 3308 1481 3389 loqui,
1517 3327 1596 3372 ne
1642 3307 2157 3398 desideratissimi·
2185 3307 2496 3372 Avunculi
2532 3307 2599 3369 in
2646 3327 2755 3371 ore

359 3410 604 3490 nepotis
637 3407 993 3472 sordescant
1021 3407 1254 3488 laudes,
1287 3427 1422 3487 quae
1452 3405 1638 3469 altius
1669 3405 1942 3470 eminent
1972 3425 2155 3484 quam
2183 3412 2255 3468 ut
2276 3406 2521 3469 invidiae
2543 3425 2755 3468 morsu

357 3508 567 3588 appeti
609 3507 873 3588 possint.
997 3517 1118 3575 Τοῖς
1152 3507 1353 3576 ἄλλοις
1397 3513 1680 3588 ἀνθρώποις
1711 3511 1771 3566 ἐκ
1820 3512 1917 3577 τῆς
1949 3510 2049 3566 τῶν
2079 3513 2254 3587 λόγων
2290 3508 2564 3585 αὐξήσεως
2596 3512 2757 3565 συνίσ-

357 3633 526 3668 ταται
561 3613 635 3667 τὰ
685 3611 958 3687 ἐγκώμια,
995 3631 1102 3675 τοις
1134 3611 1358 3674 δικαίοις
1408 3609 1460 3664 δὲ
1493 3611 1658 3687 &gater
1678 3609 1776 3665 τῶν
1816 3609 2199 3686 πεπραγμένων
2228 3609 2409 3671 αὐτοῖς
2440 3607 2471 3673 ἦ
2508 3606 2758 3677 amona,

359 3713 482 3787 πρὸς
519 3712 578 3765 τὸ
631 3709 803 3786 δεῖξαι
858 3709 1032 3764 αὐτῶν
1081 3711 1142 3764 τὸ
1192 3708 1528 3786 ὐτεςῦάλλον
1561 3709 1659 3772 τῆς
1700 3708 1907 3785 ἀρετῆς.
2044 3699 2109 3761 N
2112 3705 2323 3762 artent
2371 3698 2476 3760 alii
2529 3703 2762 3777 quanto

369 3800 576 3862 studio
603 3799 681 3862 ad
713 3802 998 3880 Regnum
1030 3800 1258 3864 Christi
1290 3800 1776 3881 propagandum,
1808 3804 1874 3860 et
1900 3796 2345 3877 profligandam
2381 3794 2761 3858 Antichristi

372 3897 790 3976 Tyrannidem
835 3897 1201 3974 incubuerit,
1250 3919 1322 3962 ac
1367 3903 1602 3978 quanta
1631 3916 1749 3976 pro
1782 3895 2079 3959 Ecclesiae
2114 3894 2313 3957 salute
2348 3893 2763 3957 sollicitudine

369 3992 562 4056 fuerit
591 3994 915 4068 obsessus3
967 4015 1148 4073 quam
1197 3996 1390 4059 solide
1421 4003 1488 4059 et
1537 3995 1779 4058 erudite
1817 4013 2058 4058 sacrum
2091 3992 2325 4056 Christi
2358 3990 2765 4072 Evangelium

372 4090 744 4170 exposuerit,
775 4110 898 4152 non
950 4093 1272 4155 verborum
1325 4093 1644 4158 lenociniis
1703 4091 2053 4155 auditorum
2108 4091 2364 4172 animos,
2410 4090 2518 4153 sed
2570 4088 2771 4152 solida

373 4207 630 4270 pascens
661 4187 961 4269 doctrina,
993 4194 1124 4251 tum
1157 4190 1581 4256 histrionicum
1614 4198 1682 4255 et
1732 4189 2157 4271 ampullatum,
2192 4195 2327 4251 tum
2375 4186 2675 4252 incultum
2704 4191 2771 4248 et

377 4287 718 4369 neglectum
767 4285 1012 4350 dicendi
1058 4307 1248 4369 genus
1296 4289 1603 4370 devitans,
1631 4297 1701 4353 et
1743 4289 1927 4351 anxie
1960 4306 2204 4366 cavens,
2240 4305 2319 4348 ne
2346 4284 2550 4348 oratio
2582 4284 2775 4347 nimia

379 4388 699 4450 verborum
751 4385 1194 4465 compositione
1245 4389 1687 4469 frondesceret,
1746 4395 1820 4450 ut
1869 4385 2143 4465 loquitur
2194 4383 2629 4464 Hieronymus,
2664 4387 2775 4444 aut

379 4485 728 4565 spumantia
756 4485 945 4548 verba
977 4483 1332 4561 trutinaret,
1361 4493 1428 4549 et
1456 4505 1534 4550 ne
1561 4492 1772 4548 tamen
1806 4483 1976 4546 humi
2004 4487 2271 4564 repere&
2344 4480 2653 4544 Referant
2670 4477 2778 4540 alii

377 4589 606 4663 quanta
646 4603 783 4647 cum
819 4588 1084 4668 παρῥησίᾳ
1117 4582 1306 4646 seculi
1354 4603 1556 4647 mores
1603 4584 2037 4662 insectaretur,
2070 4602 2107 4644 a
2138 4579 2345 4644 servili
2394 4578 2503 4642 illo
2532 4575 2779 4640 silentio

377 4681 552 4761 plane
585 4681 844 4762 alienus,
876 4681 1038 4766 quod
1073 4679 1298 4745 divinis
1328 4681 1610 4747 Oraculis
1639 4679 2091 4761 convenienter,
2124 4678 2353 4742 talibus
2384 4675 2535 4740 viris
2582 4674 2783 4739 inter-
