3300 5225
362 347 580 409 Qumis-r.
613 336 816 419 xvim]
1217 356 1296 396 m:
1325 354 1908 400 rnfflnnsrinarionn.
2647 348 2763 405 381

366 502 439 560 In
455 488 568 558 'illo
599 486 760 559 Deus
788 498 1107 574 concipitur
1142 495 1328 575 primo
1375 498 1664 576 cogitasse
1708 499 1781 559 de
1825 491 2245 559 manifestanda
2288 492 2478 577 gloria
2525 520 2631 560 sua
2664 520 2775 582 per

363 579 614 638 hominis
643 578 1022 652 creationem,
1053 576 1262 636 deinde
1289 597 1392 655 per
1416 576 1614 655 lapsus
1640 579 2112 656 permissionem;
2158 579 2231 638 In
2285 579 2399 639 isto
2448 582 2775 658 concipitur

364 660 550 738 primo
579 658 865 735 cogitasse
886 656 958 715 de
985 655 1403 715 manifestanda
1429 658 1637 737 ,gloria
1681 678 1786 717 sua
1827 658 1890 717 in
1936 659 2213 719 exercitio
2257 659 2663 719 misericordiae
2712 665 2773 721 et

361 739 624 817 justitiae,
655 757 759 814 per
783 736 1192 795 nonnullorum
1220 737 1576 813 electionem,
1608 745 1669 797 et
1695 738 1938 798 aliorum
1975 740 2471 816 reprobationem;
2515 748 2771 817 postmo-

367 819 506 877 dum
534 816 606 876 de
634 816 844 875 mediis
868 815 944 875 ad
971 816 1145 874 finem
1173 816 1347 874 istum
1376 815 1753 877 obtinendum
1796 819 2154 878 necessariis.
2242 819 2327 880 Ut
2376 828 2569 878 autem
2616 822 2773 878 salue

365 905 559 975 potest
585 895 937 956 considerari
965 895 1073 954 sub
1101 896 1313 972 triplici
1340 896 1522 973 σχᾴο-ιι,
1564 898 1664 955 vel
1690 897 1911 957 ratione
1956 898 2352 973 destinationis,
2382 899 2481 957 vel
2530 898 2773 977 acquisi-
2810 896 2813 899 ’

371 978 550 1054 tionis,
580 975 678 1034 vel
704 976 1097 1053 applicatione
1111 998 1137 1047 ;
1182 974 1276 1033 Ita
1310 974 1526 1052 triplex
1553 975 1874 1052 concipitur
1901 976 2054 1036 circa
2089 998 2216 1037 eam
2264 978 2595 1056 decretum;
2645 978 2772 1036 Pri-

369 1077 544 1133 mum,
576 1075 691 1133 quo
720 1055 1042 1114 destinatur
1067 1073 1172 1131 per
1195 1054 1541 1113 Electionem
1559 1079 1585 1128 ,·
1629 1054 1979 1131 Secundum,
2009 1076 2123 1133 quo
2152 1056 2457 1134 acquisitio
2486 1058 2614 1135 ejus
2640 1066 2775 1136 pro'·

371 1145 602 1195 curatur
627 1154 732 1212 per
756 1134 1254 1209 Redemptionem;
1297 1132 1376 1192 Et
1403 1134 1653 1210 tertium,
1686 1154 1801 1211 quo
1830 1134 2137 1211 applicatio
2166 1136 2291 1213 ejus
2335 1136 2633 1197 ordinatur
2669 1156 2775 1215 per

381 1217 752 1275 Vocationem.
838 1214 932 1271 Ita
959 1213 1278 1289 concipitur
1307 1213 1485 1288 Deus,
1516 1214 1618 1292 qui
1643 1222 1837 1273 motus
1866 1217 2212 1294 oeaaerogom‘qs
2238 1224 2297 1275 et
2342 1216 2599 1275 bonitate
2650 1234 2773 1291 sua,

371 1296 639 1355 misertus
668 1294 744 1353 sit
773 1292 1017 1351 Generis
1043 1292 1283 1350 humani
1329 1292 1496 1370 lapsi,
1547 1302 1613 1353 ut
1658 1292 1797 1352 licet
1840 1304 2037 1371 posset
2074 1295 2397 1372 justissime
2440 1296 2777 1355 universum

370 1374 610 1453 perdere
638 1380 872 1451 propter
896 1380 1213 1449 peccatum,
1243 1371 1495 1430 noluerit
1535 1379 1733 1430 tamen
1781 1372 2042 1433 funditus
2086 1374 2357 1450 interire;
2404 1374 2507 1432 sed
2556 1381 2778 1433 certum

371 1462 430 1513 et
457 1452 755 1512 definitum
783 1451 1082 1509 hominum
1109 1470 1430 1526 numerum,
1455 1450 1516 1508 in
1543 1452 1835 1510 communi
1864 1453 2247 1531 corruptionis
2273 1472 2467 1512 massa
2506 1472 2637 1512 cum
2666 1472 2775 1511 cae-

373 1532 511 1592 teris
544 1530 880 1609 jacentium,
913 1530 1184 1607 selegerit
1217 1548 1336 1606 prae
1367 1530 1511 1589 'aliis
1555 1530 1632 1588 ad
1677 1530 1961 1607 salutem;
2008 1532 2157 1607 Quia
2202 1552 2345 1591 vero
2390 1552 2509 1611 non
2551 1540 2780 1610 poterat

372 1631 568 1671 eorum
595 1610 854 1669 misereri
883 1608 1046 1667 salva
1066 1608 1298 1687 justitia
1324 1628 1445 1684 sua,
1475 1609 1590 1668 nisi
1614 1608 1777 1687 prius
1807 1610 2164 1687 satisfactum
2192 1615 2348 1671 esset
2374 1612 2486 1690 ipsi
2511 1606 2617 1689 pro
2643 1631 2779 1690 pec-

373 1698 535 1767 cat03
581 1690 724 1748 Ideo
753 1689 1047 1747 Christum
1083 1690 1144 1747 in
1193 1688 1593 1765 Mediatorem,
1639 1688 1888 1766 Vadem,
1935 1698 1994 1749 et
2038 1690 2226 1767 Caput
2268 1691 2410 1768 ipsis
2457 1691 2776 1766 destinarit,

373 1771 484 1848 qui·
500 1768 836 1847 plenissima
864 1768 1254 1827 satisfactione
1296 1768 1554 1845 praestita
1598 1788 1703 1847 pro
1746 1770 1906 1847 ipsis,
1954 1769 2217 1845 salutem,
2264 1778 2324 1829 et
2358 1771 2551 1829 media
2588 1770 2782 1828 omnia

375 1850 595 1925 salutis,
625 1857 767 1926 puta
797 1847 1092 1926 Spiritum,
1112 1845 1304 1923 fidem,
1329 1857 1388 1907 et
1405 1848 1914 1908 sanctificationem
1942 1849 2085 1927 ipsis
2112 1848 2435 1927 acquireret
2447 1872 2463 1925 ς
2495 1848 2778 1927 Denique,

373 1929 510 2005 quia
531 1929 743 1987 frustra
769 1927 1052 2003 acquisita
1069 1926 1274 1986 fuisset
1290 1926 1448 1987 salus
1469 1928 1685 2004 electis,
1704 1928 1820 1987 nisi
1840 1929 1983 2006 ipsis
2005 1928 2392 2006 applicaretur
2412 1950 2427 2004 ;
2460 1927 2688 1987 Idcirco
2706 1928 2782 1988 ad

375 2008 666 2081 Christum
696 2007 853 2084 ipsos
881 2005 1186 2065 efficaciter
1212 2026 1422 2065 vocare
1451 2006 1815 2066 constituerit
1833 2028 1937 2085 per
1967 2008 2279 2085 Evangelii
2293 2006 2780 2086 praedicationem‚

375 2095 434 2146 et
465 2087 713 2163 Spiritus
739 2085 936 2144 Sancti
963 2085 1228 2162 gratiam,
1260 2085 1362 2161 qui
1388 2084 1561 2143 fidem
1589 2084 1650 2142 in
1698 2086 1717 2142 i
1761 2086 1841 2145 sis
1887 2094 2153 2163 potenter
2196 2087 2487 2165 operando
2536 2087 2783 2146 salutem

367 2166 717 2303 'acssilszitiaim
728 2164 943 2304 Eum—{2¹:2⁰
958 2162 1490 2301 ffbrissfi’diffiOECia
1518 2182 1622 2257 sua
1648 2164 1709 2221 in
1734 2165 2031 2303 {mbilitoer
2056 2166 2373 2304 appllicaregss
2391 2173 2457 2303 οὲ
2477 2165 2781 2302 conferrelt.

671 2289 684 2304 .
774 2264 856 2303 ux
1001 2262 1114 2303 unc
1143 2263 1208 2302 or
1269 2263 1402 2301 nem
1449 2245 1709 2301 Pmnum
1796 2262 1925 2304 ecre
1952 2264 2050 2304 um
2076 2264 2153 2303 no
2196 2265 2247 2303 1s
2284 2265 2316 2303 e
2457 2265 2489 2304 e
2534 2263 2704 2303 ercan
2748 2264 2783 2303 o

376 2325 626 2384 homine.
709 2324 1042 2398 Secundum,
1076 2321 1147 2382 de
1179 2289 1562 2401 permitt’endo
1610 2324 1739 2400 ejus
1784 2324 1969 2402 lapsu,
2010 2334 2126 2401 qu'o
2155 2318 2351 2383 secum
2393 2322 2676 2400 pertraxit
2722 2324 2783 2381 in

375 2405 602 2463 ruinam
630 2412 688 2463 et
715 2403 960 2462 exitium
985 2410 1167 2461 totam
1205 2420 1367 2462 suam
1407 2402 1821 2479 posteritatem.
1909 2404 2176 2480 Tertium,
2220 2403 2293 2463 de
2318 2401 2681 2481 ’quibusdam
2710 2423 2787 2462 ex

375 2484 629 2542 humano
658 2501 867 2561 genere
887 2482 1060 2559 ‘lapso
1089 2481 1164 2539 ad
1191 2481 1438 2543 salutem
1465 2481 1767 2561 eligendis,
1799 2488 1857 2541 et
1886 2482 2032 2560 aliis,
2063 2484 2124 2541 in
2164 2483 2365 2543 nativa
2404 2502 2511 2541 sua
2551 2501 2783 2561 corrup-

378 2564 535 2623 tione
557 2571 616 2623 et
641 2562 874 2622 miseria
898 2560 1310 2640 relinquendis.
1400 2563 1701 2638 Quartum,
1733 2560 1806 2621 de
1835 2562 2065 2623 Christo
2092 2563 2155 2622 in
2173 2561 2453 2623 mundum
2480 2561 2781 2639 mittend0,

378 2651 444 2702 ut
473 2641 796 2702 Mediatore
825 2651 883 2701 et
908 2640 1078 2700 Vade
1108 2641 1456 2718 Electorum‚
1489 2641 1590 2719 qui
1615 2642 1844 2719 placata
1868 2662 1972 2720 per
2019 2643 2407 2702 obedientiam
2444 2661 2607 2702 suam
2654 2662 2783 2720 per-

378 2723 750 2783 fectissimam
780 2721 893 2780 Dei
913 2721 1160 2800 justitia,
1193 2721 1333 2780 solis
1359 2722 1502 2798 ipsis
1527 2722 1761 2799 plenam
1788 2723 2032 2782 salutem
2060 2723 2410 2800 impetraret.
2498 2724 2783 2798 Quintum,

365 2802 455 2860 ·de
481 2802 600 2860 illis
627 2801 932 2860 efficaciter
957 2821 1062 2879 per
1075 2800 1400 2878 ‘Evangelii
1425 2802 1792 2879 praeconium,
1824 2811 1883 2862 et
1914 2803 2163 2880 Spiritus
2196 2803 2255 2862 S.
2300 2803 2545 2880 gratiam
2572 2821 2787 2860 vocan-

381 2882 488 2956 dis,
518 2881 634 2941 fide
662 2881 963 2957 donandis,
988 2881 1396 2958 justificandis,
1429 2880 1874 2957 sanctificandis,
1906 2891 1965 2942 et
1990 2882 2225 2941 tandem
2252 2881 2663 2960 glorificandi&
2755 2897 2763 2904 ·

369 3028 376 3034 ,
464 2961 724 3020 XXIII.
770 2961 946 3020 Hunc
973 2980 1114 3020 vero
1142 2960 1402 3019 ordinem
1430 2961 1958 3021 commodissimum
1987 2981 2112 3021 esse
2140 2963 2252 3021 tria
2288 2962 2577 3039 praecipue
2624 2961 2785 3020 evin-

383 3049 542 3100 cunt.
603 3044 656 3100 1.
685 3041 988 3116 Scriptura
1009 3063 1029 3098 .·
1070 3061 1198 3118 quoe
1228 3040 1571 3099 Missionem
1600 3039 1834 3116 Christi,
1865 3048 1924 3100 e‘t
1953 3042 2432 3120 Redemptionem
2460 3041 2588 3118 ejus
2616 3041 2787 3099 Elec-

363 3121 528 3180 'tioni
550 3119 902 3195 subordinat,
929 3120 1079 3198 Eph.
1111 3120 1147 3178 i.
1179 3122 1234 3194 3,
1265 3122 1322 3194 4,
1355 3123 1410 3196 7,
1442 3120 1613 3179 Rom.
1641 3121 1766 3179 v'iii.
1796 3122 1893 3196 29,
1926 3123 2038 3198 303
2069 3121 2284 3182 Johan.
2314 3120 2397 3180 iii.
2432 3123 2523 3196 16,
2556 3128 2614 3180 et
2640 3118 2786 3178 xvii.

385 3204 441 3274 2,
474 3202 550 3274 ὃς
606 3202 635 3256 1
667 3198 928 3258 Thessal.
962 3219 1017 3256 V.
1061 3201 1134 3274 93
1190 3202 1220 3257 1
1265 3198 1392 3258 Pet.
1437 3199 1476 3258 i.
1528 3204 1604 3275 23
1650 3201 1730 3259 Et
1773 3200 1927 3260 dona
1973 3201 2166 3260 omnia
2212 3201 2489 3260 salutaria
2520 3200 2787 3278 Spiritus,

385 3278 561 3336 fidem
590 3277 810 3336 scilicet
838 3285 897 3335 et
923 3277 1320 3354 poenitentiam
1339 3298 1374 3335 a
1403 3278 1619 3337 Christi
1644 3280 1851 3338 merito
1878 3281 2135 3355 arcessit,
2165 3280 2210 3340 J
2213 3281 2307 3340 oh.
2338 3280 2461 3339 xvi.
2493 3283 2527 3338 7
2553 3302 2569 3356 3
2615 3280 2786 3338 Rom.

385 3357 508 3416 viii.
539 3358 655 3432 323
687 3356 838 3434 Eph.
867 3357 906 3414 i.
937 3359 992 3431 3,
1023 3359 1080 3430 4,
1109 3358 1184 3430 53
1216 3356 1372 3414 Phili
1415 3400 1430 3415 .
1459 3358 1498 3416 i.
1528 3359 1641 3434 293
1674 3358 1829 3416 Heb.
1858 3359 1940 3417 ix,
1985 3362 2076 3434 14,
2112 3361 2205 3418 15.
2306 3363 2363 3418 2.
2404 3360 2521 3418 Rea·
2558 3368 2787 3434 natura,

386 3437 524 3514 quia
550 3436 611 3493 in
636 3435 900 3513 legitimo
926 3454 1118 3494 rerum
1146 3433 1346 3494 ordine
1372 3377 1505 3494 gnis
1545 3435 1789 3495 intentio
1829 3437 2154 3513 praecedere
2198 3437 2372 3497 debet
2412 3439 2793 3498 intentionem

386 3514 726 3589 mediorum,
755 3523 822 3574 ut
849 3515 910 3572 in
939 3514 1280 3574 executione
1307 3514 1492 3592 primo
1519 3514 1712 3574 media
1739 3515 2100 3591 adhibentur,
2146 3525 2455 3593 antequam
2495 3516 2572 3575 ad
2617 3517 2792 3574 finem

387 3595 774 3672 perveniatur.
859 3593 978 3652 Hic
1005 3601 1198 3653 autem
1225 3593 1358 3652 finis
1384 3613 1420 3651 a
1449 3594 1577 3653 Deo
1604 3593 1859 3653 intentus
1887 3593 1947 3652 in
1974 3594 2189 3654 foedere
2218 3596 2438 3673 gratiss,
2486 3604 2575 3654 est
2623 3595 2793 3654 Elec-

388 3681 579 3733 torum
607 3673 782 3750 salus,
813 3672 1006 3732 media
1029 3691 1171 3732 vero
1200 3672 1275 3731 ad
1315 3693 1442 3732 eam
1483 3673 1902 3751 procurandam
1944 3681 2080 3732 sunt
2120 3673 2401 3750 Christus,
2445 3681 2506 3733 et
2546 3672 2793 3733 Vocatio

389 3753 466 3812 ad
493 3753 682 3832 ipsum
709 3773 813 3830 per
852 3752 1116 3812 Verbum
1157 3759 1216 3812 et
1261 3753 1574 3829 Spiritum:
1619 3753 1675 3809 N
1678 3771 1771 3810 am
1810 3772 1919 3811 nec
1962 3751 2226 3813 Christus
2266 3753 2327 3810 in
2367 3753 2647 3812 mundum
2686 3772 2794 3811 un-

390 3852 564 3910 quam
611 3833 824 3891 missus
871 3832 1093 3909 suisset,
1141 3833 1256 3890 nisi
1301 3831 1490 3890 Electi
1536 3830 1858 3891 redimendi
1906 3831 2187 3908 fuissent3
2233 3833 2290 3891 N
2290 3852 2357 3891 ec
2406 3832 2794 3909 Evangelium

389 3912 766 3990 praedicatum
792 3911 1012 3987 fuisset,
1043 3911 1156 3970 nisi
1177 3910 1353 3970 iidem
1381 3910 1697 3988 colligendi
1736 3910 1982 3971 fuissent
2007 3911 2069 3970 in
2098 3911 2320 3990 Corpus
2350 3912 2564 3972 Christi
2590 3913 2795 3990 mysti-

394 4012 526 4052 cum
551 4015 566 4051 z
612 3990 784 4052 Unde
815 3991 1032 4050 Paulus
1053 3987 1274 4050 εὐδοκίαν
1303 3990 1415 4050 Dei
1443 3991 1619 4050 fuisse
1647 3991 1731 4050 ait
1757 3990 1818 4048 in
1854 3992 2141 4069 praeconio
2191 3991 2520 4070 Evangelii,
2566 4011 2798 4052 servare

391 4074 674 4131 credentes
691 4091 805 4148 per
829 4071 1119 4130 stzdtitiam
1141 4070 1585 4147 praedicationis,
1621 4074 1652 4129 1
1687 4070 1817 4130 Cor.
1847 4070 1885 4129 i.
1917 4074 2029 4146 213
2076 4080 2136 4130 et
2164 4071 2314 4148 Eph.
2345 4072 2425 4131 iv.
2476 4075 2568 4148 12,
2619 4071 2795 4131 finem

391 4150 713 4226 ministerii,
744 4159 804 4210 et
830 4150 1113 4209 donorum
1139 4169 1176 4208 a
1203 4150 1432 4209 Christo
1461 4151 1803 4209 collatorum
1842 4169 1961 4208 non
2000 4151 2179 4210 alium
2220 4171 2347 4211 esse
2388 4151 2574 4227 docet,
2622 4171 2796 4228 quam

391 4231 922 4308 coaqmentationem
947 4231 1282 4289 Sanctorum
1309 4238 1364 4288 et
1388 4229 1807 4308 aedzflcationm
1838 4230 2110 4306 emporis
2140 4230 2369 4290 Christi.
2440 4229 2666 4290 Idcirco
2694 4251 2795 4290 ne-

393 4330 555 4370 cesse
583 4318 689 4386 est,
719 4318 786 4369 ut
815 4309 1004 4368 Electi
1024 4309 1125 4386 qui
1153 4308 1264 4368 soli
1291 4308 1555 4367 salvandi
1583 4317 1734 4387 sunt,
1767 4318 1825 4369 et
1852 4310 2175 4369 aedificandi
2202 4311 2263 4368 in
2282 4311 2532 4388 Corpore
2563 4311 2795 4387 Christi,

394 4389 831 4450 considerentur
857 4389 1264 4448 antecedenter
1289 4388 1365 4446 ad
1408 4388 1744 4448 missionem
1788 4389 2020 4466 Christi,
2066 4398 2126 4450 et
2168 4389 2479 4467 Evangelii
2521 4389 2795 4467 praedica-

393 4471 629 4545 tionem,
661 4489 790 4547 quae
818 4468 879 4526 in
907 4488 1105 4529 eorum
1144 4467 1391 4545 gratiam
1431 4467 1697 4528 instituta
1736 4476 1860 4543 est;
1904 4477 2078 4546 atque
2118 4469 2203 4529 ita
2241 4469 2563 4529 vocationis
2604 4469 2797 4546 objec-

395 4557 519 4608 tum
549 4557 684 4608 sunt
710 4548 898 4625 electi,
937 4568 1054 4607 non
1103 4547 1402 4606 electionis
1429 4548 1637 4606 vocati.
1724 4549 1779 4607 3.
1823 4549 2209 4608 Personarum
2244 4549 2305 4609 S.
2352 4549 2413 4608 S.
2462 4548 2691 4607 Triadis
2738 4548 2799 4606 in

397 4647 568 4706 opere
599 4628 819 4688 Salutis
854 4629 1108 4706 operatio
1147 4627 1478 4688 oeeonomica
1495 4652 1522 4704 ,·
1566 4627 1653 4688 Ut
1679 4627 1831 4688 enim
1871 4629 2115 4707 singulae
2143 4628 2219 4689 ad
2265 4628 2411 4689 illud
2456 4638 2803 4688 concurrunt
