3300 5225
42 311 55 481 Ι
363 370 586 423 01111181.
616 348 775 432 xva]
1193 368 1273 409 nn
1301 368 1419 410 nso
1448 368 1587 429 mm,
1618 370 1696 411 er
1722 370 1923 411 raum.
2659 355 2778 411 20⁷

24 482 65 548 Γ
366 532 500 591 quae
526 508 797 590 respiciat
824 522 1025 569 omnes
1044 518 1105 570 et
1122 509 1401 589 singulm,
1426 510 1531 569 sed
1557 510 1845 588 generalis
1871 517 2095 571 tantum
2124 530 2256 589 quae
2283 510 2783 571 indiscriminatim

26 615 33 652 ι
366 593 444 652 ad
470 592 711 670 quosvis
748 591 1097 651 extenditur.
1186 592 1282 650 Sic
1309 592 1507 650 vocari
1532 601 1777 669 possunt
1803 590 1879 650 ad
1905 590 2136 669 nuptias
2163 591 2463 652 voluntate
2489 594 2780 671 praecepti,

367 673 469 751 qui
497 674 573 732 ab
596 672 715 731 illis
742 680 936 731 tamen
964 670 1187 731 exclusi
1216 679 1353 731 sunt
1376 671 1451 730 ab
1480 680 1696 731 aterno
1728 690 1830 749 per
1855 670 2216 731 voluntatem
2241 672 2606 751 beneplaciti.

24 697 33 810 Ι
976 752 1122 810 XV.
1170 751 1437 811 Secunda
1464 751 1760 810 distinctio
1787 771 1918 828 quae
1959 750 2150 809 afferri
2190 752 2341 813 solet
2379 753 2454 812 ab
2483 753 2778 812 Adversa-

402 818 833 924 vftussffissg‘fu
902 832 1005 891 riis
1031 839 1121 891 est
1146 832 1445 893 voluntatis
1472 832 1708 906 efficacis
1735 839 1795 890 et
1821 832 2116 905 &efficacis
2132 857 2154 891 .-
2195 852 2326 910 quse
2352 834 2604 911 quidem,
2635 834 2685 893 si
2713 853 2783 893 eo

904 932 1081 972 sensu
1107 911 1481 989 intelligatur,
1512 920 1577 971 ut
1592 912 1876 973 ‘voluntas
1903 912 2107 971 efficax
2133 914 2478 992 respondeat
2498 914 2787 973 voluntati

372 995 606 1071 decreti,
636 994 807 1055 etita
830 1002 1087 1067 vocetur,
1117 993 1255 1071 quia
1282 1012 1506 1070 semper
1532 993 1806 1069 impletur
1831 1000 1893 1052 et
1925 993 2012 1051 illi
2042 994 2234 1053 resisti
2260 1014 2378 1052 non
2405 1003 2634 1073 potest3
2679 1014 2782 1052 vo-

373 1076 569 1135 luntas
596 1096 737 1133 vero
779 1072 1048 1132 inefficax
1075 1072 1365 1132 coincidat
1405 1092 1537 1131 cum
1577 1072 1878 1132 voluntate
1903 1074 2195 1151 praecepti,
2240 1084 2300 1133 et
2333 1074 2418 1133 ita
2461 1076 2786 1153 appelletur

372 1157 509 1233 quia
536 1164 729 1213 manet
772 1174 923 1233 saepe
951 1153 1113 1211 irrita
1138 1152 1647 1231 propter-hominis
1673 1152 2064 1229 rebellionem,
2093 1162 2291 1231 posset
2317 1163 2610 1233 utcunque
2637 1154 2781 1214 tole-

369 1236 523 1312 rari;
566 1235 837 1313 quamvis
859 1233 1077 1293 locutio
1106 1234 1181 1292 sit
1196 1232 1389 1290 minus
1416 1231 1718 1291 commoda
1745 1240 1804 1291 et
1823 1230 2175 1300 stadem-5:
2205 1234 2310 1293 sed
2337 1234 2388 1293 si
2402 1234 2682 1294 referatur
2707 1233 2784 1293 ad

372 1316 555 1375 solam
565 1315 923 1375 voluntatem
935 1312 1353 1387 decernentem,
1367 1320 1541 1389 prout
1548 1311 1920 1372 Adversariis
1939 1314 2298 1391 intelligitur,
2314 1315 2414 1391 qui
2435 1314 2784 1392 pertendunt

375 1396 503 1455 Deo
547 1403 871 1473 competere
898 1392 1239 1467 velleitates,
1286 1400 1345 1451 et
1370 1392 1533 1451 irrita
1559 1391 1846 1451 desideria
1885 1393 1946 1451 in
1973 1394 2185 1471 quibus
2227 1394 2459 1453 excidat
2501 1414 2605 1453 suo
2645 1395 2780 1469 fine,

370 1494 479 1535 nec
506 1483 847 1553 assequatur
873 1472 1031 1551 quod
1070 1471 1337 1547 intendit,
1368 1492 1485 1549 quo
1510 1470 1802 1549 pertinent
1834 1471 2066 1533 decreta
2104 1472 2496 1534 conditionata
2522 1494 2652 1551 quae
2693 1475 2783 1533 illi

372 1556 649 1630 tribuunt,
678 1574 797 1614 non
824 1562 1015 1632 potest
1042 1552 1270 1612 admitti
1294 1573 1309 1611 ι
1353 1552 1503 1627 Quia
1532 1551 1828 1629 Scriptura
1854 1560 2100 1613 testatur
2125 1554 2484 1613 immutabile
2513 1574 2638 1613 esse
2669 1555 2782 1614 Dei
2882 1556 2890 1562 '

372 1635 694 1710 consilium,
726 1644 785 1695 et
824 1635 954 1714 ejus
980 1632 1269 1693 voluntati
1308 1651 1426 1691 non
1451 1651 1623 1710 posse
1650 1631 1860 1707 resisti,
1899 1633 2016 1693 Isa.
2045 1634 2190 1692 xlvi.
2226 1636 2318 1709 10,
2352 1633 2522 1692 Rom.
2551 1634 2638 1693 ix.
2668 1636 2780 1710 195

374 1715 427 1775 si
454 1734 593 1775 vero
620 1714 708 1773 illi
736 1734 853 1773 11011
880 1714 1183 1789 resistitur,
1202 1712 1401 1789 utique
1430 1711 1688 1790 perficiet
1715 1713 2042 1772 necessario
2068 1713 2227 1792 quod
2251 1713 2517 1773 intendit.
2564 1714 2780 1773 Secun-

371 1795 466 1871 do,
495 1796 771 1855 voluntas
795 1794 1061 1855 inefficax
1097 1812 1217 1852 non
1242 1800 1434 1869 potest
1462 1792 1589 1851 Deo
1616 1791 1812 1867 tribui,
1843 1792 1984 1870 quin
2011 1793 2134 1870 ipse
2168 1800 2444 1871 arguatur
2475 1794 2572 1852 vel
2614 1794 2780 1871 igno-

372 1875 591 1951 rantiae,
623 1874 783 1952 quod
808 1874 1121 1933 nesciverit
1148 1880 1419 1931 eventum
1462 1891 1579 1929 non
1620 1890 2038 1949 successurum,
2069 1873 2166 1931 vel
2205 1872 2577 1951 impotentioe‚
2625 1873 2783 1951 quod

371 1974 489 2014 non
516 1954 770 2033 potuerit
808 1953 1039 2013 effectui
1065 1952 1203 2011 dare
1223 1951 1381 2027 quod
1407 1950 1780 2011 intendebat:
1823 1952 1948 2011 Nec
1974 1951 2090 2011 dici
2129 1952 2320 2028 debet,
2358 1951 2472 2011 hoc
2513 1972 2630 2011 non
2656 1952 2783 2012 fieri

373 2052 451 2094 ex
478 2034 836 2112 impotentia,
866 2032 971 2091 sed
1010 2051 1087 2091 ex
1112 2030 1493 2107 beneplacito,
1523 2031 1662 2107 quia
1687 2031 1875 2090 noluit
1911 2040 2136 2091 tantam
2163 2032 2284 2091 vim
2313 2033 2604 2109 adhibere,
2648 2052 2802 2110 quse·

372 2134 497 2173 rem
525 2113 602 2171 ad
628 2112 897 2172 effectum
922 2120 1121 2189 posset
1160 2109 1541 2169 infallibiliter
1566 2110 1914 2187 perducere3
1973 2112 2029 2169 N
2031 2132 2124 2170 am
2165 2132 2234 2171 eo
2262 2113 2389 2189 ipso
2417 2112 2784 2173 concluditur

375 2194 568 2253 Deum
598 2192 747 2251 serio
774 2192 887 2250 hoc
911 2210 1029 2250 non
1056 2189 1329 2265 voluisse,
1358 2209 1493 2247 nam
1521 2189 1622 2267 qui
1650 2190 1800 2248 serio
1821 2190 2042 2267 aliquid
2073 2192 2338 2267 intendit,
2367 2192 2562 2251 media
2589 2192 2784 2252 omnia

372 2272 611 2331 adhibet
638 2290 767 2348 quse
796 2278 931 2329 sunt
957 2270 1017 2328 in
1046 2288 1151 2329 sua
1177 2277 1461 2347 potestate
1490 2268 1567 2326 ad
1590 2268 1738 2327 illud
1755 2270 2194 2347 assequendum.
2241 2272 2504 2349 Denique
2533 2292 2662 2351 quae
2690 2292 2780 2331 ra-

372 2351 561 2489 τὶοιὲε
588 2348 799 2410 docent
822 2370 940 2410 non
969 2349 1094 2409 dari
1120 2345 1477 2407 voluntatem
1505 2348 1958 2426 antecedentem,
1987 2351 2204 2409 eaedem
2240 2352 2486 2429 probant
2513 2372 2630 2411 non
2657 2352 2783 2411 dari

368 2450 467 2493 me
528 2450 742 2491 cacem.

454 2507 636 2570 XVI.
682 2509 851 2569 Licet
875 2509 1063 2570 omnis
1092 2507 1206 2568 Dei
1230 2508 1503 2567 voluntas
1524 2507 1599 2567 sit
1626 2510 1844 2585 efficax,
1876 2509 2013 2587 quia
2033 2518 2305 2570 eventum
2333 2530 2505 2589 quem
2533 2512 2784 2572 intendit

372 2610 599 2670 semper
637 2590 999 2669 assequitur3
1043 2608 1159 2648 non
1202 2588 1397 2648 statim
1425 2588 1599 2649 debet
1639 2609 1768 2648 esse
1809 2591 2042 2664 effidem
2057 2615 2078 2651 .·
2119 2590 2425 2652 efficientia
2464 2592 2617 2653 enim
2655 2602 2782 2653 tan-

371 2679 495 2732 tum
524 2679 613 2732 est
640 2671 701 2729 in
728 2671 914 2748 bonis,
932 2670 1051 2730 'sed
1076 2669 1331 2728 efficacia
1354 2669 1530 2728 etiam
1559 2669 1619 2727 in
1646 2670 1834 2730 malis.

453 2751 670 2812 XVII.
716 2752 875 2810 Loca
915 2769 1043 2828 quae
1071 2749 1422 2808 desiderium
1449 2751 1547 2808 vel
1586 2758 1788 2810 votum
1828 2751 1954 2810 Deo
1995 2747 2274 2826 tribuunt,
2315 2771 2434 2811 non
2469 2753 2662 2812 statim
2689 2773 2780 2811 ar-

372 2839 559 2908 gaunt
586 2832 946 2891 voluntatem
987 2830 1239 2908 aliquam
1282 2828 1342 2887 in
1372 2849 1441 2888 eo
1482 2829 1866 2908 inefficacem;
1911 2831 2015 2890 sed
2055 2832 2390 2891 humanitus
2429 2831 2602 2908 dieta,
2647 2840 2784 2892 sunt

370 2914 500 2970 ,91η-
548 2916 651 2978 πὸς
680 2911 1073 2989 intelligenda,
1092 2909 1207 2968 nisi
1226 2909 1949 2988 Anthropomorphitarum
1965 2911 2169 2971 deliria
2195 2911 2469 2990 adoptare
2497 2913 2745 2972 velimus
2765 2935 2784 2973 z

375 2993 439 3051 Si
460 2937 547 3051 ad¹
554 2993 907 3070 praeteritum
924 2990 1261 3056 referantur,
1290 2989 1435 3048 nihil
1456 2990 1615 3050 aliud
1634 2999 1856 3066 notant,
1887 3011 2058 3069 qnam
2082 2993 2288 3051 seriam
2306 2991 2783 3070 improbationem

368 3083 733 3150 peccatorum
760 3071 1215 3146 commissorum,
1246 3089 1377 3128 eum
1404 3069 1848 3148 exprobratione
1869 3073 2198 3132 vehementi
2219 3071 2651 3150 ingratitudinis
2677 3072 2782 3131 ho·

369 3152 607 3224 minum,
651 3158 711 3209 et
736 3150 1123 3210 declaratione
1149 3150 1431 3209 bonorum
1458 3151 1670 3227 quibus
1687 3151 2024 3228 exciderint,
2043 3160 2104 3210 et
2131 3152 2410 3212 malorum
2439 3153 2496 3210 in
2527 3172 2658 3230 quae
2693 3153 2782 3211 in-

373 3229 619 3288 ciderint
644 3229 767 3288 suis
792 3229 1080 3306 peccatis:
1124 3230 1207 3288 sic
1234 3230 1495 3307 intellige
1521 3231 1668 3305 loca,
1702 3229 1856 3290 Psal.
1884 3232 2076 3291 lxxxi.
2110 3234 2204 3292 14.
2287 3233 2516 3291 Utinam
2533 3236 2786 3310 populus

372 3327 526 3366 meus
542 3307 970 3384 obtemperasset
984 3309 1136 3385 mihi,
1161 3311 1351 3368 Israel
1378 3309 1438 3368 in
1458 3309 1561 3368 viis
1576 3311 1712 3368 meis
1738 3313 2088 3387 ambulasset,
2111 3309 2220 3370 ὅπα.
2265 3311 2345 3371 Et
2367 3313 2448 3372 Is.
2469 3313 2658 3372 xlviii.
2686 3314 2782 3371 18.

380 3387 611 3447 Utinam
636 3390 959 3448 attendisses
985 3389 1070 3447 ad
1090 3391 1367 3447 mandata
1392 3409 1533 3463 mea,
1548 3391 1719 3463 sacta
1729 3391 1938 3464 ficisset
1959 3392 2101 3449 sicut
2123 3393 2338 3467 flamen
2354 3412 2488 3468 pax
2515 3401 2630 3450 tua.
2719 3391 2784 3450 Si

372 3485 512 3528 vero
554 3466 631 3526 ad
668 3467 929 3527 futurum
986 3468 1299 3546 respiciant
1358 3476 1425 3527 ut
1466 3469 1641 3527 Deut.
1681 3469 1872 3528 xxxii.
1917 3472 2014 3528 29.
2065 3471 2296 3528 Utinam
2337 3475 2504 3529 talem
2544 3472 2790 3530 habeant

372 3556 624 3623 mentem,
654 3556 719 3606 ut
744 3548 975 3606 timeant
998 3567 1086 3606 me
1113 3558 1167 3607 et
1190 3548 1507 3606 autodiant
1531 3549 1808 3606 mandata
1835 3569 1976 3623 mea,
2005 3558 2072 3606 ut
2094 3551 2228 3606 bene
2251 3550 2326 3606 sit
2349 3551 2442 3624 αἐ,
2475 3547 2583 3608 8110.
2613 3550 2782 3606 innu-

372 3635 480 3686 unt
494 3634 719 3686 tantum
738 3628 949 3687 serium
976 3626 1311 3686 mandatum
1340 3627 1463 3686 suis
1488 3625 1787 3704 promissis
1815 3637 1875 3686 et
1901 3626 2440 3686 comminationibus
2463 3627 2782 3702 suffultum,

372 3721 489 3784 quo
514 3705 772 3766 declarat
798 3706 940 3784 quid
976 3707 1255 3784 approbet
1280 3714 1554 3782 tanquam
1590 3706 1898 3765 honestum
1941 3715 2000 3765 et
2027 3714 2306 3782 sanetum,
2341 3715 2402 3766 et
2427 3714 2784 3784 quantopere

371 3785 459 3844 illi
484 3783 753 3862 placeant
778 3787 881 3863 qui
908 3787 1020 3863 ipsi
1048 3785 1459 3863 obsequuntur.

456 3865 707 3925 XVIII.
752 3865 921 3940 Quod
960 3866 1123 3924 Deus
1177 3873 1424 3924 testatur
1479 3861 1635 3942 apud
1687 3863 1858 3924 Ezec.
1901 3865 2066 3924 xviii.
2109 3869 2206 3925 23.
2249 3867 2326 3926 Se
2361 3868 2511 3925 nolle
2549 3875 2784 3925 mortem

364 3946 702 4022 peccator-th,
742 3948 845 4004 sed
872 3948 993 4022 q'zoe
1022 3944 1428 4004 conversionem
1462 3955 1517 4004 et
1547 3945 1720 4004 vitam
1735 3969 1762 4020 ;
1801 3965 1918 4004 non
1951 3945 2090 4004 facit
2126 3965 2234 4023 pro
2265 3946 2564 4007 voluntate
2601 3946 2782 4006 ineffi-

374 4025 497 4084 caci
522 4025 621 4084 vel
646 4025 941 4084 velleitate
965 4025 1093 4100 Dei,
1113 4025 1251 4101 quia
1276 4024 1519 4085 verbum
1544 4040 1662 4108 ΤΒΗ
1691 4025 1847 4102 quod
1875 4026 1956 4084 ibi
1985 4027 2248 4104 occurrit,
2277 4046 2396 4086 non
2423 4035 2541 4085 tam
2570 4029 2784 4088 deside-

371 4105 539 4182 rium,
597 4122 770 4183 qnam
814 4106 1229 4166 deleetationem
1269 4114 1329 4165 et
1368 4107 1828 4184 emnilaeentt’m
1867 4114 2046 4183 notat,
2092 4115 2158 4166 ut
2197 4107 2423 4166 dicatur
2465 4108 2626 4166 Deus
2663 4129 2784 4168 non

372 4184 647 4244 delectari
688 4184 973 4263 supplicio
1012 4185 1337 4262 impiorum,
1378 4195 1664 4262 quatenus
1691 4195 1780 4246 est
1819 4195 2093 4246 creaturae
2134 4187 2416 4262 interitus,
2461 4187 2598 4248 licet
2637 4188 2786 4249 illud

371 4265 517 4325 velit
543 4274 610 4324 ut
638 4273 805 4324 sonat
839 4265 1083 4343 justitiae
1112 4285 1230 4325 suae
1259 4265 1615 4326 exercitium.
1701 4266 1795 4326 Ita
1834 4266 2046 4326 dicitur
2070 4267 2222 4326 velle
2251 4275 2614 4346 peccatorum
2643 4271 2786 4328 resi-

372 4345 713 4422 piscentiam
740 4345 1107 4422 approbative
1134 4354 1193 4405 et
1222 4347 1577 4422 praeceptive,
1610 4366 1717 4405 ceu
1744 4366 1864 4405 rem
1895 4347 2007 4406 sibi
2047 4347 2433 4425 gratissimam
2462 4357 2520 4407 et
2546 4350 2782 4408 manda-

370 4425 448 4484 tis
476 4425 597 4485 suis
625 4444 976 4504 expressam,
1008 4425 1115 4484 etsi
1144 4445 1272 4484 eam
1300 4426 1555 4485 omnium
1584 4434 1849 4504 respectu
1875 4425 2022 4486 nolit
2049 4429 2318 4487 decretive
2345 4435 2404 4486 et
2431 4429 2686 4505 effective.

974 4505 1167 4564 XIX.
1208 4505 1405 4565 Tertia
1446 4503 1742 4565 distinctio
1783 4514 1875 4566 est
1913 4506 2230 4567 voluntatis
2272 4508 2334 4566 in
2373 4509 2700 4566 Absolutum
2726 4515 2787 4567 et

900 4585 1362 4645 conditionalem.
1444 4585 1559 4644 Illa
1587 4585 1798 4644 dicitur
1824 4606 1953 4664 quae
1975 4587 2207 4647 aliunde
2235 4606 2352 4645 non
2378 4587 2607 4664 pendet,
2637 4606 2782 4664 prae-

898 4665 1098 4725 sertim
1152 4685 1188 4724 a
1251 4664 1579 4726 conditione
1642 4666 1838 4744 aliqua
1911 4675 2190 4745 externa3
2261 4669 2387 4726 Ista
2460 4687 2591 4745 quae
2659 4687 2784 4727 sus·

373 4568 614 4614 Voluntas
631 4571 855 4616 absoluta

402 4633 455 4673 et
466 4629 763 4674 conditional
768 4629 826 4675 is.
