3300 5225
342 358 562 410 ouaesr.
593 340 667 421 1.]
1222 356 1301 397 m:
1329 354 1737 399 rnovmsuns
1768 354 1889 398 nm.
2642 342 2757 399 441

351 522 468 579 quo
491 500 684 561 omnia
699 499 1007 574 intueatur,
1027 506 1094 557 ut
1109 498 1250 557 alibi
1277 499 1454 557 Zach.
1483 498 1522 558 i.
1541 498 1905 574 describitur,
1936 506 1996 560 et
2022 492 2143 557 vim
2162 497 2616 559 efficacissimam
2642 519 2761 577 qua

347 590 653 641 moveatur
674 602 689 657 3
735 578 838 638 sed
865 587 925 638 et
950 586 1082 638 rota
1107 580 1164 637 in
1186 588 1318 638 rota
1342 577 1593 658 ponitur,
1623 578 1814 637 minor
1838 578 1901 636 in
1928 579 2162 657 majore,
2186 578 2263 637 ad
2288 578 2601 638 notandam
2622 599 2757 639 cou-

350 660 788 735 catenationem,
819 667 880 718 et
906 656 1348 741 dependentium
1375 676 1680 718 causarum
1708 657 2089 717 secundarum
2116 678 2153 717 a
2179 658 2381 736 prima.

953 738 1066 797 VI.
1109 738 1323 814 Tertio,
1369 738 1524 797 idem
1572 738 1879 803 evincitur.
1966 741 2019 799 1.
2050 736 2110 796 A
2136 740 2373 797 Natura
2398 738 2573 815 ipsius
2598 739 2719 796 Dei
2732 762 2759 812 ‚-

347 792 395 839 3⁸
423 793 474 838 A
494 790 688 837 Natura
706 790 816 837 Dei.
875 817 1026 877 Nam
1053 817 1106 875 si
1126 820 1287 877 Deus
1314 826 1408 892 est,
1431 817 1621 894 inquit
1649 817 1813 877 Lact.
1844 816 1917 876 de
1946 817 2063 877 Ira.
2092 838 2141 895 c..
2173 820 2228 894 9,
2247 819 2435 895 utique
2452 819 2761 895 proadem

351 906 434 957 est
456 906 520 956 ut
543 899 720 973 Deus,
752 896 863 973 (ju,
893 917 1001 956 nec
1027 898 1216 975 magis
1243 898 1368 956 sine
1395 916 1467 957 eo
1493 905 1686 974 potest
1712 896 1965 957 mundus
1992 898 2323 973 consistere,
2354 916 2529 975 quam
2556 898 2756 973 creari,

350 977 490 1055 quia
515 976 732 1036 eaedem
759 978 1030 1051 rationes,
1059 996 1189 1053 quse
1217 976 1383 1035 illum
1410 976 1764 1053 impulerunt
1790 976 1866 1034 ad
1893 977 2221 1052 creandum,
2252 978 2559 1056 impellunt
2585 978 2760 1036 etiam

351 1056 428 1115 ad
455 1056 934 1134 gubernandum3
979 1060 1036 1115 2.
1067 1055 1141 1115 ab
1185 1057 1316 1134 ejus
1355 1057 1785 1132 independentia
1825 1065 1884 1115 et
1924 1057 2279 1133 causalitate,
2308 1077 2413 1135 per
2452 1076 2626 1135 quam
2667 1076 2764 1116 res

352 1155 574 1230 omnes·
599 1144 806 1195 creatae
845 1144 907 1231 et
954 1155 1144 1229 causae
1187 1136 1473 1229 secundae,
1503 1134 1719 1229 debent
1757 1135 1833 1229 ab
1862 1156 1930 1195 eo
1971 1136 2245 1231 pendere,
2270 1146 2329 1196 et
2354 1137 2418 1194 in
2444 1156 2571 1196 esse
2600 1145 2659 1195 et
2698 1137 2761 1193 in

351 1215 1969 1373 333‘31323212'2332322105‘331{ffifflsaftzz‘giza
1992 1216 2763 1373 „53303022125352'32

352 1376 520 1452 vult3
570 1374 688 1433 Sed
715 1374 1004 1453 quomodo
1030 1375 1144 1433 hoc
1172 1373 1288 1432 dici
1313 1382 1512 1451 posset
1538 1372 1663 1433 sine
1686 1394 1911 1433 summa
1935 1375 1996 1433 in
2022 1374 2211 1434 Deum
2231 1375 2608 1453 blasphemia,
2628 1394 2761 1435 cum

353 1463 414 1513 et
438 1455 873 1531 sapientissimus
901 1454 994 1527 sit,
1025 1453 1126 1530 qui
1153 1451 1363 1529 omnia,
1394 1462 1454 1514 et
1493 1453 1761 1513 omnibus
1787 1454 2082 1531 prospicit,
2113 1462 2173 1513 et
2204 1455 2634 1531 potentissimus,
2666 1454 2761 1513 cui
2818 1476 2821 1479 ·

352 1533 500 1592 nihil
525 1542 617 1593 est
642 1530 892 1608 θῶας-ου,
924 1540 984 1592 et
1008 1533 1263 1610 optimus,
1295 1532 1396 1611 qui
1435 1541 1502 1592 ut
1529 1552 1755 1591 summa
1795 1534 2053 1593 bonitate
2079 1533 2361 1593 mundum
2387 1534 2572 1611 primo
2600 1553 2758 1592 crea-

349 1614 456 1691 vit,
487 1614 570 1673 ita
595 1632 712 1672 non
738 1621 931 1692 potest
955 1631 1073 1671 non
1101 1612 1304 1672 eadem
1330 1612 1610 1673 mundum
1637 1620 1895 1671 creatum
1923 1632 2264 1681 conservare
2292 1621 2351 1672 et
2377 1632 2579 1690 regere
2594 1616 2625 1671 Ρ

958 1692 1106 1750 VII.
1149 1691 1387 1768 QuartO,
1419 1710 1456 1749 a
1483 1692 1796 1768 posteriori
1830 1692 1987 1752 idem
2014 1692 2387 1768 demonstrat,
2436 1696 2489 1750 l.
2518 1694 2758 1751 Natura

349 1748 396 1793 ⁴·
409 1746 838 1851 Aoljgufflfum
879 1779 938 1831 et
964 1772 1206 1831 conditio
1231 1791 1426 1833 rerum
1451 1781 1793 1847 creatarum,
1823 1792 1954 1849 quae
1980 1792 2113 1831 cum
2141 1792 2218 1831 ex
2244 1771 2425 1831 nihilo
2463 1771 2760 1849 productae

879 1851 1013 1927 sint,
1043 1859 1103 1910 et
1129 1850 1202 1909 de
1229 1850 1412 1910 nihilo
1439 1869 1556 1910 non
1582 1870 1787 1929 parum
1815 1851 2177 1930 participent,
2206 1872 2315 1911 nec
2348 1872 2383 1911 a
2410 1851 2615 1929 seipsis
2640 1851 2763 1909 vim

353 1930 534 1991 ullam
563 1929 916 1990 subsistendi
943 1930 1211 2005 habeant,
1229 1950 1306 1989 ne
1332 1930 1410 1989 ad
1434 1938 1789 1991 momentum
1810 1932 2045 2010 quidem
2068 1931 2463 2008 subsisterent,
2489 1932 2541 1990 si
2560 1931 2763 1990 eadem

353 2030 546 2087 manu,
576 2030 708 2087 quse
735 2010 866 2069 illas
893 2008 1181 2084 formavit,
1211 2010 1485 2069 contiuuo
1511 2030 1631 2069 non
1659 2010 2115 2089 sustinerentur;
2158 2031 2274 2088 quo
2310 2011 2626 2089 respiciunt
2651 2010 2766 2070 ista

357 2090 574 2150 Psalm.
604 2089 717 2149 civ.
746 2091 844 2165 29,
876 2091 972 2165 30,
1006 2090 1042 2122 “
1061 2088 1333 2149 Occultas
1360 2089 1566 2149 faciem
1586 2097 1763 2165 tuam,
1788 2098 2244 2165 consternantur,
2276 2090 2467 2149 aufers
2496 2090 2761 2167 spiritum

354 2188 569 2245 earum,
599 2169 913 2247 exspirant„
944 2176 1004 2228 et
1029 2168 1106 2227 ad
1131 2169 1432 2247 pulverem
1452 2189 1622 2229 suum
1641 2168 1903 2229 redeunt.
1966 2170 2053 2229 At
2068 2168 2251 2229 mittis
2276 2169 2553 2247 Spiritum
2573 2176 2756 2245 tuum,

355 2256 639 2325 creantur,
670 2258 732 2309 et
753 2252 1002 2308 renovas
1047 2247 1254 2309 faciem
1295 2249 1523 2309 ωτι-εἶ’
1607 2246 1783 2309 Adde
1824 2248 1999 2327 quod,
2028 2267 2161 2309 cum
2200 2248 2464 2327 plurimae
2501 2267 2579 2307 ex
2618 2244 2763 2326 ipsis
2823 2299 2841 2315 .

353 2348 464 2388 nec
487 2330 662 2389 finem
689 2328 1059 2408 prospiciant,
1089 2348 1198 2387 nec
1224 2327 1552 2407 prospicere
1579 2348 1713 2387 eum
1739 2329 1981 2405 possint,
2010 2336 2069 2388 et
2108 2336 2305 2387 tamen
2329 2328 2392 2387 in
2428 2346 2562 2386 eum
2590 2327 2763 2387 certis

354 2409 603 2487 legibus,
633 2417 692 2468 et
735 2408 1024 2467 constanti
1067 2415 1265 2467 tenore
1307 2407 1580 2483 ferantur,
1611 2427 1648 2466 a
1675 2408 1875 2467 Mente
1917 2406 2198 2485 superiori
2238 2408 2494 2466 omnium
2521 2407 2765 2486 praescia
2814 2456 2831 2471 .

734 2543 746 2555 ,
881 2486 1115 2548 omnino
1144 2485 1320 2565 dirigi
1347 2487 1613 2547 debeant.
1697 2491 1755 2547 2.
1782 2488 2111 2547 Harmonia
2142 2497 2199 2547 et
2222 2490 2365 2547 ordo
2390 2487 2759 2564 admirabilis,

355 2542 843 2648 ⁶⁸0Argi÷fflffd¹ss⁰t
882 2567 984 2646 qui
1011 2567 1075 2626 in
1101 2566 1317 2627 mundo
1344 2566 1497 2626 inter
1520 2575 1626 2645 tot,
1658 2574 1717 2627 et
1743 2566 1983 2628 confusa
2008 2567 2070 2627 in
2098 2568 2365 2648 speciem,
2385 2574 2445 2629 et
2472 2566 2583 2627 sibi
2610 2566 2761 2626 invi-

881 2665 1006 2707 cem
1035 2647 1301 2726 opposita
1328 2647 1685 2724 observatur,
1716 2655 1777 2708 et
1803 2647 1927 2708 sine
1956 2648 2205 2708 Rectore
2232 2657 2291 2708 et
2312 2646 2564 2708 Numine
2591 2665 2760 2724 supe-

877 2727 1026 2787 riore
1055 2727 1180 2786 dari
1205 2746 1324 2786 non
1351 2735 1562 2806 potest.
1645 2731 1703 2788 3.
1744 2729 2145 2788 Raedictiones
2185 2737 2501 2789 eventuum
2542 2726 2763 2787 futuro-

877 2827 1022 2883 rum,
1054 2806 1156 2867 diu
1197 2815 1506 2884 antequam
1545 2807 1862 2888 evenirent,
1892 2827 2023 2886 quse
2068 2808 2444 2868 Providentia
2471 2807 2585 2866 Dei
2626 2806 2761 2867 sub·
2855 2821 2861 2827 '

353 2887 490 2963 lats,
519 2905 630 2946 nec
655 2885 782 2944 dari
883 2886 1148 2962 tuissent,
1177 2905 1286 2946 nec
1327 2887 1590 2965 concipi;
1637 2887 1753 2947 nisi
1793 2889 1948 2946 enim
1988 2908 2064 2948 ex
2092 2887 2249 2948 illius
2294 2886 2643 2946 immutabili
2668 2907 2760 2945 ar·

352 2966 530 3026 bitrio
557 2965 751 3025 omnia
837 2966 850 2979 ⁰
959 2974 1249 3043 nerent-ur,
1279 2974 1340 3028 et
1379 2965 1695 3044 evenirent,
1724 2967 1873 3027 tales
1911 2966 2315 3046 praedictiones
2353 2987 2527 3027 merse
2567 2975 2765 3026 essent

594 3101 606 3114 ,
879 3046 1244 3124 conjecturae,
1291 3055 1352 3106 et
1395 3047 1716 3124 penderent
1760 3047 1825 3105 in
1866 3047 2103 3108 incerto.
2186 3050 2245 3106 4.
2285 3047 2668 3125 Impar-iorum
2710 3055 2767 3106 et

354 3099 398 3148 ⁷⁶
425 3099 839 3204 ,Isgssffigffiw
878 3127 1446 3202 Rerumpublicarum
1474 3127 1883 3186 constitutiones
1910 3137 1965 3186 et
1986 3129 2353 3187 revolutiones
2366 3151 2392 3201 ;
2473 3126 2647 3187 uibus
2672 3126 2760 3185 in-

750 3209 759 3218 '
878 3203 1172 3264 tercedere
1199 3205 1484 3265 occultam
1513 3206 1785 3266 Numinis
1810 3207 2251 3284 providentiam,
2275 3227 2406 3286 quae
2477 3207 2763 3266 'ademata

355 3281 543 3342 aufert
568 3290 628 3342 et
655 3280 877 3342 confert
903 3283 978 3342 ad
1002 3283 1269 3360 lubitum,
1300 3303 1431 3361 quae
1458 3285 1675 3344 attollit
1701 3294 1762 3345 et
1788 3286 2074 3365 deprimit,
2105 3307 2237 3364 quae
2266 3287 2463 3365 Reges
2488 3287 2762 3347 transfert

355 3370 417 3421 et
443 3361 759 3438 constituit,
788 3369 848 3421 et
873 3371 1060 3422 mutat
1098 3370 1216 3422 tem
1293 3383 1360 3422 ra
1385 3371 1446 3422 et
1483 3372 1874 3442 tempestates,
1906 3364 2073 3425 fateri
2115 3374 2403 3444 eoguntur
2428 3365 2603 3425 etiam
2630 3384 2759 3444 pes-

357 3440 507 3500 simi.
592 3440 766 3502 Unde
793 3441 946 3500 enim
973 3442 1056 3518 fit,
1087 3461 1166 3519 qn
1272 3441 1526 3520 Imperia
1552 3443 1848 3520 erigantur
1874 3445 1936 3502 in
1962 3445 2196 3519 mundo,
2221 3445 2381 3522 quod
2407 3455 2599 3505 erecta
2624 3465 2763 3504 con-

356 3529 676 3598 serventur,
707 3520 864 3598 quod
891 3521 1134 3598 Legum,
1166 3520 1514 3598 Ordinisque
1541 3521 1765 3600 politici
1789 3523 1938 3582 ratio
1978 3523 2333 3600 observetur,
2362 3543 2471 3583 nec
2499 3523 2760 3584 Mundus

355 3599 418 3657 in
443 3599 810 3660 latrocinium
837 3600 1022 3677 abeat,
1053 3621 1185 3660 cum
1211 3601 1399 3679 major
1425 3620 1652 3680 semper
1678 3601 1754 3661 sit
1780 3602 2091 3662 multitudo
2128 3604 2426 3680 malorum,
2458 3603 2559 3681 qui
2598 3603 2762 3680 leges

357 3679 616 3740 sublatas
641 3680 879 3757 vellent,
909 3699 1082 3758 quam
1108 3680 1410 3757 bonorum,
1434 3681 1535 3758 qui
1562 3701 1662 3740 eas
1682 3689 1917 3742 tuentur
1934 3684 1965 3741 Ρ
2028 3681 2179 3742 Sane
2198 3683 2324 3741 haec
2349 3700 2468 3741 non
2489 3681 2612 3741 sine
2633 3682 2761 3741 Deo

355 3759 482 3820 fieri
508 3759 797 3820 censenda
823 3769 974 3835 sunt,
1004 3779 1112 3820 nec
1139 3761 1214 3820 ab
1240 3761 1356 3820 alio
1383 3760 1558 3838 dirigi
1581 3769 1844 3839 possunt,
1866 3779 2041 3840 quam
2062 3761 2136 3822 ab
2156 3781 2243 3839 eo,
2263 3763 2382 3821 Per
2396 3781 2559 3838 quem
2577 3763 2761 3839 Reges

354 3859 601 3916 reynare
626 3839 914 3917 dicuntur,
946 3840 1222 3900 Proverb.
1250 3841 1374 3900 viii.
1407 3842 1500 3917 15,
1530 3841 1632 3918 qui
1672 3841 2003 3901 dominatur
2026 3843 2091 3902 in
2128 3861 2309 3920 regno
2342 3841 2657 3918 hominum,
2701 3851 2761 3902 et

355 3975 386 4022 8
421 3974 490 4021 Bo
551 3974 586 4020 fl
617 3975 649 3988 ‚‚
758 3973 790 4020 J
880 3920 976 3980 cui
1000 3919 1252 3980 voluerit
1279 3920 1381 3980 dat
1405 3920 1571 3997 illud,
1603 3919 1756 3981 Dan.
1783 3920 1865 3980 iv.
1894 3923 1992 3982 32.
2076 3923 2133 3982 5.
2174 3923 2462 4002 Beneficia
2487 3921 2586 3981 vel
2597 3922 2757 4000 judi-

389 3978 2761 4159 ·'w'¹‘3331:3&ssfflffl222321503222ffl3233s33023¹0?

876 4126 1087 4236 dinem:
1117 4159 1215 4219 vel
1241 4180 1278 4219 a
1315 4167 1597 4239 paratum.
1684 4164 1741 4221 6.
1774 4161 2135 4222 Oomcientioe
2160 4181 2363 4239 samm,
2385 4127 2579 4241 βςοζοῒς
2604 4160 2759 4223 enim

877 4237 1073 4298 ἕποιο-π
1099 4241 1124 4303 ἦ
1152 4265 1274 4300 mm
1305 4267 1406 4306 ησις
1435 4245 1575 4308 Θαὶς.
1675 4241 1827 4300 Nam
1872 4241 1923 4301 si
1963 4241 2125 4301 nulla
2166 4241 2338 4302 datur
2365 4241 2759 4318 Providentia,

357 4315 461 4375 sed
489 4316 684 4410 omnia
709 4337 848 4378 casu
874 4328 934 4379 et
960 4320 1191 4378 fortuna
1217 4319 1560 4398 dirigtmtur,
1594 4320 1713 4380 Cur
1751 4321 2105 4384 conscientia
2144 4330 2379 4382 accusat
2416 4330 2478 4381 et
2519 4330 2761 4382 excusat

353 4395 635 4472 hommes,
667 4396 912 4458 Roman.
941 4399 1003 4458 ii.
1037 4401 1109 4458 15
1131 4403 1162 4458 Ρ
1217 4399 1336 4460 Cur
1375 4399 1628 4478 trepidat
1654 4400 1731 4460 ad
1772 4401 2053 4477 scelerum
2091 4402 2443 4477 memoriam,
2474 4409 2533 4461 et
2551 4400 2763 4478 judieii

355 4494 590 4535 sensum
609 4480 639 4536 ?
697 4477 816 4537 Gur
859 4479 1023 4560 impii
1065 4479 1232 4540 malae
1277 4499 1398 4545 suae
1441 4476 1809 4540 conscientiae
1835 4479 2000 4541 furiis
2046 4482 2178 4557 acti,
2207 4485 2293 4541 ad
2314 4481 2504 4542 omnia
2514 4483 2763 4558 ,βάριν-α

344 4559 584 4632 pallent,
609 4557 799 4624 Quum
825 4567 986 4618 tonat
1008 4560 1294 4619 exanimes
1308 4559 1504 4637 primo
1520 4579 1737 4638 quoque
1761 4581 2050 4620 mamare
2068 4562 2205 4636 coeli,
2227 4570 2295 4622 ut
2313 4561 2396 4620 ait
2415 4561 2460 4622 J
2460 4559 2731 4638 uvenalis
2734 4563 2765 4618 Ρ

358 4635 476 4696 Cur
502 4636 670 4696 testis
696 4637 812 4715 ille,
843 4646 903 4698 et
929 4638 1134 4699 Judex
1161 4638 1538 4700 inexorabilis
1564 4639 1795 4717 penitus
1820 4641 2019 4701 excuti
2044 4641 2262 4718 nequit,
2292 4641 2435 4718 quin
2460 4657 2645 4717 usque
2670 4659 2761 4699 re-

355 2779 402 2828 6.
421 2779 838 2826 Praedietiouibus.

354 4208 400 4256 9.
429 4209 758 4258 Conscientia.
