3300 5225
346 318 575 370 QUAEST.
606 298 721 380 1v.]
1264 315 1344 354 nn
1374 313 1585 356 menno
1614 313 1910 356 Asturam.
2641 305 2766 364 609

347 465 405 522 3.
447 461 568 522 Eos
596 460 697 538 qui
724 460 997 520 dicuntur
1020 459 1249 537 mortui,
1272 461 1609 522 dormientes
1628 467 1689 519 et
1713 478 1897 537 ωψσε
1916 457 2090 518 etiam
2117 458 2431 537 indigitari,
2461 470 2528 522 ιιι
2554 463 2758 522 innua-

345 549 443 610 tur
482 559 783 620 superesse
826 541 887 598 in
930 540 1005 600 iis
1032 541 1204 616 vires,
1250 541 1352 600 sed
1394 539 1607 618 ligatas
1644 547 1706 600 et
1740 537 2066 618 impeditas.
2117 539 2193 599 R.
2235 539 2355 602 Sed
2397 541 2510 601 hoe
2549 542 2760 603 mirum

344 621 535 688 videri
561 639 679 680 non
706 621 895 698 debet,
927 640 1059 680 cum
1086 621 1145 679 in
1178 621 1476 698 Scriptura
1503 620 1716 680 mortui
1741 619 2008 678 dicantur
2034 616 2302 696 dormire,
2331 627 2392 680 et
2416 625 2760 684 resurrectio

345 719 547 761 eorum
574 701 744 778 quasi
784 701 1059 762 excitatio
1102 721 1137 759 a
1178 721 1397 776 somno,
1432 702 1648 779 Ephes.
1678 721 1736 760 v.
1772 703 1865 759 14.
1893 699 2176 761 Excitare
2199 701 2302 778 qui
2331 703 2558 780 dormis,
2589 712 2644 762 et
2666 723 2758 764 re-

344 801 514 857 surge
556 801 597 840 a
644 782 895 857 mortuis,
942 801 1057 859 quo
1100 801 1275 842 sensu
1322 801 1478 840 mors
1522 781 1650 858 ipsa
1700 779 1931 856 Christi,
1981 780 2172 858 plaga,
2220 781 2399 840 vibex
2441 791 2502 842 et
2543 783 2762 847 vulnus

345 861 685 939 appellatur.
773 861 867 920 Ita
914 861 1210 938 Scriptura
1252 861 1431 920 variis
1477 860 1952 920 similitudinibus
1994 860 2178 920 utitur
2223 861 2301 918 ad
2347 880 2470 922 rem
2518 863 2760 934 eandem

346 939 803 1018 describendam,
835 961 951 1000 non
972 950 1036 1001 ut
1056 962 1174 1001 una
1194 941 1294 1003 vel
1320 941 1503 1000 altera
1529 940 1770 1000 seorsim
1793 947 2099 1017 spectetur,
2123 940 2220 998 vel
2247 958 2365 1000 una
2389 961 2495 1019 per
2521 943 2762 1004 alteram

345 1021 653 1097 deteratur,
688 1021 790 1080 sed
831 1022 1019 1100 magis
1059 1030 1125 1081 ut
1163 1021 1323 1100 quod
1362 1023 1423 1079 in
1463 1040 1581 1081 una
1625 1019 1984 1080 desideratur
2027 1019 2208 1079 altera
2252 1022 2536 1098 suppleat.
2620 1023 2762 1084 Istae

342 1120 486 1178 ergo
526 1121 645 1160 non
686 1102 767 1161 ita
796 1109 932 1161 sunt
959 1101 1332 1178 opponendae,
1375 1110 1440 1161 ut
1468 1121 1707 1178 scopum
1735 1100 1862 1178 ejus
1890 1107 2169 1176 evertant,
2201 1100 2306 1160 sed
2346 1103 2762 1180 componendae

344 1189 499 1257 sunt,
528 1191 596 1242 ut
622 1181 796 1261 plena
824 1181 937 1242 Dei
963 1182 1179 1241 veritas
1218 1183 1517 1241 habeatur.
1601 1180 1800 1258 Atque
1842 1180 1924 1240 ita
1963 1179 2118 1243 idem
2157 1189 2444 1258 peccator,
2474 1183 2575 1260 qui
2603 1203 2762 1260 aegro

343 1269 405 1323 et
432 1261 740 1322 dormienti
785 1261 1076 1322 confertur
1117 1262 1179 1320 in
1222 1262 1533 1336 nonnullis,
1563 1268 1830 1338 respectu
1857 1259 2102 1320 aliorum
2139 1281 2244 1337 per
2282 1270 2572 1323 mortuum
2610 1262 2762 1324 bene

342 1343 723 1419 exprimitur3
766 1350 833 1402 ut
880 1342 1146 1418 sciamus,
1187 1362 1305 1400 non
1346 1341 1688 1419 ligationem
1726 1347 1952 1398 tantum
1993 1359 2268 1398 sensuum
2314 1341 2412 1402 vel
2452 1342 2590 1402 vitae
2631 1342 2766 1406 lan-2

344 1441 585 1499 guorem
626 1423 723 1482 hic
760 1441 906 1498 esse,
951 1421 1053 1482 sed
1096 1423 1335 1482 totalem
1362 1423 1500 1480 vitae
1544 1419 1976 1496 extinctionem,
2016 1427 2076 1478 et
2101 1420 2313 1480 virium
2357 1420 2758 1498 privationem.

343 1505 403 1561 4.
444 1505 695 1561 Mortem
721 1502 781 1560 in
817 1511 1053 1578 peccato
1094 1501 1398 1579 designare
1442 1501 1636 1578 potius
1663 1508 1869 1558 statum
1896 1501 2384 1578 condemnationis,
2425 1510 2484 1562 et
2523 1497 2762 1580 'poenam

342 1583 546 1642 mortis
574 1602 691 1660 qua
718 1581 999 1642 afficiendi
1044 1589 1196 1658 sunt,
1228 1602 1397 1660 quam
1429 1589 1644 1640 statum
1673 1578 2054 1658 corruptionis
2094 1579 2155 1637 in
2181 1600 2300 1658 quo
2331 1583 2553 1659 jacent,
2585 1583 2758 1642 Ezec.

344 1662 511 1722 xviii.
540 1666 639 1723 24.
660 1663 740 1722 δι’
752 1665 945 1738 justus
972 1662 1247 1738 dejecerit,
1276 1662 1548 1720 morietur
1574 1661 1633 1720 in
1663 1669 1900 1738 peccato
1925 1679 2046 1720 wo.
2116 1660 2196 1720 Et
2222 1660 2364 1722 Joh.
2392 1661 2514 1720 viii.
2545 1664 2644 1721 24.
2685 1665 2764 1722 In

334 1742 584 1817 peccatis
610 1743 941 1801 moriemini.
962 1778 976 1788 ae
1026 1743 1101 1801 R.
1148 1741 1265 1801 Sed
1290 1741 1452 1802 aliud
1478 1750 1568 1800 est
1596 1761 1724 1800 esse
1756 1747 2046 1800 mortuum
2072 1739 2136 1798 in
2175 1748 2412 1819 peccato
2453 1741 2515 1798 in
2552 1750 2762 1819 prsete-

346 1822 474 1897 rit0,
505 1821 665 1880 aliud
695 1841 821 1881 esse
849 1821 1188 1882 moriturum
1218 1822 1277 1879 in
1305 1821 1532 1898 futur03
1577 1820 1737 1882 istud
1763 1828 1927 1879 notat
1964 1827 2178 1880 statum
2205 1840 2394 1898 poense
2430 1820 2766 1899 inferendae,

341 1900 491 1960 illud
506 1921 647 1961 vero
669 1909 885 1961 statum
905 1901 1287 1979 corruptionis
1307 1901 1625 1978 praesentis.
1672 1903 1728 1960 5.
1743 1900 2028 1976 Denique,
2037 1901 2245 1978 fideles
2264 1911 2511 1962 mortuos
2527 1913 2766 1978 peccato

344 1979 479 2058 dici,
502 1982 604 2060 qui
628 1989 825 2040 tamen
852 1981 1074 2040 viribus
1100 1980 1177 2040 ad
1202 1991 1502 2058 peccatum
1532 2000 1646 2039 non
1677 1979 2096 2054 destituuntur;
2129 1980 2212 2038 sic
2239 1981 2303 2038 in
2328 1983 2582 2058 peccatis
2609 2002 2762 2043 mor-

262 2101 269 2107 ·
345 2067 479 2120 tuos
508 2061 625 2121 dici
650 2081 838 2139 posse,
869 2061 1081 2139 quibus
1108 2069 1301 2120 tamen
1330 2061 1486 2120 vires
1514 2059 1591 2122 ad
1616 2059 1834 2120 bonum
1863 2059 2072 2136 aliquae
2103 2060 2423 2136 supersint.
2506 2061 2582 2120 R.
2614 2063 2768 2136 Quia

343 2140 507 2200 aliud
551 2149 641 2202 est
678 2143 831 2200 mori
860 2151 1112 2218 peccato,
1157 2140 1318 2200 aliud
1357 2150 1639 2200 mortuum
1666 2159 1780 2198 esse
1808 2139 1866 2198 in
1897 2139 2164 2214 peccatis.
2247 2139 2410 2199 Illud
2449 2138 2662 2201 dicitur
2688 2142 2764 2205 de

343 2219 617 2281 fidelibus
644 2221 745 2300 qui
765 2230 1022 2281 veterem
1050 2221 1343 2280 hominem
1369 2220 1454 2280 ita
1474 2219 1836 2297 crucifigunt,
1869 2227 1934 2278 ut
1954 2219 2254 2278 aboleatur
2281 2239 2490 2297 corpus
2515 2222 2758 2298 peccati,

342 2309 407 2360 et
447 2302 597 2360 nihil
642 2302 891 2379 amplius
932 2301 1261 2360 commercii
1304 2321 1436 2360 cum
1479 2321 1549 2360 eo
1592 2301 1862 2375 habeant,
1909 2318 2016 2358 nec
2057 2299 2184 2376 ejus
2225 2298 2482 2358 dominio
2519 2300 2762 2362 ulterius

344 2381 591 2457 subsint,
618 2390 687 2441 ut
712 2383 875 2459 leges
903 2381 965 2440 in
989 2389 1279 2440 mortuum
1307 2401 1427 2440 non
1452 2380 1686 2440 valent:
1733 2377 1850 2438 Sed
1893 2378 2054 2438 istud
2093 2379 2166 2438 de
2209 2379 2628 2458 peecatoribus,
2659 2382 2764 2460 qui

343 2461 609 2520 destituti
637 2462 761 2520 vita
790 2461 903 2520 Dei
942 2460 1243 2522 ambulant
1285 2460 1347 2518 in
1389 2461 1660 2538 peccatis,
1692 2467 1751 2520 et
1777 2457 1888 2518 toti
1928 2457 1990 2518 in
2033 2459 2107 2518 iis
2143 2459 2364 2536 jacent.
2447 2460 2592 2520 Cum
2621 2481 2764 2539 ergo

344 2541 587 2620 phrases
614 2541 731 2600 sint
758 2563 833 2600 ex
860 2541 1142 2619 diametro
1172 2541 1284 2600 sibi
1324 2541 1577 2600 invicem
1604 2540 1901 2619 oppositae,
1945 2558 2063 2610 non
2091 2547 2306 2600 temere
2333 2559 2452 2600 una
2477 2561 2552 2599 ex
2579 2541 2766 2605 altera

335 2622 692 2699 'exponenda
718 2630 823 2682 est.
910 2620 1139 2681 Deinde
1169 2622 1316 2681 mori
1344 2632 1581 2700 peccato
1606 2622 1846 2681 totalem
1875 2620 2246 2681 abolitionem
2288 2623 2511 2699 peccati
2552 2622 2760 2701 innuit,

350 2705 405 2765 l.
424 2704 570 2761 Tam
611 2702 805 2780 quoad
835 2702 1308 2782 justfficationam,
1353 2710 1418 2762 ut
1461 2710 1655 2761 reatus
1699 2702 1824 2779 ejus
1865 2701 2036 2779 plane
2065 2700 2327 2761 sublatus
2370 2702 2462 2777 sit,
2499 2710 2561 2761 et
2601 2704 2766 2763 nulla

343 2784 594 2860 amplius
632 2784 709 2843 sit
746 2783 1147 2842 condemnatio
1188 2781 1475 2858 fidelibus,
1509 2782 1680 2841 Rom.
1709 2781 1832 2841 viii.
1868 2784 1920 2857 1,
1951 2801 2124 2858 quam
2152 2782 2346 2858 quoad
2368 2783 2764 2861 sanctfflcatioe

344 2884 471 2923 nem
486 2888 513 2937 ‚-
558 2862 611 2922 si
654 2883 772 2922 non
816 2863 1009 2941 quoad
1051 2862 1552 2940 complementum,
1584 2870 1645 2921 at
1682 2861 1875 2939 quoad
1914 2862 2262 2939 baptismwn,
2306 2862 2408 2939 qui
2443 2872 2536 2923 est
2613 2864 2764 2923 lenae

345 2945 802 3021 regenerationis
842 2944 1189 3022 symbolum.
1240 2947 1297 3003 2.
1341 2942 1546 3019 Quoad
1582 2942 1835 3018 officium,
1871 2952 1938 3001 ιιι
1977 2941 2216 3019 perfecti
2253 2950 2312 3001 et
2348 2944 2534 3003 sancti
2601 2942 2764 3005 deles

343 3022 633 3100 dicuntur,
662 3026 800 3102 quia
823 3024 976 3083 tales
1002 3043 1129 3083 esse
1150 3022 1363 3083 debent
1385 3046 1401 3100 ς
1450 3024 1547 3083 Sic
1573 3021 1787 3082 mortui
1813 3030 2052 3099 peceato
2074 3032 2371 3097 vocantur,
2402 3022 2541 3101 quia
2560 3030 2762 3083 tenen-

342 3093 441 3161 t'ur
464 3113 768 3180 peccatum
794 3103 857 3162 in
886 3104 1092 3180 seipsis
1115 3104 1479 3180 extinguere,
1510 3112 1569 3162 et
1596 3102 1726 3163 neci
1764 3101 1922 3163 dare.
1985 3106 2042 3163 3.
2075 3100 2278 3177 Quoad
2319 3112 2586 3179 eventum,
2626 3104 2770 3182 quia

343 3183 457 3241 hoc
486 3192 643 3243 certo
670 3192 731 3243 et
764 3181 1001 3243 indubie
1042 3182 1299 3242 futurum
1326 3192 1443 3257 est;
1472 3182 1573 3247 ‚sie
1599 3183 1754 3241 enim
1782 3181 1856 3242 de
1875 3182 2098 3245 talibus
2125 3202 2243 3241 non
2267 3182 2437 3243 aliter
2467 3183 2764 3263 Scriptura

344 3262 620 3339 loquitur,
651 3282 825 3340 quam
853 3262 903 3321 si
918 3262 1049 3339 'jam
1075 3262 1267 3338 reipsa
1294 3261 1693 3338 contigissent.

343 3376 391 3421 3.
419 3378 499 3423 Ex
528 3376 751 3423 concitato
778 3380 829 3423 et
951 3341 1143 3399 XIII.
1187 3340 1401 3416 Tertio,
1434 3339 1583 3414 Quia
1618 3340 1814 3397 Homo
1841 3340 2032 3399 nullas
2061 3341 2136 3399 ad
2173 3342 2436 3402 coelestia
2459 3344 2632 3420 vires,
2664 3344 2764 3405 vel

404 3436 715 3483 induratione
744 3436 829 3483 ho-
869 3420 931 3479 in
957 3419 1272 3495 intellectu,
1295 3419 1393 3479 vel
1422 3419 1483 3478 in
1502 3419 1799 3479 voluntate
1820 3419 2014 3495 habet,
2047 3439 2122 3477 ex
2150 3422 2362 3497 quibus
2388 3422 2762 3485 facultatibus

403 3494 565 3542 minis.
867 3500 1113 3560 liberum
1162 3501 1345 3559 oritur
1392 3498 1711 3559 arbitrium.
1795 3498 1945 3557 Nam
1989 3498 2183 3575 quoad
2231 3500 2606 3578 intellectum,
2657 3504 2762 3581 qui

343 3580 550 3641 oculus
577 3588 667 3639 est
692 3578 915 3657 animae,
945 3600 1065 3640 non
1090 3581 1265 3639 modo
1292 3600 1467 3639 coecus
1487 3579 1722 3656 dicitur,
1763 3587 1823 3639 et
1849 3580 2230 3639 obtenebratae
2269 3590 2464 3656 mente,
2497 3582 2648 3659 Eph.
2677 3583 2758 3643 iv.

351 3662 443 3737 18,
476 3660 581 3719 sed
622 3668 680 3720 et
722 3663 957 3721 tenebrae
984 3662 1136 3737 ipsoe,
1169 3681 1294 3738 cap.
1322 3680 1382 3721 v.
1412 3662 1469 3719 8.
1498 3660 1703 3717 Eratis
1729 3660 1858 3719 olim
1889 3660 2140 3718 tenebroe.
2225 3660 2304 3719 Et
2331 3660 2524 3736 quoad
2550 3662 2760 3721 volun.

344 3748 543 3816 tatem,
574 3760 693 3799 non
718 3741 891 3801 modo
920 3742 1132 3801 dicitur
1155 3741 1369 3799 habere
1398 3760 1497 3801 cor
1516 3759 1766 3817 pravum
1792 3747 1852 3798 et
1878 3742 2315 3815 fraudulentum
2342 3739 2499 3817 quod
2527 3741 2756 3836 corrigi,

345 3822 691 3881 humandum
727 3820 885 3899 quod
926 3821 1179 3899 purgari,
1224 3824 1475 3880 clausum
1515 3818 1674 3897 quod
1713 3820 1938 3897 aperiri,
1970 3820 2410 3879 incircumcisum
2451 3821 2607 3897 quod
2649 3842 2757 3881 cir-

344 3900 614 3977 cumcidi,
646 3902 751 3960 sed
786 3902 1089 3977 lapideum,
1122 3902 1332 3961 Ezech.
1363 3900 1571 3960 xxxvi.
1603 3903 1699 3976 26,
1744 3899 1902 3977 quod
1944 3899 2136 3977 frangi
2177 3908 2236 3959 et
2273 3899 2488 3961 auferri
2527 3902 2756 3981 debeat,

344 3980 540 4059 potius
566 4002 742 4060 quam
770 3982 1031 4057 emolliri,
1072 3990 1132 4041 et
1159 3982 1341 4041 vitam
1382 3980 1685 4039 admittere
1721 3979 1924 4059 possit.
2011 3980 2096 4040 Ut
2123 4001 2261 4058 ergo
2290 3980 2392 4059 qui
2433 4001 2622 4046 caecus
2649 3991 2766 4061 est,

347 4062 599 4129 maxime
639 4082 678 4120 a
715 4070 939 4139 natura,
983 4062 1175 4121 nullas
1212 4061 1390 4121 habet
1430 4061 1506 4119 ad
1534 4060 1852 4120 videndum
1879 4060 2052 4136 vires,
2097 4068 2156 4125 et
2194 4062 2297 4139 qui
2339 4061 2633 4139 lapideum
2661 4083 2764 4127 cor

347 4142 513 4219 gerit,
540 4161 754 4219 expers
774 4152 871 4203 est
898 4161 1102 4201 sensus
1130 4150 1190 4203 et
1216 4150 1445 4202 motus:
1490 4141 1584 4200 Ita
1622 4150 1892 4219 peccator
1924 4140 2072 4203 nihil
2097 4142 2222 4200 veri
2263 4162 2632 4219 cognoscere,
2660 4144 2762 4205 vel

347 4222 486 4280 boni
516 4230 788 4299 praestare
813 4231 1039 4300 potest3
1083 4242 1200 4280 non
1228 4222 1416 4299 magis
1443 4241 1618 4299 quam
1644 4242 1823 4299 penes
1848 4242 2068 4283 caecum
2096 4229 2186 4286 est
2211 4221 2428 4300 videre,
2458 4222 2556 4283 vel
2582 4242 2766 4302 penes

346 4302 600 4379 lapidem
628 4302 840 4361 sentire
868 4310 971 4363 aut
996 4302 1235 4361 moveri.

430 4382 613 4441 XIV.
659 4382 781 4440 Nec
810 4382 996 4441 obiter
1022 4380 1362 4441 intuendum
1391 4388 1482 4441 est
1518 4380 1710 4441 cordis
1749 4380 1966 4459 lapidei
2005 4380 2306 4459 emblema,
2338 4380 2410 4441 de
2439 4402 2555 4459 quo
2585 4382 2769 4445 Esec..

348 4461 558 4519 xxxvi.
589 4464 685 4538 26,
717 4462 875 4540 quod
914 4470 1006 4521 est
1038 4462 1458 4539 ἔμφιπκότιτοι,
1502 4461 1629 4521 sive
1657 4482 1693 4519 a
1718 4463 1884 4521 rebus
1910 4463 2260 4523 naturalibus
2300 4462 2544 4538 petitum
2571 4461 2665 4537 sit,
2695 4470 2770 4524 ut.

342 4541 423 4600 ab
444 4561 719 4618 ayn-orum
739 4546 891 4601 cultu
910 4552 965 4601 et
986 4542 1207 4618 semine,
1231 4542 1390 4620 quod
1416 4542 1476 4599 in
1503 4543 1633 4601 loca
1659 4550 1891 4621 petrosa
1909 4543 2134 4620 jactum
2155 4542 2406 4600 radicem
2426 4560 2546 4601 non
2563 4541 2768 4621 habet,-

345 4622 447 4695 vel
471 4642 509 4683 a
534 4632 749 4684 natura
770 4622 1002 4701 apia-itm
1028 4632 1083 4685 et
1106 4623 1247 4702 vitoe,
1279 4623 1445 4708 cujus
1484 4622 1636 4702 lapis
1673 4642 1790 4683 non
1817 4630 1907 4685 est
1933 4616 2518 4763 subjectum23mwar,
2545 4621 2644 4687 vel
2683 4621 2771 4691 ab.
