3300 5225
572 317 690 376 604
1548 334 1732 375 Locus
1759 333 2038 375 bacmos,
2341 308 2356 326 ’
2603 314 2894 398 [ςιωεετ.
2927 333 3021 374 m.

648 476 831 537 VIII.
876 476 1089 552 Tertio,
1136 477 1286 551 Quia
1311 475 1517 536 volitio
1544 475 1754 535 summi
1796 475 1937 535 boni
1975 482 2034 534 et
2059 473 2251 534 ultimi
2289 474 2425 535 finis
2463 495 2584 535 non
2621 484 2840 554 potest
2871 495 3016 536 esse

571 556 695 616 sine
724 577 947 616 summa
973 556 1265 631 lubentia3
1312 557 1391 616 Et
1418 565 1612 615 tamen
1638 576 1756 614 non
1784 565 1874 616 est
1901 556 2026 615 sine
2053 575 2266 633 magna
2292 563 2353 614 et
2388 556 2751 616 ineluctabili
2779 576 3018 616 neces—

568 636 773 696 sitate:
818 637 963 696 Cum
991 656 1067 694 ex
1109 635 1596 695 Adversariorum
1643 637 1900 714 ipsorum
1928 655 2213 695 consensu
2253 643 2313 695 et
2341 635 2848 714 Philosophorum
2877 635 3018 716 pla-

567 717 699 775 citis
726 716 800 774 ab
842 716 1164 794 appetendo
1194 736 1418 774 summo
1459 716 1612 776 bono
1640 716 1932 776 abstinere
1971 736 2088 774 non
2124 716 2430 794 possimus,
2473 717 2612 794 quia
2636 737 2824 777 nemo
2857 738 2906 776 a.
2951 737 3018 776 se

568 795 872 873 impetrare
898 804 1107 874 potest,
1150 805 1218 856 ut
1242 796 1387 855 velit
1414 816 1541 856 esse
1570 796 1760 856 miser.
1847 798 1903 856 N
1905 817 1970 855 ec
1997 796 2116 856 dici
2153 804 2346 874 potest
2384 796 2632 857 liberum
2671 798 3018 858 arbitrium

568 895 686 934 non
712 877 933 934 versari
972 876 1127 935 eirca
1154 895 1440 935 summum
1467 876 1702 952 bonum,
1747 895 1851 936 seu
1878 876 2145 936 ultimum
2187 876 2378 951 finem,
2425 877 2531 936 sed
2568 886 2800 937 tantum
2839 878 3019 936 cim

565 956 905 1015 electionem
932 955 1270 1016 mediorum.
1355 956 1505 1031 Quia
1532 976 1665 1016 eum
1691 957 1754 1015 in
1774 957 2124 1034 appetitione
2153 957 2363 1015 summi
2388 956 2530 1016 boni
2545 959 2670 1017 veri
2696 959 2798 1016 vel
2831 957 3010 1033 falsi,

564 1035 712 1094 ratio
738 1036 973 1095 virtutis
1012 1037 1111 1096 vel
1138 1037 1267 1095 vitii
1304 1035 1594 1114 praecipue
1636 1037 1748 1096 sita
1777 1037 1886 1097 sit:
1929 1056 2163 1096 necesse
2205 1045 2295 1096 est
2322 1043 2386 1096 ut
2425 1037 2663 1096 libertas
2706 1039 2842 1098 sine
2879 1059 3014 1115 qua

564 1116 727 1174 nulla
753 1116 923 1175 datur
947 1117 1047 1175 vel
1072 1117 1306 1176 virtutis
1332 1116 1431 1175 vel
1457 1117 1587 1176 vitii
1612 1117 1778 1192 rati0‚
1809 1117 1962 1176 circa
1987 1117 2136 1176 illud
2154 1136 2273 1175 non
2299 1117 2490 1176 minus
2511 1137 2580 1176 ac
2607 1118 2760 1177 circa
2781 1117 3012 1176 media

565 1203 846 1258 versetur.
932 1196 1158 1256 Deinde
1187 1217 1319 1256 cum
1344 1197 1536 1255 media
1564 1197 1788 1271 dentur,
1825 1217 1956 1274 quae
1995 1197 2382 1256 neeessariam
2421 1197 2850 1257 connexionem
2883 1199 3003 1256 ha.-

562 1275 705 1336 bent
730 1297 864 1336 cum
902 1276 1035 1350 fine,
1066 1285 1125 1336 et
1165 1278 1318 1336 circa
1357 1297 1601 1354 quorum
1630 1276 1970 1336 electionem
2011 1277 2282 1336 voluntas
2311 1284 2591 1353 versatur,
2632 1278 2816 1338 libere
2849 1277 3002 1356 qui-

564 1354 696 1415 dem
723 1357 784 1414 in
812 1357 929 1416 illis
958 1355 1259 1434 eligendis,
1291 1357 1394 1415 sed
1421 1363 1615 1415 tamen
1641 1357 1983 1432 necessariO,
2015 1356 2406 1434 occupabitur.

645 1437 765 1496 IX.
811 1437 1046 1512 Quarto,
1079 1437 1279 1496 Posita
1304 1437 1694 1497 indifferentia
1712 1438 2046 1513 voluntatis,
2082 1440 2135 1496 1.
2158 1437 2408 1496 Tollitur
2429 1457 2666 1514 precum
2693 1446 2748 1496 et
2771 1439 2992 1498 horta-

562 1517 773 1576 tionum
798 1538 946 1591 usus,
977 1517 1114 1594 quia
1140 1517 1351 1576 frustra
1378 1526 1573 1576 oratur
1600 1519 1780 1593 Deus,
1815 1526 1882 1577 ut
1907 1536 2015 1575 nos
2041 1524 2344 1576 convertat
2369 1524 2428 1576 et
2455 1517 2791 1594 sanctificet,
2823 1518 2994 1577 frus·

562 1603 653 1655 tra
692 1597 1047 1670 hortationes
1094 1597 1456 1671 adhibentur,
1502 1598 1553 1655 si
1591 1597 1783 1674 posita
1809 1597 2069 1674 qualibet
2110 1597 2223 1656 Dei
2263 1597 2505 1673 actione,
2536 1598 2810 1658 voluntas
2851 1619 2990 1656 non

560 1684 753 1752 potest
780 1677 1064 1734 dimoveri
1103 1676 1177 1734 ab
1206 1676 1543 1753 aequilibriO,
1588 1685 1648 1735 et
1673 1684 1870 1735 manet
1897 1696 2124 1754 semper
2157 1676 2220 1734 in
2246 1678 2375 1753 ejus
2413 1677 2698 1754 potestate
2727 1697 2790 1736 se
2835 1698 2987 1737 con-

561 1763 785 1814 vertere
814 1755 911 1814 vel
950 1774 1085 1813 non.
1170 1759 1226 1814 2.
1257 1755 1442 1814 Vanae
1470 1754 1790 1815 redduntur
1805 1757 2206 1832 promissiones
2232 1758 2351 1815 Dei
2373 1756 2446 1816 de
2473 1756 2776 1816 effectione
2805 1777 2985 1817 sanc-

560 1833 743 1893 titatis
772 1843 831 1894 et
858 1834 1110 1894 efficacia
1138 1833 1355 1912 gratiae,
1370 1835 1507 1913 quia
1527 1856 1644 1895 non
1670 1844 1868 1914 posset
1893 1846 2166 1914 praestare
2188 1837 2344 1914 quod
2370 1836 2660 1913 promisit;
2690 1837 2988 1915 quicquid

560 1914 715 1973 enim
742 1923 1041 1992 praestaret
1068 1915 1220 1974 circa
1247 1914 1622 1992 voluntatem,
1655 1925 1914 1976 maneret
1930 1937 2156 1995 semper
2175 1917 2236 1974 in
2257 1917 2578 1993 aequilibrio
2599 1925 2658 1976 et
2678 1913 2978 1998 ἅδιοφαςίᾳ.

563 1993 865 2068 Quomodo
891 2014 1032 2054 vero
1062 1995 1145 2054 sic
1169 2005 1369 2073 posset
1396 1996 1512 2056 dici
1539 1997 1677 2056 dare
1704 1998 1857 2056 velle
1887 2006 1947 2056 et
1972 1997 2261 2076 perficere,
2283 2005 2342 2056 et
2369 2016 2468 2055 cor
2493 2017 2710 2056 novum
2740 1997 2932 2057 facere
2945 2001 2979 2056 P

560 2077 616 2134 3.
653 2075 812 2135 Perit
839 2076 1026 2135 omnis
1054 2077 1356 2135 consolatio
1382 2085 1595 2151 nostra,
1621 2078 1759 2154 quia
1785 2077 2303 2155 quomodocunque
2336 2078 2496 2134 Deus
2523 2084 2661 2153 agat
2687 2077 2752 2134 in
2777 2078 2973 2152 nobie,

557 2175 852 2232 nunquam
896 2156 1038 2215 certi
1066 2157 1279 2215 erimus
1323 2156 1395 2215 de
1424 2158 1626 2233 gratia,
1673 2157 1724 2216 si
1765 2157 1983 2234 pendet
2009 2177 2233 2235 semper
2258 2177 2294 2215 a
2333 2157 2632 2215 voluntate
2675 2157 2836 2214 illam
2865 2157 2972 2216 ad-

558 2235 786 2294 mittere
814 2236 913 2294 vel
937 2236 1194 2314 rejicere,
1239 2245 1298 2294 et
1326 2237 1409 2295 sic
1436 2257 1666 2295 omnem
1706 2236 1820 2295 Dei
1867 2238 2256 2314 operationem
2297 2237 2675 2295 frustraneum
2701 2237 2970 2297 reddere.

558 2317 616 2373 4.
640 2314 979 2393 Abrogatur
998 2317 1295 2392 imperium
1311 2316 1431 2374 Dei
1446 2316 1504 2375 in
1530 2319 1884 2392 voluntatem,
1899 2337 2030 2394 quse
2055 2317 2158 2376 fiet
2175 2315 2570 2396 independens
2597 2325 2658 2375 et
2679 2316 2771 2375 sui
2791 2318 2962 2395 juris,

558 2393 609 2453 si
636 2397 839 2472 positis
868 2396 1134 2455 omnibus
1162 2396 1237 2454 ad
1264 2395 1553 2473 agendum
1580 2397 1878 2475 requisitis
1905 2405 2097 2474 potest
2112 2417 2284 2474 agere
2312 2397 2410 2455 vel
2447 2416 2563 2454 non
2591 2416 2784 2472 agere.
2870 2398 2966 2456 Ita

552 2475 727 2533 homo
755 2477 963 2534 author
990 2475 1098 2535 erit
1138 2485 1197 2534 et
1237 2495 1412 2535 causa
1450 2477 1784 2554 principalis
1825 2497 1945 2536 suae
1983 2477 2394 2551 conversionis,
2441 2495 2559 2535 non
2601 2476 2780 2550 Deus,
2825 2477 2964 2554 quia

552 2555 756 2631 positis
791 2556 1058 2615 omnibus
1100 2556 1301 2633 gratiss
1344 2557 1771 2634 operationibus
1813 2557 2084 2617 voluntas
2125 2576 2352 2634 semper
2379 2557 2487 2617 erit
2513 2556 2575 2614 in
2615 2556 2955 2634 aequilibrio,

553 2654 661 2693 nec
688 2635 919 2695 aliunde
948 2635 1425 2697 determinabitur
1453 2657 1628 2715 quam
1657 2657 1692 2696 a
1720 2638 1927 2715 seipsa.

1199 2718 1284 2775 X.
1330 2718 1476 2776 Cum
1506 2738 1644 2795 ergo
1673 2718 1820 2777 ratio
1846 2716 2102 2776 formalis
2129 2716 2413 2776 libertatis
2439 2736 2557 2775 non
2584 2718 2774 2793 posita
2795 2718 2870 2777 sit
2894 2717 2956 2775 in

554 2780 1036 2887 Libinffffibffisdtssm
1074 2797 1486 2874 indifferentia3
1516 2818 1635 2857 non
1655 2806 1847 2876 potest
1863 2798 2003 2856 alibi
2023 2797 2220 2873 quaeri,
2241 2816 2415 2875 quam
2435 2797 2498 2855 in
2513 2798 2756 2855 lubentia
2779 2798 2954 2856 ratio-

944 2874 957 2887 ’
1074 2879 1209 2953 nali,
1255 2897 1359 2955 per
1385 2898 1560 2954 quam
1586 2880 1750 2936 homo
1770 2878 1924 2952 facit
1949 2880 2102 2954 quod
2125 2879 2268 2935 lubet
2291 2877 2510 2953 praevio
2535 2878 2775 2936 rationis
2798 2877 2952 2953 judi-

548 2956 633 3015 cio
652 2980 671 3013 .·
717 2956 801 3015 Ut
825 2956 921 3015 hic
960 2957 1283 3016 necessario
1311 2956 1427 3015 duo
1468 2957 1876 3033 conjungenda
1915 2958 2152 3015 veniant
2191 2957 2268 3015 ad
2308 2976 2436 3015 eam
2477 2957 2949 3033 constituendam,

555 3038 607 3092 1.
636 3040 691 3093 τὶ
721 3040 1063 3115 reme-mab,
1109 3046 1173 3093 ut
1214 3035 1371 3109 quod
1396 3035 1479 3111 fit,
1524 3055 1641 3093 non
1667 3036 1770 3095 fiat
1797 3056 1951 3095 caeco
1991 3036 2225 3114 impetu,
2272 3045 2330 3095 et
2366 3036 2536 3095 bruto
2578 3037 2828 3113 quodam
2867 3037 2950 3094 in-

551 3114 783 3187 stinctu,
816 3115 919 3171 sed
960 3116 1008 3172 ἐκ
1052 3114 1380 3195 remegio-cof,
1427 3123 1486 3173 et
1528 3116 1747 3191 praevio
1787 3115 2028 3175 rationis
2067 3117 2284 3175 lumine
2327 3124 2386 3175 et
2426 3116 2756 3176 intellectus
2796 3136 2953 3194 prac-

550 3193 652 3251 tici
686 3192 928 3270 judicio.
1014 3199 1069 3252 2.
1112 3199 1167 3252 τὶ
1222 3194 1441 3270 huhrau,
1488 3204 1553 3254 ut
1602 3195 1760 3272 quod
1805 3196 1888 3271 fit,
1935 3205 2138 3275 sponte
2169 3204 2248 3259 ,et
2289 3196 2538 3255 libenter
2584 3195 2689 3255 fiat
2736 3205 2796 3257 et
2837 3196 2956 3255 sine

548 3272 863 3411 ἱεῖαοιίοηο.
952 3273 1125 3333 Unde
1170 3274 1559 3353 Philosophus
1606 3276 1754 3335 illud
1790 3284 1963 3336 vocat
2008 3276 2212 3335 ἑκούσιον
2257 3273 2732 3356 προῦιῦουλιυμένοι,
2767 3276 2953 3336 Ethic.

574 3352 595 3411 i
638 3399 653 3412 .
683 3352 763 3412 iii.
794 3374 844 3412 c.
875 3358 932 3412 2.

630 3434 750 3493 XI.
796 3434 968 3494 Hanc
996 3443 1189 3496 autem
1230 3456 1355 3495 esse
1383 3437 1666 3497 rationem
1693 3436 1991 3496 formalem
2028 3437 2197 3495 liberi
2225 3436 2466 3513 arbitrii,
2511 3458 2587 3496 ex
2615 3457 2683 3497 eo
2713 3456 2832 3496 non
2858 3438 2956 3495 ob·

548 3533 713 3574 seure
756 3515 1064 3593 colligitur,
1098 3517 1253 3594 quod
1282 3518 1447 3593 omni,
1478 3518 1599 3593 soli,
1644 3526 1703 3576 et
1749 3538 1970 3593 semper
1995 3518 2342 3594 conveniat3
2391 3518 2484 3577 Ita
2523 3526 2591 3577 ut
2617 3518 2844 3576 nullum
2885 3518 2960 3576 sit

545 3615 725 3671 agens
750 3595 1014 3671 liberum,
1048 3598 1143 3656 vel
1172 3606 1443 3671 creatum,
1475 3598 1572 3655 vel
1597 3597 1934 3673 increatum,
1965 3596 2025 3655 in
2055 3617 2170 3674 quo
2195 3598 2312 3657 duo
2339 3597 2438 3657 isti
2455 3600 2816 3657 characteres
2843 3616 2958 3655 non

545 3673 1081 3752 deprehendantur:
1123 3696 1231 3735 nec
1258 3677 1334 3734 ad
1373 3686 1601 3754 tempus
1641 3684 1883 3753 tantum,
1929 3678 2034 3736 sed
2075 3697 2317 3755 semper,
2362 3686 2429 3737 ut
2467 3678 2659 3755 posita
2699 3677 2961 3736 lubentia

544 3754 657 3813 ista
684 3755 950 3814 rationali
979 3765 1226 3833 ponatur
1251 3757 1505 3832 libertas,
1538 3764 1598 3816 et
1618 3756 1854 3821 sublata
1880 3757 2136 3817 tollatur.
2225 3756 2399 3817 Unde
2427 3758 2688 3835 sequitur
2714 3756 2957 3835 adjunc-

542 3842 667 3892 tum
696 3854 822 3893 esse
849 3834 1232 3913 inseparabile
1274 3836 1500 3913 agentis
1527 3835 1843 3913 rationalis,
1887 3838 2047 3913 quod
2081 3837 2229 3895 illud
2256 3837 2318 3894 in
2359 3838 2568 3915 quovis
2597 3845 2754 3897 statu
2781 3836 2957 3896 comi-

543 3920 713 3987 tatur,
744 3922 809 3973 ut
848 3934 966 3973 non
1006 3916 1192 3993 possit
1233 3936 1360 3974 esse
1388 3916 1683 3992 rationale,
1729 3918 1870 3992 quin
1899 3937 1966 3975 eo
1993 3918 2121 3994 ipso
2151 3918 2227 3975 sit
2260 3917 2526 3993 liberum,
2571 3937 2680 3975 nec
2721 3916 2958 3995 spoliari

541 4000 716 4067 queat
740 3994 1023 4069 libertate,
1069 3996 1210 4072 quin
1236 3995 1497 4073 privetur
1523 3997 1697 4055 etiam
1723 3996 1962 4055 ratione.
2048 3996 2217 4072 Quod
2254 3996 2472 4056 evincit
2508 3997 2678 4056 etiam
2709 3997 2958 4055 liberum

541 4069 841 4130 arbitrium
868 4074 1130 4134 absolute
1162 4082 1481 4153 spectatum
1510 4085 1569 4135 et
1595 4076 1657 4132 in
1686 4094 1898 4152 genere
1928 4077 2098 4135 Entis
2131 4096 2424 4154 nunquam
2454 4078 2526 4135 ab
2554 4076 2788 4135 homine
2827 4074 2958 4135 tolli

538 4168 709 4227 posse
750 4151 811 4208 in
838 4171 1180 4230 quocunque
1220 4163 1484 4213 versetur
1518 4163 1690 4214 statu.
1779 4155 1949 4230 Quod
1989 4157 2040 4214 si
2081 4177 2116 4215 a
2155 4156 2450 4234 nonnullis
2492 4157 2812 4233 denegatur
2851 4155 2955 4213 ho-

540 4229 682 4286 mini
728 4230 791 4289 in
838 4238 991 4290 statu
1032 4234 1271 4309 peccati,
1302 4232 1553 4309 intelligi
1593 4232 1767 4294 debet
1806 4256 1924 4295 non
1950 4244 2069 4295 tam
2101 4237 2331 4313 physice
2372 4244 2430 4297 et
2466 4236 2750 4311 absolute,
2780 4254 2956 4312 quam

539 4310 708 4369 ethice
747 4318 807 4369 et
832 4310 1029 4386 relate,
1074 4330 1182 4371 nec
1221 4320 1341 4370 tam
1384 4313 1580 4389 quoad
1617 4316 1945 4391 essentiam,
1990 4336 2166 4395 quam
2195 4315 2388 4393 quoad
2428 4317 2601 4393 vires,
2645 4322 2713 4375 ut
2749 4324 2957 4393 postea

541 4390 880 4450 ogtendltun
1183 4470 1339 4531 XII.
1384 4474 1742 4552 Principium
1770 4475 2069 4535 electionis
2111 4495 2217 4536 sua
2243 4485 2450 4535 natura
2483 4482 2678 4554 potest
2705 4492 2832 4533 esse
2861 4474 2948 4532 in-

612 4534 793 4583 Fontes
812 4537 951 4583 Solu·
1061 4548 1333 4611 differens
1360 4563 1420 4613 et
1459 4554 1964 4615 indeterminatum
1993 4556 2056 4615 in
2083 4576 2256 4616 sensu
2283 4556 2494 4632 diviso,
2534 4564 2594 4615 et
2619 4554 2815 4649 quoad
2854 4574 2950 4613 ac-

674 4594 877 4641 tionum.
1061 4638 1185 4691 tum
1225 4632 1491 4711 primum,
1536 4642 1595 4694 et
1624 4633 1974 4695 simultatem
2001 4636 2312 4714 potentiae3
2361 4635 2478 4697 Sed
2519 4656 2638 4695 non
2675 4654 2736 4693 m
2777 4653 2950 4693 ⁸01¹⁸U
