3300 5225
365 342 586 393 QuAEs‘r.
615 323 796 405 xvu.]
1213 344 1290 383 ns
1321 344 1902 385 ramensi-mmmm.
2540 318 2591 395 ⁸,
2650 330 2767 389 353

363 483 514 559 dam,
545 490 612 543 ut
637 482 884 560 videtur,
915 482 1075 561 pacis
1103 484 1527 545 Ecclesiasticus
1565 484 1973 563 promovendae
2015 484 2273 559 consili0,
2304 493 2363 545 et
2388 485 2595 546 fortius
2634 508 2767 547 cum

365 563 910 623 Remenstrantibus
937 564 1270 641 disputandi
1311 563 1519 641 stadie,
1550 565 1818 642 quamvis
1866 584 2134 625 successu
2162 565 2353 624 minus
2379 566 2550 641 felici,
2580 568 2773 644 hype·‚

363 644 558 703 theses
585 643 866 721 quasdam
891 643 1147 721 ipserum
1173 643 1536 722 adoptarunt,
1565 645 1947 723 peripheriam
1969 646 2171 722 gratiae
2191 645 2454 704 latiorem
2482 646 2763 723 ducende,

365 732 424 783 et
452 722 884 798 Misericordiae,
917 722 1369 801 Redemptienis‚
1401 732 1460 783 et
1486 725 1829 785 Vocatienis
1854 721 2349 784 universalitatem
2370 724 2602 801 tuende,
2628 726 2769 785 dum

364 803 712 881 pertendunt
742 805 932 863 Deum
952 806 1299 885 φιλαιθςυπιᾷ
1315 824 1419 863 sua
1439 814 1498 863 et
1514 805 1743 881 generis
1762 805 1999 863 humani
2024 804 2415 863 misericordia
2434 805 2765 883 impulsum,

366 883 692 942 decrevisse
719 882 794 941 ab
822 891 1036 943 aeterno
1067 884 1283 943 Filium
1325 903 1492 943 suum
1532 884 1594 942 in
1630 884 1909 942 mundum
1949 884 2193 959 mittere,
2225 885 2327 962 qui
2365 885 2624 962 praestita
2662 906 2768 963 pro

365 963 618 1041 peccatis
646 962 1054 1039 satisfactione,
1077 963 1473 1023 remissionem
1498 970 1882 1039 peccaterum,
1906 971 1965 1023 et
1991 964 2237 1023 salutem
2258 972 2531 1024 aeternam
2552 986 2622 1025 ea
2634 966 2768 1043 lege

367 1042 634 1102 omnibus
661 1043 996 1119 acquireret,
1028 1043 1080 1102 si
1105 1044 1294 1119 ipsum
1321 1061 1424 1120 per
1449 1041 1624 1101 fidem
1650 1042 2146 1121 amplecterentur,
2175 1064 2283 1102 nec
2321 1044 2770 1123 dedignarentur

366 1129 542 1181 tantae
571 1122 774 1181 salutis
810 1142 938 1183 esse
981 1130 1293 1199 compotes.
1378 1121 1472 1180 Ita
1515 1129 1779 1182 statuunt
1823 1122 2012 1181 Deum
2056 1122 2250 1200 alique
2294 1124 2466 1183 mode
2493 1124 2765 1199 voluisse,

367 1209 426 1261 et
451 1202 713 1261 homines
739 1202 954 1279 pariter
977 1202 1236 1279 potuisse
1277 1202 1494 1259 servari
1521 1221 1739 1277 omnes,
1770 1201 1943 1260 medo
1986 1202 2319 1279 crederent;
2382 1203 2501 1263 Sed
2526 1202 2767 1279 addunt,

369 1282 561 1339 Deum
587 1300 704 1340 non
731 1281 978 1358 amplius
1005 1300 1110 1339 sua
1137 1282 1482 1360 φιλιυθςοπιῇι
1507 1281 1814 1356 communi,
1840 1280 1943 1340 sed
1971 1281 2251 1358 singulari
2278 1283 2529 1359 quodam
2559 1284 2773 1342 amoris

367 1368 427 1418 et
452 1360 859 1419 misericordiae
887 1380 1096 1437 genere
1124 1370 1463 1437 permotum,
1483 1360 1795 1419 nonnullos
1821 1379 1899 1418 ex
1924 1360 2303 1420 universitate
2328 1362 2627 1421 hominum
2654 1362 2771 1421 ele-

366 1438 796 1594 metzitz
809 1438 1454 1595 ffifflinffiiisstzssss
1461 1439 1999 1593 vfflssstuiess-ZZZ‘}
2016 1440 2616 1595 ffiissfflssrffifflssi
2641 1460 2777 1579 1355:

367 1598 543 1657 tuerit
571 1616 670 1657 ees
698 1597 776 1655 ad
800 1597 975 1656 fidem
1004 1597 1290 1657 adducere
1317 1606 1386 1657 ut
1422 1606 1741 1657 serventur.
1826 1598 1960 1657 Due
1986 1598 2181 1675 itaque
2209 1600 2497 1676 praecipue
2526 1600 2625 1659 hic
2656 1600 2775 1659 De-

369 1684 525 1737 creta
552 1676 865 1755 spectanda
892 1696 1020 1737 esse
1045 1677 1411 1755 pertendunt.
1494 1676 1682 1737 Aliud
1714 1677 1993 1737 Gener-aze
2020 1678 2093 1736 de
2122 1678 2422 1737 servandis
2448 1698 2553 1755 per
2580 1679 2775 1737 Chris-

366 1764 492 1816 tum
533 1756 916 1833 credentibus,
973 1777 1088 1833 que
1130 1758 1296 1817 Deus
1347 1756 1552 1817 statuit
1604 1757 1861 1815 emnium
1902 1764 1961 1815 et
2000 1757 2361 1833 singulorum
2399 1758 2675 1833 misereri,
2719 1766 2780 1818 et

370 1836 661 1896 Christum
690 1837 957 1896 omnibus
985 1836 1366 1896 Mediaterem
1393 1836 1547 1912 dare,
1592 1844 1653 1895 et
1679 1855 1878 1896 omnes
1905 1835 1981 1894 ad
2009 1837 2253 1895 salutem
2280 1858 2507 1897 vocare.
2590 1836 2779 1898 Aliud

367 1916 642 1991 Specialc,
699 1935 815 1993 quo
869 1914 1128 1975 decrevit
1181 1915 1462 1993 quosdam
1516 1915 1823 1987 efficaciter
1861 1935 2086 1991 vocare,
2142 1923 2203 1975 et
2253 1916 2372 1975 illis
2427 1917 2603 1977 fidem
2658 1937 2779 1995 prae

371 1994 594 2054 caeteris
647 1994 883 2071 largiri:
926 1994 1132 2070 Quoad
1169 1996 1331 2072 prius
1372 2014 1504 2054 cum
1549 1994 2091 2053 Remonstrantibus
2147 1996 2515 2072 conveniunt,
2588 1997 2781 2075 quoad

369 2074 657 2152 posterius
683 2075 757 2134 ab
785 2074 860 2133 iis
886 2074 1184 2135 dissident.
1267 2073 1421 2134 Vide
1448 2074 1747 2151 Amyrazd.
1776 2076 1933 2133 Diss.
1977 2076 2047 2133 de
2095 2073 2242 2135 Gra.
2280 2076 2409 2135 Um‘.
2457 2084 2518 2137 et
2561 2078 2780 2136 Testar.

372 2156 432 2213 in
457 2154 636 2212 Ireni.

454 2233 530 2292 V.
576 2234 832 2311 Recepta
859 2252 999 2293 vero
1025 2234 1182 2312 apud
1209 2233 1573 2294 Reformatos
1601 2234 1902 2307 sententia,
1933 2233 2092 2293 aliud
2116 2233 2293 2313 longe
2322 2234 2559 2313 statuit3
2592 2236 2783 2295 Deum

372 2312 594 2371 scilieet
619 2332 737 2371 non
763 2313 1035 2389 emnium,
1067 2313 1171 2373 sed
1197 2313 1557 2391 quorundam
1595 2321 1823 2373 tantum
1862 2334 1940 2372 ex
1978 2314 2228 2373 humane
2256 2334 2466 2392 genere
2495 2316 2556 2373 in
2581 2334 2783 2393 pecca·

371 2400 497 2451 tum
525 2401 584 2452 et
608 2400 852 2450 mertem
879 2394 1148 2471 prolapso
1170 2394 1431 2453 misereri
1455 2393 1729 2469 voluisse,
1754 2413 1900 2471 ques
1920 2402 2221 2471 prepterea
2247 2414 2322 2453 ex
2347 2394 2517 2473 lapsu
2543 2395 2783 2473 erigere,

371 2480 433 2531 et
459 2471 534 2529 ad
562 2472 807 2530 salutem
834 2470 1118 2532 deducere
1147 2472 1536 2549 constituerit,
1581 2473 1805 2533 caeteris
1844 2472 1907 2531 in
1945 2474 2145 2531 nativa
2173 2494 2277 2533 sua
2303 2475 2665 2551 corruptione
2692 2494 2783 2533 re·-

371 2551 564 2612 lictis:
607 2550 744 2630 quia
768 2570 909 2612 vere
937 2571 1054 2612 non
1079 2560 1308 2631 peterat
1333 2552 1785 2612 misericordiam
1830 2572 1993 2610 suam
2019 2570 2161 2630 erga
2185 2553 2343 2631 ipses
2370 2573 2622 2630 exerere,
2636 2580 2651 2593 ·
2669 2553 2786 2614 nisi

374 2631 682 2692 satisfieret
707 2632 868 2709 prius
895 2632 940 2691 J
941 2633 1154 2692 ustitiae
1175 2652 1333 2708 suse3
1368 2632 1510 2691 Ideo
1537 2631 1859 2692 destinasse
1886 2633 2030 2710 ipsis
2058 2633 2349 2692 Christum
2380 2633 2781 2709 Mediatorem,

372 2712 476 2789 qui
502 2719 776 2788 tanquam
803 2711 928 2771 Vas
954 2731 1060 2790 pre
1085 2713 1228 2790 ipsis
1255 2712 1610 2772 satisfaceret
1637 2720 1699 2770 et
1724 2712 1969 2770 salutem
1996 2713 2343 2790 impetraret,
2388 2721 2448 2772 et
2486 2721 2554 2772 ut
2597 2714 2787 2791 Caput

447 2811 478 2848 r
508 2791 756 2869 Spiritus
783 2789 1112 2867 efficaciam,
1141 2792 1318 2851 fidem
1346 2791 1654 2870 operand0,
1696 2792 1939 2852 salutem
1982 2792 2322 2868 acquisitam
2349 2793 2422 2852 iis
2450 2793 2783 2871 applicaret.

373 2811 472 2930 ῗίῗιι
499 2871 818 2948 coneipitur
841 2872 1027 2948 prime
1051 2872 1212 2931 Deus
1239 2872 1526 2949 cogitasse
1553 2871 1627 2929 de
1655 2871 1787 2947 fine,
1831 2871 1911 2929 id.
1941 2871 2014 2930 de
2043 2871 2227 2931 salute
2255 2872 2601 2949 quibusdam
2643 2872 2784 2932 dan-

376 2948 468 3025 da,
517 2950 886 3028 postmodum
926 2951 1000 3010 de
1041 2952 1266 3026 mediis,
1328 2957 1388 3011 et
1429 2951 1616 3029 prime
1658 2950 1730 3010 de
1771 2951 1961 3010 medie
2002 2949 2415 3028 acquisitionis,
2460 2951 2670 3011 deinde
2712 2953 2787 3012 de

251 3074 261 3082 .
375 3030 566 3088 medio
596 3030 1028 3108 applicationis;
1073 3031 1178 3092 sed
1223 3031 1308 3090 ita
1333 3039 1399 3090 ut
1423 3050 1602 3090 unum
1631 3029 1926 3090 decretum
1952 3049 2069 3089 nen
2098 3031 2175 3090 sit
2213 3031 2391 3091 latius
2430 3031 2629 3107 altero,
2679 3051 2787 3090 nec
2900 3029 2907 3035 ’

377 3109 509 3166 aliis
536 3108 856 3168 destinasse
885 3118 1172 3170 statuatur
1217 3111 1480 3185 salutem,
1509 3109 1606 3168 vel
1637 3110 1947 3186 Christum,
1997 3130 2172 3187 quam
2219 3111 2431 3187 quibus
2472 3110 2789 3171 destinavit

274 3196 279 3201 “
383 3187 678 3264 Spiritum,
709 3196 769 3247 et
794 3186 985 3247 fidem.
1033 3189 1224 3264 ¹Nam,
1253 3197 1320 3247 ut
1347 3197 1464 3248 tres
1490 3197 1684 3266 partes
1710 3189 2015 3266 praecipuae
2042 3189 2243 3266 gratias
2272 3191 2540 3251 salutaris
2566 3190 2643 3249 ad
2668 3199 2789 3250 tres

382 3266 668 3324 Personas
699 3266 758 3324 S.
792 3267 852 3325 S.
896 3267 1196 3326 Trinitatis
1222 3267 1548 3326 referuntur
1585 3288 1691 3345 per
1731 3268 2267 3347 appropriationem,
2298 3271 2516 3329 Electio
2556 3270 2635 3328 ad
2676 3271 2787 3328 Pa·

379 3353 544 3421 trem,
593 3347 925 3422 Redemptio
974 3347 1048 3404 ad
1076 3347 1292 3406 Filium
1339 3353 1400 3406 et
1445 3347 1823 3425 Sancuflcatio
1870 3347 1947 3406 ad
1997 3347 2274 3425 Spiritum
2322 3349 2595 3408 Sanctum
2626 3370 2643 3426 3
2696 3349 2791 3408 Ita

379 3424 662 3502 aequalem
688 3425 1070 3502 peripheriam
1097 3433 1156 3485 et
1182 3425 1618 3502 amplitudinem
1646 3425 1904 3485 obtinere
1933 3425 2162 3500 debent,
2185 3434 2252 3485 ut
2276 3446 2447 3486 neme
2468 3428 2687 3486 electus
2714 3427 2792 3486 sit

381 3523 418 3562 a
446 3503 635 3579 Patre,
683 3504 784 3581 qui
811 3524 848 3562 a
875 3505 1026 3565 Filio
1053 3525 1172 3564 nen
1200 3505 1374 3566 fuerit
1397 3504 1786 3580 redimendus,
1817 3513 1877 3564 et
1912 3523 1949 3562 a
1980 3505 2196 3580 Spiritu
2224 3504 2687 3580 sanctificandus,
2731 3514 2793 3565 et

381 3603 552 3642 nemo
580 3583 838 3643 vicissim
865 3585 1071 3645 redimi
1098 3584 1362 3644 debuerit
1388 3604 1423 3641 a
1451 3581 1699 3658 Christe,
1750 3584 1853 3661 qui
1900 3602 1935 3640 a
1979 3583 2152 3642 Patre
2198 3584 2415 3642 electus
2456 3583 2530 3642 ab
2574 3592 2791 3643 aeterne

381 3682 500 3721 non
525 3663 712 3739 fuerit,
743 3670 803 3722 et
827 3683 931 3740 per
962 3664 1238 3743 Spiritum
1267 3683 1372 3722 sue
1397 3673 1657 3740 tempore
1686 3661 2149 3722 sanctificandus.
2690 3703 2699 3710 -

987 3744 1100 3803 VI.
1145 3744 1304 3802 Hinc
1345 3742 1514 3801 facile
1559 3742 1695 3800 colli
1740 3741 1753 3755 ⁰
1799 3749 1992 3819 petest
2031 3760 2205 3800 verus
2234 3741 2583 3817 Quaestionis
2621 3740 2793 3802 istius

910 3824 1127 3885 Status.
1214 3825 1267 3882 1.
1298 3823 1430 3881 Non
1459 3821 1752 3900 quaeritur,
1784 3821 1885 3880 An
1926 3840 2125 3880 omnes
2166 3831 2225 3880 et
2264 3822 2481 3898 singuli
2507 3822 2789 3898 hemines,

907 3903 1031 3962 sive
1060 3901 1313 3976 credant,
1344 3902 1468 3960 sive
1496 3921 1612 3961 non
1654 3901 1907 3976 credant,
1938 3900 2014 3960 ad
2055 3901 2300 3960 salutem
2342 3902 2459 3961 sint
2496 3901 2793 3979 praedesti-
2846 3907 2850 3912 “

383 3985 506 4044 nati
528 4007 543 4060 ς
589 3983 739 4042 Nam
765 3985 878 4042 hoc
917 3983 1194 4043 Samuelis
1218 3982 1445 4040 Hubert·
1469 3981 1861 4040 Ecclesiamm
1890 3980 2329 4040 Helveticarum
2354 3980 2647 4058 quendam
2672 3990 2795 4040 tur-

383 4065 552 4126 bonis
580 4073 983 4138 commentum,
1013 4061 1236 4140 pridem
1265 4062 1586 4138 explosum,
1617 4068 1677 4120 et
1702 4061 1871 4138 nigre
1899 4060 2060 4118 theta
2085 4067 2365 4119 notatum.

464 4144 614 4204 VII.
656 4147 713 4202 2.
745 4143 878 4202 Non
920 4143 1211 4219 quaeritur,
1242 4141 1342 4199 An
1373 4142 1534 4199 Deus
1575 4159 1784 4215 amore,
1816 4148 1875 4198 et
1917 4140 2263 4219 ‹pantegnum-:¹032
2301 4139 2557 4217 generali
2583 4139 2799 4198 feratur

385 4225 448 4282 in
488 4223 766 4298 hemines,
797 4230 1074 4299 tanquam
1103 4228 1392 4280 creaturas
1406 4239 1577 4297 suas,
1623 4228 1683 4279 et
1720 4219 1885 4277 varia
1924 4220 2097 4279 etiam
2140 4219 2418 4278 beneficia
2456 4219 2797 4295 temporalia

385 4303 539 4362 circa
563 4329 634 4361 va
671 4305 886 4370 βιωτικὰ
927 4302 1046 4360 illis
1087 4301 1400 4377 largiatur:
1444 4300 1578 4358 Non
1619 4298 1929 4359 diffitemur
1968 4299 2121 4357 enim
2160 4299 2272 4357 hac
2312 4299 2375 4356 in
2417 4306 2579 4374 parte
2610 4298 2800 4356 Demn

385 4401 684 4460 nunquam
712 4401 774 4440 se
799 4382 1125 4458 relinquere
1151 4381 1448 4460 ἅμάςτυςω,
1481 4380 1617 4439 Act.
1646 4379 1769 4438 xiv.
1803 4381 1897 4437 1⁷.
1982 4378 2060 4436 Et
2086 4377 2253 4436 facile
2280 4377 2485 4436 damus
2510 4375 2801 4436 neminem

387 4481 533 4535 esse,
566 4462 666 4538 qui
693 4460 946 4538 aliquam
974 4459 1220 4538 gratiam
1249 4461 1376 4517 Dee
1405 4478 1522 4518 non
1549 4458 1774 4532 debeat,
1806 4466 1864 4516 et
1891 4456 1989 4534 qui
2019 4457 2296 4533 quicquid
2323 4464 2429 4530 est,
2460 4464 2561 4514 aut
2588 4463 2796 4532 petest,

388 4542 592 4618 gratiae
621 4541 908 4601 Creatoris
949 4539 1040 4599 sui
1067 4545 1365 4616 acceptum
1411 4537 1558 4597 ferre
1599 4557 1717 4596 non
1758 4545 2038 4596 teneatur.
2128 4536 2244 4596 Sed
2270 4535 2463 4613 agitur
2489 4535 2561 4594 de
2590 4534 2802 4593 Amore

389 4621 623 4696 speciali
646 4628 705 4680 et
731 4620 989 4697 salutari,
1021 4619 1122 4698 qui
1151 4617 1352 4688 tendat
1391 4617 1467 4678 ad
1507 4616 1786 4679 beneficia
1830 4615 2165 4694 spiritualia,
2196 4623 2257 4676 et
2299 4634 2415 4693 que
2442 4615 2697 4692 ipserum
2724 4613 2799 4672 ad

2368 4711 2401 4750 z

457 3807 625 3854 Status
648 3805 806 3857 Quas-

559 3865 722 3913 tionis.
