<?xml version="1.0" encoding="UTF-8"?>
<!DOCTYPE html PUBLIC "-//W3C//DTD XHTML 1.0 Transitional//EN"
    "http://www.w3.org/TR/xhtml1/DTD/xhtml1-transitional.dtd">
<html xmlns="http://www.w3.org/1999/xhtml" xml:lang="en" lang="en">
 <head>
  <title>
</title>
<meta http-equiv="Content-Type" content="text/html;charset=utf-8" />
  <meta name='ocr-system' content='tesseract 3.04.00' />
  <meta name='ocr-capabilities' content='ocr_page ocr_carea ocr_par ocr_line ocrx_word'/>
</head>
<body>
  <div class='ocr_page' id='page_1' title='image "./institutiotheol00turrgoog_0420.png"; bbox 0 0 3300 5225; ppageno 0'>
   <div class='ocr_carea' id='block_1_1' title="bbox 555 347 2987 431">
    <p class='ocr_par' dir='ltr' id='par_1_1' title="bbox 555 347 2987 431">
     <span class='ocr_line' id='line_1_1' title="bbox 555 347 2987 431; baseline -0.005 -15"><span class='ocrx_word' id='word_1_1' title='bbox 555 358 673 415; x_wconf 86' lang='grc'><strong>368</strong></span> <span class='ocrx_word' id='word_1_2' title='bbox 1471 372 1655 417; x_wconf 79' lang='lat' dir='ltr'><strong>meus</strong></span> <span class='ocrx_word' id='word_1_3' title='bbox 1684 374 1973 423; x_wconf 63' lang='lat' dir='ltr'><strong>Qusa‘rus.</strong></span> <span class='ocrx_word' id='word_1_4' title='bbox 2528 347 2785 431; x_wconf 71' lang='lat' dir='ltr'><strong>[omns-r.</strong></span> <span class='ocrx_word' id='word_1_5' title='bbox 2818 362 2987 405; x_wconf 76' lang='lat' dir='ltr'><strong>xva.</strong></span> 
     </span>
    </p>
   </div>
   <div class='ocr_carea' id='block_1_2' title="bbox 549 504 2983 4736">
    <p class='ocr_par' dir='ltr' id='par_1_2' title="bbox 549 504 2983 2501">
     <span class='ocr_line' id='line_1_2' title="bbox 553 504 2983 592; baseline -0.003 -18"><span class='ocrx_word' id='word_1_6' title='bbox 553 535 682 574; x_wconf 89' lang='lat' dir='ltr'><strong>eam</strong></span> <span class='ocrx_word' id='word_1_7' title='bbox 711 512 965 574; x_wconf 86' lang='lat' dir='ltr'><strong>destinet</strong></span> <span class='ocrx_word' id='word_1_8' title='bbox 991 513 1151 592; x_wconf 88' lang='lat' dir='ltr'><strong>ipsis,</strong></span> <span class='ocrx_word' id='word_1_9' title='bbox 1182 514 1279 574; x_wconf 85' lang='lat' dir='ltr'><strong>vel</strong></span> <span class='ocrx_word' id='word_1_10' title='bbox 1305 514 1569 575; x_wconf 86' lang='lat' dir='ltr'><strong>intendat</strong></span> <span class='ocrx_word' id='word_1_11' title='bbox 1596 514 1721 575; x_wconf 80' lang='lat' dir='ltr'><strong>sive</strong></span> <span class='ocrx_word' id='word_1_12' title='bbox 1749 515 2030 589; x_wconf 86' lang='lat' dir='ltr'><strong>absolute,</strong></span> <span class='ocrx_word' id='word_1_13' title='bbox 2062 512 2186 572; x_wconf 76' lang='lat' dir='ltr'><strong>sive</strong></span> <span class='ocrx_word' id='word_1_14' title='bbox 2212 512 2604 572; x_wconf 84' lang='lat' dir='ltr'><strong>conditionate</strong></span> <span class='ocrx_word' id='word_1_15' title='bbox 2626 530 2642 585; x_wconf 88' lang='lat'><strong>;</strong></span> <span class='ocrx_word' id='word_1_16' title='bbox 2685 505 2825 585; x_wconf 80' lang='lat' dir='ltr'><strong>quia</strong></span> <span class='ocrx_word' id='word_1_17' title='bbox 2852 504 2983 563; x_wconf 65' lang='lat' dir='ltr'><strong>aliz</strong></span> 
     </span>
     <span class='ocr_line' id='line_1_3' title="bbox 549 586 2981 672; baseline -0.004 -18"><span class='ocrx_word' id='word_1_18' title='bbox 549 596 702 654; x_wconf 89' lang='lat' dir='ltr'><strong>ratio</strong></span> <span class='ocrx_word' id='word_1_19' title='bbox 745 602 834 653; x_wconf 87' lang='lat' dir='ltr'><strong>est</strong></span> <span class='ocrx_word' id='word_1_20' title='bbox 859 593 1178 654; x_wconf 84' lang='lat' dir='ltr'><strong>voluntatis</strong></span> <span class='ocrx_word' id='word_1_21' title='bbox 1222 595 1600 672; x_wconf 77' lang='lat' dir='ltr'><strong>decernentis,</strong></span> <span class='ocrx_word' id='word_1_22' title='bbox 1652 594 1767 653; x_wconf 85' lang='lat' dir='ltr'><strong>alia</strong></span> <span class='ocrx_word' id='word_1_23' title='bbox 1808 593 2194 672; x_wconf 78' lang='lat' dir='ltr'><strong>praecipientis</strong></span> <span class='ocrx_word' id='word_1_24' title='bbox 2236 600 2297 652; x_wconf 89' lang='lat' dir='ltr'><strong>et</strong></span> <span class='ocrx_word' id='word_1_25' title='bbox 2344 588 2752 669; x_wconf 86' lang='lat' dir='ltr'><strong>approbantis:</strong></span> <span class='ocrx_word' id='word_1_26' title='bbox 2803 586 2981 645; x_wconf 81' lang='lat' dir='ltr'><strong>Deus</strong></span> 
     </span>
     <span class='ocr_line' id='line_1_4' title="bbox 555 666 2979 753; baseline -0.004 -20"><span class='ocrx_word' id='word_1_27' title='bbox 555 674 792 753; x_wconf 86' lang='lat' dir='ltr'><strong>quidem</strong></span> <span class='ocrx_word' id='word_1_28' title='bbox 817 674 1142 733; x_wconf 87' lang='lat' dir='ltr'><strong>necessario</strong></span> <span class='ocrx_word' id='word_1_29' title='bbox 1169 674 1324 734; x_wconf 84' lang='lat' dir='ltr'><strong>velle</strong></span> <span class='ocrx_word' id='word_1_30' title='bbox 1351 674 1526 735; x_wconf 86' lang='lat' dir='ltr'><strong>debet</strong></span> <span class='ocrx_word' id='word_1_31' title='bbox 1549 674 1710 753; x_wconf 89' lang='lat' dir='ltr'><strong>quod</strong></span> <span class='ocrx_word' id='word_1_32' title='bbox 1727 675 1915 752; x_wconf 86' lang='lat' dir='ltr'><strong>jubet,</strong></span> <span class='ocrx_word' id='word_1_33' title='bbox 1947 673 2051 733; x_wconf 86' lang='lat' dir='ltr'><strong>sed</strong></span> <span class='ocrx_word' id='word_1_34' title='bbox 2084 693 2153 731; x_wconf 89' lang='lat' dir='ltr'><strong>eo</strong></span> <span class='ocrx_word' id='word_1_35' title='bbox 2177 672 2353 731; x_wconf 91' lang='lat' dir='ltr'><strong>modo</strong></span> <span class='ocrx_word' id='word_1_36' title='bbox 2380 690 2496 749; x_wconf 91' lang='lat' dir='ltr'><strong>quo</strong></span> <span class='ocrx_word' id='word_1_37' title='bbox 2538 668 2727 749; x_wconf 79' lang='lat' dir='ltr'><strong>Jubet,</strong></span> <span class='ocrx_word' id='word_1_38' title='bbox 2772 666 2855 725; x_wconf 88' lang='lat' dir='ltr'><strong>id.</strong></span> <span class='ocrx_word' id='word_1_39' title='bbox 2900 672 2979 725; x_wconf 84' lang='lat' dir='ltr'><strong>ut</strong></span> 
     </span>
     <span class='ocr_line' id='line_1_5' title="bbox 555 753 2975 833; baseline -0.003 -20"><span class='ocrx_word' id='word_1_40' title='bbox 555 756 685 814; x_wconf 77' lang='lat' dir='ltr'><strong>velit</strong></span> <span class='ocrx_word' id='word_1_41' title='bbox 709 756 837 832; x_wconf 86' lang='lat' dir='ltr'><strong>ejus</strong></span> <span class='ocrx_word' id='word_1_42' title='bbox 855 755 1306 831; x_wconf 62' lang='lat' dir='ltr'><strong>praeceptionem,</strong></span> <span class='ocrx_word' id='word_1_43' title='bbox 1337 754 1442 814; x_wconf 90' lang='lat' dir='ltr'><strong>sed</strong></span> <span class='ocrx_word' id='word_1_44' title='bbox 1479 774 1598 815; x_wconf 86' lang='lat' dir='ltr'><strong>non</strong></span> <span class='ocrx_word' id='word_1_45' title='bbox 1637 772 1865 833; x_wconf 90' lang='lat' dir='ltr'><strong>semper</strong></span> <span class='ocrx_word' id='word_1_46' title='bbox 1902 753 2096 832; x_wconf 91' lang='lat' dir='ltr'><strong>quoad</strong></span> <span class='ocrx_word' id='word_1_47' title='bbox 2136 753 2525 826; x_wconf 75' lang='lat' dir='ltr'><strong><em>executionem,</em></strong></span> <span class='ocrx_word' id='word_1_48' title='bbox 2570 758 2631 809; x_wconf 93' lang='lat' dir='ltr'><strong>et</strong></span> <span class='ocrx_word' id='word_1_49' title='bbox 2670 754 2975 807; x_wconf 80' lang='lat' dir='ltr'><strong>eventum.</strong></span> 
     </span>
     <span class='ocr_line' id='line_1_6' title="bbox 557 830 2973 913; baseline -0.003 -20"><span class='ocrx_word' id='word_1_50' title='bbox 557 835 612 893; x_wconf 89' lang='lat' dir='ltr'>N</span> <span class='ocrx_word' id='word_1_51' title='bbox 615 854 680 893; x_wconf 93' lang='lat' dir='ltr'><strong>ec</strong></span> <span class='ocrx_word' id='word_1_52' title='bbox 709 834 904 893; x_wconf 87' lang='lat' dir='ltr'><strong>statim</strong></span> <span class='ocrx_word' id='word_1_53' title='bbox 931 834 1090 911; x_wconf 90' lang='lat' dir='ltr'><strong>quod</strong></span> <span class='ocrx_word' id='word_1_54' title='bbox 1114 834 1444 913; x_wconf 74' lang='lat' dir='ltr'><strong>praecipitur</strong></span> <span class='ocrx_word' id='word_1_55' title='bbox 1471 834 1802 910; x_wconf 80' lang='lat' dir='ltr'><strong>intenditur,</strong></span> <span class='ocrx_word' id='word_1_56' title='bbox 1834 854 1967 893; x_wconf 87' lang='lat' dir='ltr'><strong>cum</strong></span> <span class='ocrx_word' id='word_1_57' title='bbox 1992 833 2176 892; x_wconf 90' lang='lat' dir='ltr'><strong>multa</strong></span> <span class='ocrx_word' id='word_1_58' title='bbox 2217 830 2641 910; x_wconf 63' lang='lat' dir='ltr'><strong>praecipientia,</strong></span> <span class='ocrx_word' id='word_1_59' title='bbox 2688 846 2821 904; x_wconf 77' lang='lat' dir='ltr'><strong>quse</strong></span> <span class='ocrx_word' id='word_1_60' title='bbox 2865 844 2973 885; x_wconf 87' lang='lat' dir='ltr'><strong>ne-</strong></span> 
     </span>
     <span class='ocr_line' id='line_1_7' title="bbox 555 905 2973 992; baseline -0.004 -19"><span class='ocrx_word' id='word_1_61' title='bbox 555 934 846 992; x_wconf 86' lang='lat' dir='ltr'><strong>quaquam</strong></span> <span class='ocrx_word' id='word_1_62' title='bbox 885 913 1280 973; x_wconf 88' lang='lat' dir='ltr'><strong>intenduntur.</strong></span> <span class='ocrx_word' id='word_1_63' title='bbox 1377 914 1475 973; x_wconf 86' lang='lat' dir='ltr'><strong>Sic</strong></span> <span class='ocrx_word' id='word_1_64' title='bbox 1517 915 1679 974; x_wconf 89' lang='lat' dir='ltr'><strong>Deus</strong></span> <span class='ocrx_word' id='word_1_65' title='bbox 1721 914 2082 973; x_wconf 79' lang='lat' dir='ltr'><strong>Pharaonem</strong></span> <span class='ocrx_word' id='word_1_66' title='bbox 2114 913 2295 991; x_wconf 86' lang='lat' dir='ltr'><strong>jussit</strong></span> <span class='ocrx_word' id='word_1_67' title='bbox 2338 910 2628 970; x_wconf 80' lang='lat' dir='ltr'><strong>dimittere</strong></span> <span class='ocrx_word' id='word_1_68' title='bbox 2666 905 2973 985; x_wconf 88' lang='lat' dir='ltr'><strong>populum,</strong></span> 
     </span>
     <span class='ocr_line' id='line_1_8' title="bbox 557 987 2975 1070; baseline -0.003 -19"><span class='ocrx_word' id='word_1_69' title='bbox 557 1013 664 1051; x_wconf 90' lang='lat' dir='ltr'><strong>nec</strong></span> <span class='ocrx_word' id='word_1_70' title='bbox 691 1002 886 1051; x_wconf 90' lang='lat' dir='ltr'><strong>tamen</strong></span> <span class='ocrx_word' id='word_1_71' title='bbox 912 1001 1105 1070; x_wconf 88' lang='lat' dir='ltr'><strong>potest</strong></span> <span class='ocrx_word' id='word_1_72' title='bbox 1131 993 1248 1053; x_wconf 89' lang='lat' dir='ltr'><strong>dici</strong></span> <span class='ocrx_word' id='word_1_73' title='bbox 1273 993 1590 1053; x_wconf 81' lang='lat' dir='ltr'><strong>intendisse</strong></span> <span class='ocrx_word' id='word_1_74' title='bbox 1636 992 1709 1053; x_wconf 90' lang='lat' dir='ltr'><strong>de</strong></span> <span class='ocrx_word' id='word_1_75' title='bbox 1751 992 1921 1070; x_wconf 88' lang='lat' dir='ltr'><strong>facto,</strong></span> <span class='ocrx_word' id='word_1_76' title='bbox 1972 994 2071 1053; x_wconf 83' lang='lat' dir='ltr'><strong>vel</strong></span> <span class='ocrx_word' id='word_1_77' title='bbox 2110 993 2390 1066; x_wconf 87' lang='lat' dir='ltr'><strong>absolute,</strong></span> <span class='ocrx_word' id='word_1_78' title='bbox 2436 989 2534 1049; x_wconf 85' lang='lat' dir='ltr'><strong>vel</strong></span> <span class='ocrx_word' id='word_1_79' title='bbox 2574 987 2975 1048; x_wconf 80' lang='lat' dir='ltr'><strong>conditionate</strong></span> 
     </span>
     <span class='ocr_line' id='line_1_9' title="bbox 557 1068 2971 1150; baseline -0.003 -19"><span class='ocrx_word' id='word_1_80' title='bbox 557 1073 686 1150; x_wconf 88' lang='lat' dir='ltr'><strong>ejus</strong></span> <span class='ocrx_word' id='word_1_81' title='bbox 713 1072 1121 1149; x_wconf 82' lang='lat' dir='ltr'><strong>dimissionem,</strong></span> <span class='ocrx_word' id='word_1_82' title='bbox 1153 1094 1284 1133; x_wconf 90' lang='lat' dir='ltr'><strong>cum</strong></span> <span class='ocrx_word' id='word_1_83' title='bbox 1311 1082 1514 1133; x_wconf 88' lang='lat' dir='ltr'><strong>contra</strong></span> <span class='ocrx_word' id='word_1_84' title='bbox 1538 1072 1961 1133; x_wconf 87' lang='lat' dir='ltr'><strong>indurationem</strong></span> <span class='ocrx_word' id='word_1_85' title='bbox 1991 1072 2311 1132; x_wconf 79' lang='lat' dir='ltr'><strong>Pharaonis</strong></span> <span class='ocrx_word' id='word_1_86' title='bbox 2336 1078 2397 1131; x_wconf 84' lang='lat' dir='ltr'><strong>et</strong></span> <span class='ocrx_word' id='word_1_87' title='bbox 2434 1068 2815 1129; x_wconf 87' lang='lat' dir='ltr'><strong>retentionem</strong></span> <span class='ocrx_word' id='word_1_88' title='bbox 2862 1082 2971 1142; x_wconf 87' lang='lat' dir='ltr'><strong>po-</strong></span> 
     </span>
     <span class='ocr_line' id='line_1_10' title="bbox 555 1143 2972 1231; baseline -0.004 -20"><span class='ocrx_word' id='word_1_89' title='bbox 555 1153 681 1231; x_wconf 81' lang='lat' dir='ltr'><strong>puli</strong></span> <span class='ocrx_word' id='word_1_90' title='bbox 712 1152 1052 1212; x_wconf 85' lang='lat' dir='ltr'><strong>intenderet.</strong></span> <span class='ocrx_word' id='word_1_91' title='bbox 1135 1152 1179 1213; x_wconf 88' lang='lat' dir='ltr'><strong>J</strong></span> <span class='ocrx_word' id='word_1_92' title='bbox 1183 1154 1330 1212; x_wconf 88' lang='lat' dir='ltr'><strong>ussit</strong></span> <span class='ocrx_word' id='word_1_93' title='bbox 1374 1153 1777 1212; x_wconf 86' lang='lat' dir='ltr'><strong>Abrahamum</strong></span> <span class='ocrx_word' id='word_1_94' title='bbox 1825 1152 2029 1212; x_wconf 84' lang='lat' dir='ltr'><strong>offerre</strong></span> <span class='ocrx_word' id='word_1_95' title='bbox 2070 1152 2273 1227; x_wconf 89' lang='lat' dir='ltr'><strong>filium,</strong></span> <span class='ocrx_word' id='word_1_96' title='bbox 2321 1169 2431 1209; x_wconf 89' lang='lat' dir='ltr'><strong>nec</strong></span> <span class='ocrx_word' id='word_1_97' title='bbox 2476 1158 2673 1209; x_wconf 89' lang='lat' dir='ltr'><strong>tamen</strong></span> <span class='ocrx_word' id='word_1_98' title='bbox 2714 1143 2972 1205; x_wconf 88' lang='lat' dir='ltr'><strong>intendit</strong></span> 
     </span>
     <span class='ocr_line' id='line_1_11' title="bbox 557 1224 2969 1311; baseline -0.004 -20"><span class='ocrx_word' id='word_1_99' title='bbox 557 1234 684 1309; x_wconf 89' lang='lat' dir='ltr'><strong>ejus</strong></span> <span class='ocrx_word' id='word_1_100' title='bbox 712 1232 1195 1309; x_wconf 84' lang='lat' dir='ltr'><strong>immolationem3</strong></span> <span class='ocrx_word' id='word_1_101' title='bbox 1239 1232 1285 1293; x_wconf 87' lang='lat' dir='ltr'><strong>J</strong></span> <span class='ocrx_word' id='word_1_102' title='bbox 1285 1233 1426 1295; x_wconf 90' lang='lat' dir='ltr'><strong>ubet</strong></span> <span class='ocrx_word' id='word_1_103' title='bbox 1451 1251 1653 1292; x_wconf 85' lang='lat' dir='ltr'><strong>omnes</strong></span> <span class='ocrx_word' id='word_1_104' title='bbox 1702 1232 1923 1311; x_wconf 85' lang='lat' dir='ltr'><strong>Legem</strong></span> <span class='ocrx_word' id='word_1_105' title='bbox 1966 1232 2221 1311; x_wconf 88' lang='lat' dir='ltr'><strong>implere,</strong></span> <span class='ocrx_word' id='word_1_106' title='bbox 2272 1230 2431 1309; x_wconf 88' lang='lat' dir='ltr'><strong>quod</strong></span> <span class='ocrx_word' id='word_1_107' title='bbox 2471 1237 2668 1289; x_wconf 89' lang='lat' dir='ltr'><strong>tamen</strong></span> <span class='ocrx_word' id='word_1_108' title='bbox 2714 1245 2833 1284; x_wconf 90' lang='lat' dir='ltr'><strong>non</strong></span> <span class='ocrx_word' id='word_1_109' title='bbox 2877 1224 2969 1282; x_wconf 86' lang='lat' dir='ltr'><strong>in·</strong></span> 
     </span>
     <span class='ocr_line' id='line_1_12' title="bbox 555 1306 2967 1390; baseline -0.004 -19"><span class='ocrx_word' id='word_1_110' title='bbox 555 1311 760 1371; x_wconf 84' lang='lat' dir='ltr'><strong>tendit.</strong></span> <span class='ocrx_word' id='word_1_111' title='bbox 847 1312 932 1371; x_wconf 89' lang='lat' dir='ltr'><strong>Ut</strong></span> <span class='ocrx_word' id='word_1_112' title='bbox 958 1330 1097 1389; x_wconf 90' lang='lat' dir='ltr'><strong>ergo</strong></span> <span class='ocrx_word' id='word_1_113' title='bbox 1125 1332 1202 1374; x_wconf 88' lang='lat' dir='ltr'><strong>ex</strong></span> <span class='ocrx_word' id='word_1_114' title='bbox 1229 1312 1502 1372; x_wconf 85' lang='lat' dir='ltr'><strong>mandato</strong></span> <span class='ocrx_word' id='word_1_115' title='bbox 1532 1311 1713 1390; x_wconf 84' lang='lat' dir='ltr'><strong>Legis</strong></span> <span class='ocrx_word' id='word_1_116' title='bbox 1738 1312 2064 1389; x_wconf 60' lang='lat' dir='ltr'><strong>implendae,</strong></span> <span class='ocrx_word' id='word_1_117' title='bbox 2094 1311 2245 1370; x_wconf 89' lang='lat' dir='ltr'><strong>male</strong></span> <span class='ocrx_word' id='word_1_118' title='bbox 2273 1309 2517 1386; x_wconf 85' lang='lat' dir='ltr'><strong>colligas</strong></span> <span class='ocrx_word' id='word_1_119' title='bbox 2558 1307 2749 1366; x_wconf 86' lang='lat' dir='ltr'><strong>Deum</strong></span> <span class='ocrx_word' id='word_1_120' title='bbox 2776 1306 2967 1364; x_wconf 88' lang='lat' dir='ltr'><strong>inten-</strong></span> 
     </span>
     <span class='ocr_line' id='line_1_13' title="bbox 554 1386 2971 1467; baseline -0.003 -18"><span class='ocrx_word' id='word_1_121' title='bbox 554 1391 691 1450; x_wconf 90' lang='lat' dir='ltr'><strong>dere</strong></span> <span class='ocrx_word' id='word_1_122' title='bbox 719 1389 1108 1449; x_wconf 82' lang='lat' dir='ltr'><strong>omnimodam</strong></span> <span class='ocrx_word' id='word_1_123' title='bbox 1137 1392 1504 1452; x_wconf 81' lang='lat' dir='ltr'><strong>sanctitatem</strong></span> <span class='ocrx_word' id='word_1_124' title='bbox 1530 1392 1846 1467; x_wconf 89' lang='lat' dir='ltr'><strong>hominum,</strong></span> <span class='ocrx_word' id='word_1_125' title='bbox 1878 1400 1937 1449; x_wconf 89' lang='lat' dir='ltr'><strong>et</strong></span> <span class='ocrx_word' id='word_1_126' title='bbox 1964 1412 2039 1450; x_wconf 84' lang='lat' dir='ltr'><strong>ex</strong></span> <span class='ocrx_word' id='word_1_127' title='bbox 2066 1410 2138 1451; x_wconf 88' lang='lat' dir='ltr'><strong>ea</strong></span> <span class='ocrx_word' id='word_1_128' title='bbox 2172 1410 2373 1449; x_wconf 84' lang='lat' dir='ltr'><strong>eorum</strong></span> <span class='ocrx_word' id='word_1_129' title='bbox 2404 1386 2881 1467; x_wconf 85' lang='lat' dir='ltr'><strong>justificationem</strong></span> <span class='ocrx_word' id='word_1_130' title='bbox 2906 1388 2971 1443; x_wconf 89' lang='lat' dir='ltr'><strong>et</strong></span> 
     </span>
     <span class='ocr_line' id='line_1_14' title="bbox 554 1463 2969 1549; baseline -0.001 -19"><span class='ocrx_word' id='word_1_131' title='bbox 554 1471 772 1547; x_wconf 83' lang='lat' dir='ltr'><strong>vitam;</strong></span> <span class='ocrx_word' id='word_1_132' title='bbox 817 1471 912 1531; x_wconf 87' lang='lat' dir='ltr'><strong>Ita</strong></span> <span class='ocrx_word' id='word_1_133' title='bbox 937 1491 1016 1530; x_wconf 81' lang='lat' dir='ltr'><strong>ex</strong></span> <span class='ocrx_word' id='word_1_134' title='bbox 1040 1470 1314 1531; x_wconf 85' lang='lat' dir='ltr'><strong>mandato</strong></span> <span class='ocrx_word' id='word_1_135' title='bbox 1341 1470 1614 1530; x_wconf 86' lang='lat' dir='ltr'><strong>credendi</strong></span> <span class='ocrx_word' id='word_1_136' title='bbox 1641 1480 1701 1530; x_wconf 85' lang='lat' dir='ltr'><strong>et</strong></span> <span class='ocrx_word' id='word_1_137' title='bbox 1724 1471 2117 1549; x_wconf 81' lang='lat' dir='ltr'><strong>resipiscendi,</strong></span> <span class='ocrx_word' id='word_1_138' title='bbox 2157 1469 2390 1529; x_wconf 90' lang='lat' dir='ltr'><strong>nonnisi</strong></span> <span class='ocrx_word' id='word_1_139' title='bbox 2414 1486 2713 1546; x_wconf 75' lang='lat' dir='ltr'><strong>perperam</strong></span> <span class='ocrx_word' id='word_1_140' title='bbox 2752 1463 2969 1527; x_wconf 71' lang='lat' dir='ltr'><strong>inferas</strong></span> 
     </span>
     <span class='ocr_line' id='line_1_15' title="bbox 558 1548 2971 1629; baseline -0.003 -21"><span class='ocrx_word' id='word_1_141' title='bbox 558 1551 750 1609; x_wconf 90' lang='lat' dir='ltr'><strong>Deum</strong></span> <span class='ocrx_word' id='word_1_142' title='bbox 776 1570 846 1611; x_wconf 90' lang='lat' dir='ltr'><strong>eo</strong></span> <span class='ocrx_word' id='word_1_143' title='bbox 873 1550 1000 1627; x_wconf 88' lang='lat' dir='ltr'><strong>ipso</strong></span> <span class='ocrx_word' id='word_1_144' title='bbox 1028 1549 1327 1611; x_wconf 85' lang='lat' dir='ltr'><strong>intendere</strong></span> <span class='ocrx_word' id='word_1_145' title='bbox 1351 1550 1527 1609; x_wconf 88' lang='lat' dir='ltr'><strong>fidem</strong></span> <span class='ocrx_word' id='word_1_146' title='bbox 1567 1558 1628 1609; x_wconf 87' lang='lat' dir='ltr'><strong>et</strong></span> <span class='ocrx_word' id='word_1_147' title='bbox 1654 1550 2125 1629; x_wconf 79' lang='lat' dir='ltr'><strong>resipiscentiam,</strong></span> <span class='ocrx_word' id='word_1_148' title='bbox 2176 1549 2434 1627; x_wconf 85' lang='lat' dir='ltr'><strong>adeoque</strong></span> <span class='ocrx_word' id='word_1_149' title='bbox 2478 1548 2723 1607; x_wconf 88' lang='lat' dir='ltr'><strong>salutem</strong></span> <span class='ocrx_word' id='word_1_150' title='bbox 2768 1562 2971 1603; x_wconf 88' lang='lat' dir='ltr'><strong>eorum</strong></span> 
     </span>
     <span class='ocr_line' id='line_1_16' title="bbox 557 1622 2970 1707; baseline -0.003 -19"><span class='ocrx_word' id='word_1_151' title='bbox 557 1630 831 1704; x_wconf 88' lang='lat' dir='ltr'><strong>omnium,</strong></span> <span class='ocrx_word' id='word_1_152' title='bbox 862 1629 938 1687; x_wconf 85' lang='lat' dir='ltr'><strong>ad</strong></span> <span class='ocrx_word' id='word_1_153' title='bbox 964 1648 1112 1707; x_wconf 88' lang='lat' dir='ltr'><strong>quos</strong></span> <span class='ocrx_word' id='word_1_154' title='bbox 1137 1629 1254 1689; x_wconf 87' lang='lat' dir='ltr'><strong>tale</strong></span> <span class='ocrx_word' id='word_1_155' title='bbox 1281 1630 1616 1689; x_wconf 69' lang='lat' dir='ltr'><strong>mandatiun</strong></span> <span class='ocrx_word' id='word_1_156' title='bbox 1662 1638 1901 1690; x_wconf 86' lang='lat' dir='ltr'><strong>externe</strong></span> <span class='ocrx_word' id='word_1_157' title='bbox 1944 1629 2360 1707; x_wconf 83' lang='lat' dir='ltr'><strong>promulgatur.</strong></span> <span class='ocrx_word' id='word_1_158' title='bbox 2431 1627 2599 1687; x_wconf 90' lang='lat' dir='ltr'><strong>Licet</strong></span> <span class='ocrx_word' id='word_1_159' title='bbox 2644 1644 2786 1685; x_wconf 82' lang='lat' dir='ltr'><strong>vero</strong></span> <span class='ocrx_word' id='word_1_160' title='bbox 2830 1622 2970 1681; x_wconf 85' lang='lat' dir='ltr'><strong>finis</strong></span> 
     </span>
     <span class='ocr_line' id='line_1_17' title="bbox 558 1704 2969 1787; baseline -0.002 -20"><span class='ocrx_word' id='word_1_161' title='bbox 558 1709 816 1768; x_wconf 87' lang='lat' dir='ltr'><strong>mandati</strong></span> <span class='ocrx_word' id='word_1_162' title='bbox 843 1710 902 1766; x_wconf 80' lang='lat' dir='ltr'><strong>in</strong></span> <span class='ocrx_word' id='word_1_163' title='bbox 927 1718 1060 1767; x_wconf 79' lang='lat' dir='ltr'><strong>actu</strong></span> <span class='ocrx_word' id='word_1_164' title='bbox 1083 1710 1306 1785; x_wconf 70' lang='lat' dir='ltr'><strong>siqnato</strong></span> <span class='ocrx_word' id='word_1_165' title='bbox 1331 1717 1392 1769; x_wconf 90' lang='lat' dir='ltr'><strong>et</strong></span> <span class='ocrx_word' id='word_1_166' title='bbox 1417 1729 1492 1769; x_wconf 67' lang='grc' dir='ltr'><strong>ιω</strong></span> <span class='ocrx_word' id='word_1_167' title='bbox 1507 1718 1684 1785; x_wconf 78' lang='lat' dir='ltr'><strong>parte</strong></span> <span class='ocrx_word' id='word_1_168' title='bbox 1708 1710 1799 1769; x_wconf 84' lang='lat' dir='ltr'><strong>rei</strong></span> <span class='ocrx_word' id='word_1_169' title='bbox 1820 1710 2005 1787; x_wconf 88' lang='lat' dir='ltr'><strong>possit</strong></span> <span class='ocrx_word' id='word_1_170' title='bbox 2031 1709 2163 1784; x_wconf 91' lang='lat' dir='ltr'><strong>dici,</strong></span> <span class='ocrx_word' id='word_1_171' title='bbox 2192 1717 2260 1768; x_wconf 89' lang='lat' dir='ltr'><strong>ut</strong></span> <span class='ocrx_word' id='word_1_172' title='bbox 2286 1707 2375 1765; x_wconf 85' lang='lat' dir='ltr'><strong>illi</strong></span> <span class='ocrx_word' id='word_1_173' title='bbox 2394 1706 2630 1766; x_wconf 83' lang='lat' dir='ltr'><strong>credant</strong></span> <span class='ocrx_word' id='word_1_174' title='bbox 2656 1713 2717 1763; x_wconf 90' lang='lat' dir='ltr'><strong>et</strong></span> <span class='ocrx_word' id='word_1_175' title='bbox 2733 1704 2969 1781; x_wconf 83' lang='lat' dir='ltr'><strong>resipis·</strong></span> 
     </span>
     <span class='ocr_line' id='line_1_18' title="bbox 557 1785 2971 1866; baseline -0.003 -19"><span class='ocrx_word' id='word_1_176' title='bbox 557 1797 708 1864; x_wconf 87' lang='lat' dir='ltr'><strong>cant,</strong></span> <span class='ocrx_word' id='word_1_177' title='bbox 740 1796 934 1847; x_wconf 87' lang='lat' dir='ltr'><strong>tamen</strong></span> <span class='ocrx_word' id='word_1_178' title='bbox 977 1790 1157 1847; x_wconf 88' lang='lat' dir='ltr'><strong>statui</strong></span> <span class='ocrx_word' id='word_1_179' title='bbox 1183 1788 1386 1866; x_wconf 87' lang='lat' dir='ltr'><strong>nequit</strong></span> <span class='ocrx_word' id='word_1_180' title='bbox 1409 1789 1566 1849; x_wconf 90' lang='lat' dir='ltr'><strong>hunc</strong></span> <span class='ocrx_word' id='word_1_181' title='bbox 1592 1808 1720 1849; x_wconf 88' lang='lat' dir='ltr'><strong>esse</strong></span> <span class='ocrx_word' id='word_1_182' title='bbox 1746 1790 1921 1848; x_wconf 88' lang='lat' dir='ltr'><strong>finem</strong></span> <span class='ocrx_word' id='word_1_183' title='bbox 1947 1790 2233 1849; x_wconf 87' lang='lat' dir='ltr'><strong>intentum</strong></span> <span class='ocrx_word' id='word_1_184' title='bbox 2260 1808 2297 1845; x_wconf 91' lang='lat' dir='ltr'><strong>a</strong></span> <span class='ocrx_word' id='word_1_185' title='bbox 2312 1796 2487 1864; x_wconf 79' lang='lat' dir='ltr'><strong>parte</strong></span> <span class='ocrx_word' id='word_1_186' title='bbox 2508 1785 2627 1845; x_wconf 79' lang='lat' dir='ltr'><strong>Dei</strong></span> <span class='ocrx_word' id='word_1_187' title='bbox 2650 1793 2709 1843; x_wconf 90' lang='lat' dir='ltr'><strong>et</strong></span> <span class='ocrx_word' id='word_1_188' title='bbox 2734 1786 2795 1841; x_wconf 79' lang='lat' dir='ltr'><strong>in</strong></span> <span class='ocrx_word' id='word_1_189' title='bbox 2836 1790 2971 1841; x_wconf 69' lang='lat' dir='ltr'><strong>actu</strong></span> 
     </span>
     <span class='ocr_line' id='line_1_19' title="bbox 558 1862 2972 1945; baseline -0.003 -18"><span class='ocrx_word' id='word_1_190' title='bbox 558 1873 818 1943; x_wconf 76' lang='lat' dir='ltr'><strong>exercito,</strong></span> <span class='ocrx_word' id='word_1_191' title='bbox 849 1868 985 1945; x_wconf 85' lang='lat' dir='ltr'><strong>quia</strong></span> <span class='ocrx_word' id='word_1_192' title='bbox 1013 1868 1065 1926; x_wconf 92' lang='lat' dir='ltr'><strong>si</strong></span> <span class='ocrx_word' id='word_1_193' title='bbox 1103 1869 1214 1927; x_wconf 90' lang='lat' dir='ltr'><strong>hoc</strong></span> <span class='ocrx_word' id='word_1_194' title='bbox 1252 1868 1614 1944; x_wconf 87' lang='lat' dir='ltr'><strong>intenderet,.</strong></span> <span class='ocrx_word' id='word_1_195' title='bbox 1641 1869 1834 1929; x_wconf 88' lang='lat' dir='ltr'><strong>media</strong></span> <span class='ocrx_word' id='word_1_196' title='bbox 1878 1869 2203 1928; x_wconf 87' lang='lat' dir='ltr'><strong>necessaria</strong></span> <span class='ocrx_word' id='word_1_197' title='bbox 2234 1874 2569 1945; x_wconf 88' lang='lat' dir='ltr'><strong>procuraret</strong></span> <span class='ocrx_word' id='word_1_198' title='bbox 2612 1873 2672 1923; x_wconf 87' lang='lat' dir='ltr'><strong>et</strong></span> <span class='ocrx_word' id='word_1_199' title='bbox 2719 1862 2972 1923; x_wconf 87' lang='lat' dir='ltr'><strong>efficeret</strong></span> 
     </span>
     <span class='ocr_line' id='line_1_20' title="bbox 560 1941 2972 2026; baseline -0.004 -17"><span class='ocrx_word' id='word_1_200' title='bbox 560 1948 772 2025; x_wconf 88' lang='lat' dir='ltr'><strong>quibus</strong></span> <span class='ocrx_word' id='word_1_201' title='bbox 807 1948 919 2007; x_wconf 89' lang='lat' dir='ltr'><strong>hoc</strong></span> <span class='ocrx_word' id='word_1_202' title='bbox 962 1956 1380 2026; x_wconf 85' lang='lat' dir='ltr'><strong>assequeretur.</strong></span> <span class='ocrx_word' id='word_1_203' title='bbox 1493 1949 1857 2026; x_wconf 66' lang='lat' dir='ltr'><strong>Praeceptum</strong></span> <span class='ocrx_word' id='word_1_204' title='bbox 1902 1968 2043 2026; x_wconf 87' lang='lat' dir='ltr'><strong>ergo</strong></span> <span class='ocrx_word' id='word_1_205' title='bbox 2086 1946 2376 2025; x_wconf 85' lang='lat' dir='ltr'><strong>significat</strong></span> <span class='ocrx_word' id='word_1_206' title='bbox 2420 1946 2610 2007; x_wconf 90' lang='lat' dir='ltr'><strong>Deum</strong></span> <span class='ocrx_word' id='word_1_207' title='bbox 2658 1962 2861 2004; x_wconf 81' lang='lat' dir='ltr'><strong>revera</strong></span> <span class='ocrx_word' id='word_1_208' title='bbox 2908 1941 2972 2000; x_wconf 90' lang='lat' dir='ltr'><strong>id</strong></span> 
     </span>
     <span class='ocr_line' id='line_1_21' title="bbox 559 2022 2975 2105; baseline -0.002 -20"><span class='ocrx_word' id='word_1_209' title='bbox 559 2028 712 2087; x_wconf 86' lang='lat' dir='ltr'><strong>velle</strong></span> <span class='ocrx_word' id='word_1_210' title='bbox 739 2027 908 2086; x_wconf 88' lang='lat' dir='ltr'><strong>nobis</strong></span> <span class='ocrx_word' id='word_1_211' title='bbox 934 2028 1261 2105; x_wconf 75' lang='lat' dir='ltr'><strong>praecipere,</strong></span> <span class='ocrx_word' id='word_1_212' title='bbox 1293 2027 1399 2087; x_wconf 88' lang='lat' dir='ltr'><strong>sed</strong></span> <span class='ocrx_word' id='word_1_213' title='bbox 1424 2047 1542 2088; x_wconf 89' lang='lat' dir='ltr'><strong>non</strong></span> <span class='ocrx_word' id='word_1_214' title='bbox 1569 2030 1764 2088; x_wconf 70' lang='lat' dir='ltr'><strong>statim</strong></span> <span class='ocrx_word' id='word_1_215' title='bbox 1794 2028 1983 2087; x_wconf 86' lang='lat' dir='ltr'><strong>Deum</strong></span> <span class='ocrx_word' id='word_1_216' title='bbox 2011 2047 2213 2087; x_wconf 82' lang='lat' dir='ltr'><strong>revera</strong></span> <span class='ocrx_word' id='word_1_217' title='bbox 2239 2027 2391 2086; x_wconf 79' lang='lat' dir='ltr'><strong>velle</strong></span> <span class='ocrx_word' id='word_1_218' title='bbox 2419 2046 2521 2087; x_wconf 89' lang='lat' dir='ltr'><strong>seu</strong></span> <span class='ocrx_word' id='word_1_219' title='bbox 2558 2022 2875 2099; x_wconf 86' lang='lat' dir='ltr'><strong>intendere,</strong></span> <span class='ocrx_word' id='word_1_220' title='bbox 2903 2030 2975 2081; x_wconf 84' lang='lat' dir='ltr'><strong>ut</strong></span> 
     </span>
     <span class='ocr_line' id='line_1_22' title="bbox 559 2103 2971 2187; baseline -0.002 -21"><span class='ocrx_word' id='word_1_221' title='bbox 559 2107 625 2166; x_wconf 91' lang='lat' dir='ltr'><strong>id</strong></span> <span class='ocrx_word' id='word_1_222' title='bbox 651 2106 808 2185; x_wconf 90' lang='lat' dir='ltr'><strong>quod</strong></span> <span class='ocrx_word' id='word_1_223' title='bbox 853 2106 1161 2167; x_wconf 89' lang='lat' dir='ltr'><strong>mandatur</strong></span> <span class='ocrx_word' id='word_1_224' title='bbox 1207 2108 1456 2167; x_wconf 84' lang='lat' dir='ltr'><strong>eveniat.</strong></span> <span class='ocrx_word' id='word_1_225' title='bbox 1541 2108 1666 2167; x_wconf 88' lang='lat' dir='ltr'><strong>Nec</strong></span> <span class='ocrx_word' id='word_1_226' title='bbox 1707 2109 1823 2167; x_wconf 88' lang='lat' dir='ltr'><strong>huc</strong></span> <span class='ocrx_word' id='word_1_227' title='bbox 1862 2108 2111 2187; x_wconf 86' lang='lat' dir='ltr'><strong>pertinet</strong></span> <span class='ocrx_word' id='word_1_228' title='bbox 2149 2106 2481 2185; x_wconf 82' lang='lat' dir='ltr'><strong>exemplum</strong></span> <span class='ocrx_word' id='word_1_229' title='bbox 2523 2103 2971 2181; x_wconf 70' lang='lat' dir='ltr'><strong>Legislatomm,</strong></span> 
     </span>
     <span class='ocr_line' id='line_1_23' title="bbox 553 2182 2973 2265; baseline -0.002 -20"><span class='ocrx_word' id='word_1_230' title='bbox 553 2187 664 2265; x_wconf 26' lang='lat' dir='ltr'><strong>‘qui</strong></span> <span class='ocrx_word' id='word_1_231' title='bbox 690 2187 896 2245; x_wconf 83' lang='lat' dir='ltr'><strong>volunt</strong></span> <span class='ocrx_word' id='word_1_232' title='bbox 923 2194 982 2247; x_wconf 92' lang='lat' dir='ltr'><strong>et</strong></span> <span class='ocrx_word' id='word_1_233' title='bbox 1007 2186 1332 2263; x_wconf 86' lang='lat' dir='ltr'><strong>intendunt,</strong></span> <span class='ocrx_word' id='word_1_234' title='bbox 1364 2196 1642 2265; x_wconf 88' lang='lat' dir='ltr'><strong>quantum</strong></span> <span class='ocrx_word' id='word_1_235' title='bbox 1671 2187 1735 2247; x_wconf 90' lang='lat' dir='ltr'><strong>in</strong></span> <span class='ocrx_word' id='word_1_236' title='bbox 1772 2208 1835 2247; x_wconf 88' lang='lat' dir='ltr'><strong>se</strong></span> <span class='ocrx_word' id='word_1_237' title='bbox 1882 2197 1989 2263; x_wconf 89' lang='lat' dir='ltr'><strong>est,</strong></span> <span class='ocrx_word' id='word_1_238' title='bbox 2040 2208 2110 2247; x_wconf 91' lang='lat' dir='ltr'><strong>ea</strong></span> <span class='ocrx_word' id='word_1_239' title='bbox 2156 2207 2288 2264; x_wconf 76' lang='lat' dir='ltr'><strong>quse</strong></span> <span class='ocrx_word' id='word_1_240' title='bbox 2334 2186 2561 2245; x_wconf 83' lang='lat' dir='ltr'><strong>civibus</strong></span> <span class='ocrx_word' id='word_1_241' title='bbox 2602 2184 2723 2243; x_wconf 87' lang='lat' dir='ltr'><strong>suis</strong></span> <span class='ocrx_word' id='word_1_242' title='bbox 2768 2182 2973 2261; x_wconf 72' lang='lat' dir='ltr'><strong>praeci·</strong></span> 
     </span>
     <span class='ocr_line' id='line_1_24' title="bbox 562 2263 2979 2345; baseline -0.002 -19"><span class='ocrx_word' id='word_1_243' title='bbox 562 2268 768 2345; x_wconf 88' lang='lat' dir='ltr'><strong>piunt;</strong></span> <span class='ocrx_word' id='word_1_244' title='bbox 812 2267 950 2343; x_wconf 90' lang='lat' dir='ltr'><strong>quia</strong></span> <span class='ocrx_word' id='word_1_245' title='bbox 975 2267 1038 2325; x_wconf 83' lang='lat' dir='ltr'><strong>in</strong></span> <span class='ocrx_word' id='word_1_246' title='bbox 1065 2266 1182 2326; x_wconf 84' lang='lat' dir='ltr'><strong>illis</strong></span> <span class='ocrx_word' id='word_1_247' title='bbox 1209 2286 1328 2327; x_wconf 88' lang='lat' dir='ltr'><strong>non</strong></span> <span class='ocrx_word' id='word_1_248' title='bbox 1364 2274 1558 2345; x_wconf 87' lang='lat' dir='ltr'><strong>potest</strong></span> <span class='ocrx_word' id='word_1_249' title='bbox 1599 2267 1883 2345; x_wconf 84' lang='lat' dir='ltr'><strong>distingui</strong></span> <span class='ocrx_word' id='word_1_250' title='bbox 1923 2275 1989 2326; x_wconf 88' lang='lat' dir='ltr'><strong>ut</strong></span> <span class='ocrx_word' id='word_1_251' title='bbox 2030 2268 2093 2325; x_wconf 92' lang='lat' dir='ltr'><strong>in</strong></span> <span class='ocrx_word' id='word_1_252' title='bbox 2143 2267 2287 2341; x_wconf 89' lang='lat' dir='ltr'><strong>Deo,</strong></span> <span class='ocrx_word' id='word_1_253' title='bbox 2332 2267 2607 2326; x_wconf 83' lang='lat' dir='ltr'><strong>voluntas</strong></span> <span class='ocrx_word' id='word_1_254' title='bbox 2648 2263 2869 2324; x_wconf 88' lang='lat' dir='ltr'><strong>decreti</strong></span> <span class='ocrx_word' id='word_1_255' title='bbox 2912 2270 2979 2321; x_wconf 85' lang='lat' dir='ltr'><strong>et</strong></span> 
     </span>
     <span class='ocr_line' id='line_1_25' title="bbox 561 2342 2977 2485; baseline -0.002 -81"><span class='ocrx_word' id='word_1_256' title='bbox 561 2347 853 2485; x_wconf 62' lang='lat' dir='ltr'><strong>tpraecepti,</strong></span> <span class='ocrx_word' id='word_1_257' title='bbox 850 2366 980 2485; x_wconf 59' lang='lat' dir='ltr'>1¹31oe</span> <span class='ocrx_word' id='word_1_258' title='bbox 997 2346 1050 2407; x_wconf 88' lang='lat' dir='ltr'><strong>si</strong></span> <span class='ocrx_word' id='word_1_259' title='bbox 1069 2347 1322 2407; x_wconf 79' lang='lat' dir='ltr'><strong>maxime</strong></span> <span class='ocrx_word' id='word_1_260' title='bbox 1348 2346 1571 2407; x_wconf 84' lang='lat' dir='ltr'><strong>vellent</strong></span> <span class='ocrx_word' id='word_1_261' title='bbox 1594 2366 1720 2407; x_wconf 90' lang='lat' dir='ltr'><strong>rem</strong></span> <span class='ocrx_word' id='word_1_262' title='bbox 1739 2346 2016 2426; x_wconf 78' lang='lat' dir='ltr'><strong>praestari,</strong></span> <span class='ocrx_word' id='word_1_263' title='bbox 2049 2348 2323 2407; x_wconf 90' lang='lat' dir='ltr'><strong>continuo</strong></span> <span class='ocrx_word' id='word_1_264' title='bbox 2350 2346 2413 2407; x_wconf 89' lang='lat' dir='ltr'><strong>id</strong></span> <span class='ocrx_word' id='word_1_265' title='bbox 2439 2352 2675 2424; x_wconf 87' lang='lat' dir='ltr'><strong>possent</strong></span> <span class='ocrx_word' id='word_1_266' title='bbox 2702 2342 2977 2403; x_wconf 84' lang='lat' dir='ltr'><strong>effectum</strong></span> 
     </span>
     <span class='ocr_line' id='line_1_26' title="bbox 607 2435 1030 2501; baseline -0.002 -15"><span class='ocrx_word' id='word_1_267' title='bbox 607 2446 722 2501; x_wconf 86' lang='lat' dir='ltr'><strong>are,</strong></span> <span class='ocrx_word' id='word_1_268' title='bbox 754 2435 822 2485; x_wconf 88' lang='lat' dir='ltr'><strong>ut</strong></span> <span class='ocrx_word' id='word_1_269' title='bbox 908 2446 1030 2486; x_wconf 86' lang='lat' dir='ltr'><strong>eus.</strong></span> 
     </span>
    </p>

    <p class='ocr_par' dir='ltr' id='par_1_3' title="bbox 554 2501 2981 3522">
     <span class='ocr_line' id='line_1_27' title="bbox 643 2501 2975 2586; baseline -0.003 -21"><span class='ocrx_word' id='word_1_270' title='bbox 643 2505 855 2565; x_wconf 85' lang='lat' dir='ltr'>XLII.</span> <span class='ocrx_word' id='word_1_271' title='bbox 899 2507 1072 2565; x_wconf 72' lang='lat' dir='ltr'><strong>Fides</strong></span> <span class='ocrx_word' id='word_1_272' title='bbox 1092 2516 1148 2565; x_wconf 81' lang='lat' dir='ltr'><strong>et</strong></span> <span class='ocrx_word' id='word_1_273' title='bbox 1161 2506 1492 2583; x_wconf 63' lang='lat' dir='ltr'><strong>paenitentia</strong></span> <span class='ocrx_word' id='word_1_274' title='bbox 1515 2513 1763 2586; x_wconf 88' lang='lat' dir='ltr'><strong>possunt</strong></span> <span class='ocrx_word' id='word_1_275' title='bbox 1808 2506 2175 2583; x_wconf 87' lang='lat' dir='ltr'><strong>considerari,</strong></span> <span class='ocrx_word' id='word_1_276' title='bbox 2204 2506 2303 2565; x_wconf 85' lang='lat' dir='ltr'><strong>vel</strong></span> <span class='ocrx_word' id='word_1_277' title='bbox 2346 2513 2413 2565; x_wconf 90' lang='lat' dir='ltr'><strong>ut</strong></span> <span class='ocrx_word' id='word_1_278' title='bbox 2448 2504 2725 2582; x_wconf 61' lang='lat' dir='ltr'><strong>praestita</strong></span> <span class='ocrx_word' id='word_1_279' title='bbox 2770 2511 2827 2561; x_wconf 81' lang='lat' dir='ltr'><strong>et</strong></span> <span class='ocrx_word' id='word_1_280' title='bbox 2866 2501 2975 2559; x_wconf 85' lang='lat' dir='ltr'><strong>im·</strong></span> 
     </span>
     <span class='ocr_line' id='line_1_28' title="bbox 554 2584 2979 2664; baseline -0.002 -18"><span class='ocrx_word' id='word_1_281' title='bbox 554 2590 731 2664; x_wconf 78' lang='lat' dir='ltr'><strong>pletoe</strong></span> <span class='ocrx_word' id='word_1_282' title='bbox 757 2586 821 2644; x_wconf 92' lang='lat' dir='ltr'><strong>in</strong></span> <span class='ocrx_word' id='word_1_283' title='bbox 847 2585 1095 2662; x_wconf 89' lang='lat' dir='ltr'><strong>homine,</strong></span> <span class='ocrx_word' id='word_1_284' title='bbox 1125 2585 1206 2647; x_wconf 90' lang='lat' dir='ltr'><strong>id.</strong></span> <span class='ocrx_word' id='word_1_285' title='bbox 1249 2587 1312 2646; x_wconf 92' lang='lat' dir='ltr'><strong>in</strong></span> <span class='ocrx_word' id='word_1_286' title='bbox 1352 2606 1478 2647; x_wconf 87' lang='lat' dir='ltr'><strong>esse</strong></span> <span class='ocrx_word' id='word_1_287' title='bbox 1521 2608 1626 2648; x_wconf 84' lang='lat' dir='ltr'><strong>suo</strong></span> <span class='ocrx_word' id='word_1_288' title='bbox 1667 2587 1895 2648; x_wconf 86' lang='lat' dir='ltr'><strong>formali</strong></span> <span class='ocrx_word' id='word_1_289' title='bbox 1934 2595 1995 2647; x_wconf 88' lang='lat' dir='ltr'><strong>et</strong></span> <span class='ocrx_word' id='word_1_290' title='bbox 2034 2586 2316 2663; x_wconf 84' lang='lat' dir='ltr'><strong>absoluto,</strong></span> <span class='ocrx_word' id='word_1_291' title='bbox 2360 2593 2420 2645; x_wconf 87' lang='lat' dir='ltr'><strong>et</strong></span> <span class='ocrx_word' id='word_1_292' title='bbox 2459 2592 2630 2663; x_wconf 91' lang='lat' dir='ltr'><strong>prout</strong></span> <span class='ocrx_word' id='word_1_293' title='bbox 2670 2584 2833 2643; x_wconf 89' lang='lat' dir='ltr'><strong>Deus</strong></span> <span class='ocrx_word' id='word_1_294' title='bbox 2874 2600 2979 2640; x_wconf 84' lang='lat' dir='ltr'><strong>eas</strong></span> 
     </span>
     <span class='ocr_line' id='line_1_29' title="bbox 563 2665 2979 2745; baseline -0.002 -21"><span class='ocrx_word' id='word_1_295' title='bbox 563 2673 834 2744; x_wconf 86' lang='lat' dir='ltr'><strong>operatur</strong></span> <span class='ocrx_word' id='word_1_296' title='bbox 864 2685 969 2743; x_wconf 89' lang='lat' dir='ltr'><strong>per</strong></span> <span class='ocrx_word' id='word_1_297' title='bbox 998 2665 1276 2742; x_wconf 86' lang='lat' dir='ltr'><strong>Spiritum</strong></span> <span class='ocrx_word' id='word_1_298' title='bbox 1303 2687 1473 2726; x_wconf 89' lang='lat' dir='ltr'><strong>suum</strong></span> <span class='ocrx_word' id='word_1_299' title='bbox 1499 2668 1562 2726; x_wconf 89' lang='lat' dir='ltr'><strong>in</strong></span> <span class='ocrx_word' id='word_1_300' title='bbox 1589 2688 1677 2744; x_wconf 89' lang='lat' dir='ltr'><strong>e0,</strong></span> <span class='ocrx_word' id='word_1_301' title='bbox 1706 2668 1805 2728; x_wconf 86' lang='lat' dir='ltr'><strong>vel</strong></span> <span class='ocrx_word' id='word_1_302' title='bbox 1829 2675 1896 2727; x_wconf 87' lang='lat' dir='ltr'><strong>ut</strong></span> <span class='ocrx_word' id='word_1_303' title='bbox 1910 2677 2217 2745; x_wconf 63' lang='lat' dir='ltr'><strong>praeceptae</strong></span> <span class='ocrx_word' id='word_1_304' title='bbox 2242 2676 2297 2726; x_wconf 79' lang='lat' dir='ltr'><strong>et</strong></span> <span class='ocrx_word' id='word_1_305' title='bbox 2329 2669 2615 2725; x_wconf 66' lang='lat' dir='ltr'><strong>mandato</strong></span> <span class='ocrx_word' id='word_1_306' title='bbox 2638 2671 2882 2738; x_wconf 85' lang='lat' dir='ltr'><strong>tantum,</strong></span> <span class='ocrx_word' id='word_1_307' title='bbox 2912 2671 2979 2720; x_wconf 87' lang='lat' dir='ltr'><strong>et</strong></span> 
     </span>
     <span class='ocr_line' id='line_1_30' title="bbox 555 2743 2976 2825; baseline -0.001 -23"><span class='ocrx_word' id='word_1_308' title='bbox 555 2747 626 2804; x_wconf 84' lang='lat' dir='ltr'><strong>in</strong></span> <span class='ocrx_word' id='word_1_309' title='bbox 655 2765 781 2806; x_wconf 85' lang='lat' dir='ltr'><strong>esse</strong></span> <span class='ocrx_word' id='word_1_310' title='bbox 811 2764 916 2804; x_wconf 89' lang='lat' dir='ltr'><strong>suo</strong></span> <span class='ocrx_word' id='word_1_311' title='bbox 943 2745 1228 2805; x_wconf 84' lang='lat' dir='ltr'><strong>materiali</strong></span> <span class='ocrx_word' id='word_1_312' title='bbox 1253 2754 1313 2806; x_wconf 88' lang='lat' dir='ltr'><strong>et</strong></span> <span class='ocrx_word' id='word_1_313' title='bbox 1338 2747 1721 2822; x_wconf 88' lang='lat' dir='ltr'><strong>intentionali,</strong></span> <span class='ocrx_word' id='word_1_314' title='bbox 1751 2747 1831 2807; x_wconf 87' lang='lat' dir='ltr'><strong>id.</strong></span> <span class='ocrx_word' id='word_1_315' title='bbox 1860 2749 1922 2806; x_wconf 90' lang='lat' dir='ltr'><strong>in</strong></span> <span class='ocrx_word' id='word_1_316' title='bbox 1950 2749 2228 2825; x_wconf 76' lang='lat' dir='ltr'><strong>quantum</strong></span> <span class='ocrx_word' id='word_1_317' title='bbox 2254 2747 2665 2824; x_wconf 69' lang='lat' dir='ltr'><strong>praecipiuntur</strong></span> <span class='ocrx_word' id='word_1_318' title='bbox 2690 2743 2800 2803; x_wconf 88' lang='lat' dir='ltr'><strong>sub</strong></span> <span class='ocrx_word' id='word_1_319' title='bbox 2838 2761 2976 2821; x_wconf 87' lang='lat' dir='ltr'><strong>pro·</strong></span> 
     </span>
     <span class='ocr_line' id='line_1_31' title="bbox 563 2823 2979 2899; baseline -0.002 -15"><span class='ocrx_word' id='word_1_320' title='bbox 563 2827 742 2885; x_wconf 89' lang='lat' dir='ltr'><strong>misso</strong></span> <span class='ocrx_word' id='word_1_321' title='bbox 769 2824 908 2884; x_wconf 73' lang='lat' dir='ltr'><strong>vitae</strong></span> <span class='ocrx_word' id='word_1_322' title='bbox 935 2833 1182 2885; x_wconf 73' lang='lat' dir='ltr'><strong>aeternae.</strong></span> <span class='ocrx_word' id='word_1_323' title='bbox 1268 2826 1457 2886; x_wconf 90' lang='lat' dir='ltr'><strong>Priori</strong></span> <span class='ocrx_word' id='word_1_324' title='bbox 1483 2847 1659 2886; x_wconf 88' lang='lat' dir='ltr'><strong>sensu</strong></span> <span class='ocrx_word' id='word_1_325' title='bbox 1683 2828 1832 2888; x_wconf 86' lang='lat' dir='ltr'><strong>bene</strong></span> <span class='ocrx_word' id='word_1_326' title='bbox 1868 2828 2139 2887; x_wconf 88' lang='lat' dir='ltr'><strong>dicuntur</strong></span> <span class='ocrx_word' id='word_1_327' title='bbox 2184 2827 2373 2886; x_wconf 83' lang='lat' dir='ltr'><strong>media</strong></span> <span class='ocrx_word' id='word_1_328' title='bbox 2412 2827 2499 2886; x_wconf 82' lang='lat' dir='ltr'><strong>ad</strong></span> <span class='ocrx_word' id='word_1_329' title='bbox 2537 2827 2787 2898; x_wconf 76' lang='lat' dir='ltr'><strong>salutem,</strong></span> <span class='ocrx_word' id='word_1_330' title='bbox 2834 2823 2979 2899; x_wconf 88' lang='lat' dir='ltr'><strong>quia</strong></span> 
     </span>
     <span class='ocr_line' id='line_1_32' title="bbox 564 2902 2977 2984; baseline -0.002 -20"><span class='ocrx_word' id='word_1_331' title='bbox 564 2926 668 2983; x_wconf 89' lang='lat' dir='ltr'><strong>per</strong></span> <span class='ocrx_word' id='word_1_332' title='bbox 693 2925 794 2964; x_wconf 84' lang='lat' dir='ltr'><strong>eas</strong></span> <span class='ocrx_word' id='word_1_333' title='bbox 827 2905 984 2965; x_wconf 86' lang='lat' dir='ltr'><strong>salus</strong></span> <span class='ocrx_word' id='word_1_334' title='bbox 1035 2905 1352 2964; x_wconf 88' lang='lat' dir='ltr'><strong>certissime</strong></span> <span class='ocrx_word' id='word_1_335' title='bbox 1393 2907 1718 2983; x_wconf 71' lang='lat' dir='ltr'><strong>obtinetur-3</strong></span> <span class='ocrx_word' id='word_1_336' title='bbox 1763 2907 1867 2966; x_wconf 88' lang='lat' dir='ltr'><strong>sed</strong></span> <span class='ocrx_word' id='word_1_337' title='bbox 1908 2906 2211 2984; x_wconf 87' lang='lat' dir='ltr'><strong>posteriori</strong></span> <span class='ocrx_word' id='word_1_338' title='bbox 2252 2925 2373 2965; x_wconf 90' lang='lat' dir='ltr'><strong>non</strong></span> <span class='ocrx_word' id='word_1_339' title='bbox 2414 2905 2591 2981; x_wconf 89' lang='lat' dir='ltr'><strong>item;</strong></span> <span class='ocrx_word' id='word_1_340' title='bbox 2638 2904 2768 2961; x_wconf 89' lang='lat' dir='ltr'><strong>Imo</strong></span> <span class='ocrx_word' id='word_1_341' title='bbox 2814 2902 2977 2960; x_wconf 84' lang='lat' dir='ltr'><strong>salus</strong></span> 
     </span>
     <span class='ocr_line' id='line_1_33' title="bbox 563 2979 2979 3063; baseline -0.003 -17"><span class='ocrx_word' id='word_1_342' title='bbox 563 2994 704 3046; x_wconf 90' lang='lat' dir='ltr'><strong>tunc</strong></span> <span class='ocrx_word' id='word_1_343' title='bbox 731 2985 958 3063; x_wconf 88' lang='lat' dir='ltr'><strong>proprie</strong></span> <span class='ocrx_word' id='word_1_344' title='bbox 985 3003 1102 3043; x_wconf 90' lang='lat' dir='ltr'><strong>non</strong></span> <span class='ocrx_word' id='word_1_345' title='bbox 1128 2985 1306 3044; x_wconf 89' lang='lat' dir='ltr'><strong>habet</strong></span> <span class='ocrx_word' id='word_1_346' title='bbox 1330 2986 1610 3044; x_wconf 89' lang='lat' dir='ltr'><strong>rationem</strong></span> <span class='ocrx_word' id='word_1_347' title='bbox 1635 2986 1786 3062; x_wconf 85' lang='lat' dir='ltr'><strong>finis,</strong></span> <span class='ocrx_word' id='word_1_348' title='bbox 1818 3007 1989 3063; x_wconf 88' lang='lat' dir='ltr'><strong>quem</strong></span> <span class='ocrx_word' id='word_1_349' title='bbox 2016 2986 2281 3046; x_wconf 87' lang='lat' dir='ltr'><strong>intendat</strong></span> <span class='ocrx_word' id='word_1_350' title='bbox 2304 2985 2405 3044; x_wconf 88' lang='lat' dir='ltr'><strong>ille</strong></span> <span class='ocrx_word' id='word_1_351' title='bbox 2434 2986 2535 3062; x_wconf 89' lang='lat' dir='ltr'><strong>qui</strong></span> <span class='ocrx_word' id='word_1_352' title='bbox 2560 2982 2838 3061; x_wconf 83' lang='lat' dir='ltr'><strong>praecipit,</strong></span> <span class='ocrx_word' id='word_1_353' title='bbox 2868 2979 2979 3040; x_wconf 83' lang='lat' dir='ltr'><strong>sed</strong></span> 
     </span>
     <span class='ocr_line' id='line_1_34' title="bbox 564 3059 2979 3143; baseline -0.002 -19"><span class='ocrx_word' id='word_1_354' title='bbox 564 3065 758 3143; x_wconf 89' lang='lat' dir='ltr'><strong>potius</strong></span> <span class='ocrx_word' id='word_1_355' title='bbox 785 3063 964 3122; x_wconf 86' lang='lat' dir='ltr'><strong>medii</strong></span> <span class='ocrx_word' id='word_1_356' title='bbox 991 3070 1050 3124; x_wconf 90' lang='lat' dir='ltr'><strong>et</strong></span> <span class='ocrx_word' id='word_1_357' title='bbox 1074 3064 1281 3124; x_wconf 86' lang='lat' dir='ltr'><strong>motivi</strong></span> <span class='ocrx_word' id='word_1_358' title='bbox 1309 3065 1385 3124; x_wconf 86' lang='lat' dir='ltr'><strong>ad</strong></span> <span class='ocrx_word' id='word_1_359' title='bbox 1411 3065 1779 3125; x_wconf 80' lang='lat' dir='ltr'><strong>excitandam</strong></span> <span class='ocrx_word' id='word_1_360' title='bbox 1819 3066 2222 3142; x_wconf 85' lang='lat' dir='ltr'><strong>obedientiam,</strong></span> <span class='ocrx_word' id='word_1_361' title='bbox 2266 3065 2367 3142; x_wconf 90' lang='lat' dir='ltr'><strong>qui</strong></span> <span class='ocrx_word' id='word_1_362' title='bbox 2407 3064 2539 3124; x_wconf 89' lang='lat' dir='ltr'><strong>finis</strong></span> <span class='ocrx_word' id='word_1_363' title='bbox 2580 3070 2670 3123; x_wconf 86' lang='lat' dir='ltr'><strong>est</strong></span> <span class='ocrx_word' id='word_1_364' title='bbox 2708 3059 2979 3139; x_wconf 86' lang='lat' dir='ltr'><strong>proprius</strong></span> 
     </span>
     <span class='ocr_line' id='line_1_35' title="bbox 565 3142 2977 3223; baseline -0.002 -21"><span class='ocrx_word' id='word_1_365' title='bbox 565 3144 856 3221; x_wconf 71' lang='lat' dir='ltr'><strong>praecepti,</strong></span> <span class='ocrx_word' id='word_1_366' title='bbox 887 3163 1004 3220; x_wconf 87' lang='lat' dir='ltr'><strong>qua</strong></span> <span class='ocrx_word' id='word_1_367' title='bbox 1027 3151 1378 3221; x_wconf 69' lang='lat' dir='ltr'><strong>praeceptum</strong></span> <span class='ocrx_word' id='word_1_368' title='bbox 1405 3153 1534 3204; x_wconf 88' lang='lat' dir='ltr'><strong>est:</strong></span> <span class='ocrx_word' id='word_1_369' title='bbox 1578 3144 1674 3203; x_wconf 90' lang='lat' dir='ltr'><strong>Ita</strong></span> <span class='ocrx_word' id='word_1_370' title='bbox 1718 3146 1879 3205; x_wconf 89' lang='lat' dir='ltr'><strong>Deus</strong></span> <span class='ocrx_word' id='word_1_371' title='bbox 1906 3146 2035 3205; x_wconf 84' lang='lat' dir='ltr'><strong>vult</strong></span> <span class='ocrx_word' id='word_1_372' title='bbox 2078 3144 2429 3223; x_wconf 70' lang='lat' dir='ltr'><strong>praeceptive</strong></span> <span class='ocrx_word' id='word_1_373' title='bbox 2468 3142 2843 3220; x_wconf 88' lang='lat' dir='ltr'><strong>reproborum</strong></span> <span class='ocrx_word' id='word_1_374' title='bbox 2884 3159 2977 3198; x_wconf 89' lang='lat' dir='ltr'><strong>re-</strong></span> 
     </span>
     <span class='ocr_line' id='line_1_36' title="bbox 561 3221 2974 3364; baseline -0.001 -3"><span class='ocrx_word' id='word_1_375' title='bbox 561 3231 796 3362; x_wconf 50' lang='lat' dir='ltr'><strong>iffi</strong></span> <span class='ocrx_word' id='word_1_376' title='bbox 813 3222 1021 3362; x_wconf 55' lang='lat' dir='ltr'><strong>fnifflit</strong></span> <span class='ocrx_word' id='word_1_377' title='bbox 1035 3224 1118 3362; x_wconf 63' lang='lat'><strong>2}</strong></span> <span class='ocrx_word' id='word_1_378' title='bbox 1139 3223 1384 3362; x_wconf 47' lang='lat'><strong>⁵2³3?</strong></span> <span class='ocrx_word' id='word_1_379' title='bbox 1391 3224 1473 3363; x_wconf 60' lang='lat'><strong>12¹¹</strong></span> <span class='ocrx_word' id='word_1_380' title='bbox 1471 3225 1933 3364; x_wconf 51' lang='grc' dir='ltr'><strong>Υῗῖοἶῖῗωίἒὲ</strong></span> <span class='ocrx_word' id='word_1_381' title='bbox 1965 3225 2215 3364; x_wconf 45' lang='lat'><strong>&amp;3233</strong></span> <span class='ocrx_word' id='word_1_382' title='bbox 2224 3225 2363 3364; x_wconf 54' lang='lat' dir='ltr'><strong>03¹2ss</strong></span> <span class='ocrx_word' id='word_1_383' title='bbox 2380 3221 2974 3362; x_wconf 53' lang='lat'><strong>‘3:0553033&#39;23330</strong></span> 
     </span>
     <span class='ocr_line' id='line_1_37' title="bbox 567 3319 2981 3522; baseline -0.002 -80"><span class='ocrx_word' id='word_1_384' title='bbox 567 3382 673 3442; x_wconf 74' lang='lat' dir='ltr'><strong>sed</strong></span> <span class='ocrx_word' id='word_1_385' title='bbox 699 3349 828 3442; x_wconf 78' lang='lat' dir='ltr'>non&#39;</span> <span class='ocrx_word' id='word_1_386' title='bbox 843 3383 985 3522; x_wconf 54' lang='lat' dir='ltr'><strong>‘’¹3¹ss</strong></span> <span class='ocrx_word' id='word_1_387' title='bbox 999 3383 1102 3442; x_wconf 72' lang='lat' dir='ltr'><strong>ina</strong></span> <span class='ocrx_word' id='word_1_388' title='bbox 1127 3323 1388 3460; x_wconf 58' lang='lat' dir='ltr'><strong>Efficeri&#39;?</strong></span> <span class='ocrx_word' id='word_1_389' title='bbox 1413 3391 1481 3444; x_wconf 81' lang='lat' dir='ltr'><strong>ut</strong></span> <span class='ocrx_word' id='word_1_390' title='bbox 1527 3324 1977 3463; x_wconf 59' lang='lat' dir='ltr'><strong>{raesfitqsmi’</strong></span> <span class='ocrx_word' id='word_1_391' title='bbox 1998 3384 2117 3444; x_wconf 73' lang='lat' dir='ltr'><strong>iuis</strong></span> <span class='ocrx_word' id='word_1_392' title='bbox 2158 3383 2351 3444; x_wconf 65' lang='lat' dir='ltr'><strong>media</strong></span> <span class='ocrx_word' id='word_1_393' title='bbox 2396 3381 2725 3443; x_wconf 76' lang='lat' dir='ltr'><strong>indubitata</strong></span> <span class='ocrx_word' id='word_1_394' title='bbox 2770 3319 2981 3439; x_wconf 52' lang='lat' dir='ltr'><strong>senff}</strong></span> 
     </span>
     <span class='ocr_line' id='line_1_38' title="bbox 566 3482 1430 3522; baseline -0.005 -1"><span class='ocrx_word' id='word_1_395' title='bbox 566 3482 740 3522; x_wconf 89' lang='lat' dir='ltr'><strong>conse</strong></span> <span class='ocrx_word' id='word_1_396' title='bbox 781 3482 894 3522; x_wconf 89' lang='lat' dir='ltr'><strong>uen</strong></span> <span class='ocrx_word' id='word_1_397' title='bbox 989 3507 1002 3522; x_wconf 94' lang='lat'><strong><em>.</em></strong></span> <span class='ocrx_word' id='word_1_398' title='bbox 1413 3509 1430 3517; x_wconf 90' lang='lat'><strong><em>-</em></strong></span> 
     </span>
    </p>

    <p class='ocr_par' dir='ltr' id='par_1_4' title="bbox 563 3483 2979 4474">
     <span class='ocr_line' id='line_1_39' title="bbox 647 3483 2973 3624; baseline -0.002 -24"><span class='ocrx_word' id='word_1_399' title='bbox 647 3483 892 3602; x_wconf 49' lang='lat' dir='ltr'>XI‘JIII.</span> <span class='ocrx_word' id='word_1_400' title='bbox 933 3543 1122 3619; x_wconf 69' lang='lat' dir='ltr'><strong>Salus,</strong></span> <span class='ocrx_word' id='word_1_401' title='bbox 1153 3563 1285 3621; x_wconf 76' lang='lat' dir='ltr'><strong>quse</strong></span> <span class='ocrx_word' id='word_1_402' title='bbox 1311 3543 1653 3623; x_wconf 87' lang='lat' dir='ltr'><strong>proponitur</strong></span> <span class='ocrx_word' id='word_1_403' title='bbox 1677 3543 1740 3603; x_wconf 92' lang='lat' dir='ltr'><strong>in</strong></span> <span class='ocrx_word' id='word_1_404' title='bbox 1766 3543 2145 3624; x_wconf 88' lang='lat' dir='ltr'><strong>promissione</strong></span> <span class='ocrx_word' id='word_1_405' title='bbox 2184 3542 2560 3622; x_wconf 81' lang='lat' dir='ltr'><strong>Evangelica,</strong></span> <span class='ocrx_word' id='word_1_406' title='bbox 2590 3547 2783 3619; x_wconf 88' lang='lat' dir='ltr'><strong>potest</strong></span> <span class='ocrx_word' id='word_1_407' title='bbox 2810 3557 2973 3615; x_wconf 86' lang='lat' dir='ltr'><strong>spec-</strong></span> 
     </span>
     <span class='ocr_line' id='line_1_40' title="bbox 565 3619 2977 3704; baseline -0.003 -21"><span class='ocrx_word' id='word_1_408' title='bbox 565 3623 678 3683; x_wconf 88' lang='lat' dir='ltr'><strong>tari</strong></span> <span class='ocrx_word' id='word_1_409' title='bbox 697 3622 999 3701; x_wconf 62' lang='lat' dir='ltr'><strong>bifariam</strong></span> <span class='ocrx_word' id='word_1_410' title='bbox 1043 3623 1144 3683; x_wconf 84' lang='lat' dir='ltr'><strong>vel</strong></span> <span class='ocrx_word' id='word_1_411' title='bbox 1161 3624 1372 3704; x_wconf 75' lang='lat' dir='ltr'><strong>utfinis</strong></span> <span class='ocrx_word' id='word_1_412' title='bbox 1399 3625 1606 3684; x_wconf 76' lang='lat' dir='ltr'><strong>directe</strong></span> <span class='ocrx_word' id='word_1_413' title='bbox 1646 3625 1888 3684; x_wconf 61' lang='lat' dir='ltr'><strong>intentans</strong></span> <span class='ocrx_word' id='word_1_414' title='bbox 1929 3625 2005 3683; x_wconf 89' lang='lat' dir='ltr'><strong>ab</strong></span> <span class='ocrx_word' id='word_1_415' title='bbox 2050 3631 2275 3702; x_wconf 88' lang='lat' dir='ltr'><strong>agente,</strong></span> <span class='ocrx_word' id='word_1_416' title='bbox 2322 3631 2385 3682; x_wconf 90' lang='lat' dir='ltr'><strong>et</strong></span> <span class='ocrx_word' id='word_1_417' title='bbox 2426 3628 2493 3682; x_wconf 90' lang='lat' dir='ltr'><strong>ut</strong></span> <span class='ocrx_word' id='word_1_418' title='bbox 2534 3623 2736 3680; x_wconf 79' lang='lat' dir='ltr'><strong>bonum</strong></span> <span class='ocrx_word' id='word_1_419' title='bbox 2782 3619 2977 3694; x_wconf 76' lang='lat' dir='ltr'><strong>reipsa</strong></span> 
     </span>
     <span class='ocr_line' id='line_1_41' title="bbox 563 3697 2975 3778; baseline -0.003 -16"><span class='ocrx_word' id='word_1_420' title='bbox 563 3705 964 3777; x_wconf 80' lang='lat' dir='ltr'><strong>conserendum</strong></span> <span class='ocrx_word' id='word_1_421' title='bbox 973 3727 998 3776; x_wconf 83' lang='lat'><strong>,·</strong></span> <span class='ocrx_word' id='word_1_422' title='bbox 1038 3702 1137 3763; x_wconf 81' lang='lat' dir='ltr'><strong>vel</strong></span> <span class='ocrx_word' id='word_1_423' title='bbox 1163 3711 1232 3762; x_wconf 91' lang='lat' dir='ltr'><strong>ut</strong></span> <span class='ocrx_word' id='word_1_424' title='bbox 1275 3705 1478 3763; x_wconf 79' lang='lat' dir='ltr'><strong>bonum</strong></span> <span class='ocrx_word' id='word_1_425' title='bbox 1521 3713 1739 3763; x_wconf 78' lang='lat' dir='ltr'><strong>tantum</strong></span> <span class='ocrx_word' id='word_1_426' title='bbox 1782 3705 2141 3778; x_wconf 71' lang='lat' dir='ltr'><strong>offerendum,</strong></span> <span class='ocrx_word' id='word_1_427' title='bbox 2194 3711 2255 3762; x_wconf 92' lang='lat' dir='ltr'><strong>et</strong></span> <span class='ocrx_word' id='word_1_428' title='bbox 2293 3710 2362 3762; x_wconf 91' lang='lat' dir='ltr'><strong>ut</strong></span> <span class='ocrx_word' id='word_1_429' title='bbox 2402 3702 2667 3761; x_wconf 75' lang='lat' dir='ltr'><strong>motivum</strong></span> <span class='ocrx_word' id='word_1_430' title='bbox 2712 3697 2975 3758; x_wconf 87' lang='lat' dir='ltr'><strong>additum</strong></span> 
     </span>
     <span class='ocr_line' id='line_1_42' title="bbox 565 3776 2973 3861; baseline -0.003 -19"><span class='ocrx_word' id='word_1_431' title='bbox 565 3793 853 3860; x_wconf 69' lang='lat' dir='ltr'><strong>praecepto</strong></span> <span class='ocrx_word' id='word_1_432' title='bbox 881 3783 958 3841; x_wconf 90' lang='lat' dir='ltr'><strong>ad</strong></span> <span class='ocrx_word' id='word_1_433' title='bbox 985 3783 1351 3842; x_wconf 86' lang='lat' dir='ltr'><strong>excitandam</strong></span> <span class='ocrx_word' id='word_1_434' title='bbox 1393 3783 1821 3844; x_wconf 86' lang='lat' dir='ltr'><strong>obedientiam:</strong></span> <span class='ocrx_word' id='word_1_435' title='bbox 1862 3783 2043 3861; x_wconf 88' lang='lat' dir='ltr'><strong>priori</strong></span> <span class='ocrx_word' id='word_1_436' title='bbox 2084 3801 2259 3842; x_wconf 85' lang='lat' dir='ltr'><strong>sensu</strong></span> <span class='ocrx_word' id='word_1_437' title='bbox 2297 3800 2501 3841; x_wconf 86' lang='lat' dir='ltr'><strong>revera</strong></span> <span class='ocrx_word' id='word_1_438' title='bbox 2540 3780 2697 3839; x_wconf 87' lang='lat' dir='ltr'><strong>cadit</strong></span> <span class='ocrx_word' id='word_1_439' title='bbox 2738 3777 2847 3837; x_wconf 88' lang='lat' dir='ltr'><strong>sub</strong></span> <span class='ocrx_word' id='word_1_440' title='bbox 2874 3776 2973 3835; x_wconf 89' lang='lat' dir='ltr'><strong>de·</strong></span> 
     </span>
     <span class='ocr_line' id='line_1_43' title="bbox 566 3855 2977 3941; baseline -0.002 -21"><span class='ocrx_word' id='word_1_441' title='bbox 566 3870 788 3920; x_wconf 90' lang='lat' dir='ltr'><strong>cretum</strong></span> <span class='ocrx_word' id='word_1_442' title='bbox 815 3861 1145 3921; x_wconf 84' lang='lat' dir='ltr'><strong>effectivum</strong></span> <span class='ocrx_word' id='word_1_443' title='bbox 1181 3862 1310 3937; x_wconf 90' lang='lat' dir='ltr'><strong>Dei,</strong></span> <span class='ocrx_word' id='word_1_444' title='bbox 1342 3863 1481 3939; x_wconf 88' lang='lat' dir='ltr'><strong>quia</strong></span> <span class='ocrx_word' id='word_1_445' title='bbox 1517 3883 1637 3922; x_wconf 88' lang='lat' dir='ltr'><strong>non</strong></span> <span class='ocrx_word' id='word_1_446' title='bbox 1676 3871 1877 3941; x_wconf 88' lang='lat' dir='ltr'><strong>posset</strong></span> <span class='ocrx_word' id='word_1_447' title='bbox 1914 3861 2115 3922; x_wconf 86' lang='lat' dir='ltr'><strong>haberi</strong></span> <span class='ocrx_word' id='word_1_448' title='bbox 2156 3862 2273 3920; x_wconf 86' lang='lat' dir='ltr'><strong>nisi</strong></span> <span class='ocrx_word' id='word_1_449' title='bbox 2314 3880 2352 3920; x_wconf 89' lang='lat' dir='ltr'><strong>a</strong></span> <span class='ocrx_word' id='word_1_450' title='bbox 2392 3861 2520 3920; x_wconf 91' lang='lat' dir='ltr'><strong>Deo</strong></span> <span class='ocrx_word' id='word_1_451' title='bbox 2560 3860 2830 3919; x_wconf 86' lang='lat' dir='ltr'><strong>daretur:</strong></span> <span class='ocrx_word' id='word_1_452' title='bbox 2872 3855 2977 3915; x_wconf 84' lang='lat' dir='ltr'><strong>sed</strong></span> 
     </span>
     <span class='ocr_line' id='line_1_44' title="bbox 565 3934 2974 4019; baseline -0.002 -20"><span class='ocrx_word' id='word_1_453' title='bbox 565 3941 871 4017; x_wconf 88' lang='lat' dir='ltr'><strong>posteriori</strong></span> <span class='ocrx_word' id='word_1_454' title='bbox 896 3961 1290 4018; x_wconf 84' lang='lat' dir='ltr'><strong>nequaquam;</strong></span> <span class='ocrx_word' id='word_1_455' title='bbox 1321 3939 1532 4003; x_wconf 89' lang='lat' dir='ltr'><strong>sufficit</strong></span> <span class='ocrx_word' id='word_1_456' title='bbox 1555 3949 1622 4001; x_wconf 90' lang='lat' dir='ltr'><strong>ut</strong></span> <span class='ocrx_word' id='word_1_457' title='bbox 1649 3943 1820 4001; x_wconf 82' lang='lat' dir='ltr'><strong>cadat</strong></span> <span class='ocrx_word' id='word_1_458' title='bbox 1846 3943 1956 4002; x_wconf 84' lang='lat' dir='ltr'><strong>sub</strong></span> <span class='ocrx_word' id='word_1_459' title='bbox 1982 3942 2278 4001; x_wconf 88' lang='lat' dir='ltr'><strong>decretum</strong></span> <span class='ocrx_word' id='word_1_460' title='bbox 2308 3939 2670 4019; x_wconf 87' lang='lat' dir='ltr'><strong>proponendi</strong></span> <span class='ocrx_word' id='word_1_461' title='bbox 2710 3957 2831 3996; x_wconf 91' lang='lat' dir='ltr'><strong>non</strong></span> <span class='ocrx_word' id='word_1_462' title='bbox 2856 3934 2974 3994; x_wconf 86' lang='lat' dir='ltr'><strong>effi-</strong></span> 
     </span>
     <span class='ocr_line' id='line_1_45' title="bbox 567 4016 2972 4098; baseline -0 -22"><span class='ocrx_word' id='word_1_463' title='bbox 567 4017 780 4078; x_wconf 87' lang='lat' dir='ltr'><strong>ciendi.</strong></span> <span class='ocrx_word' id='word_1_464' title='bbox 863 4019 1106 4094; x_wconf 87' lang='lat' dir='ltr'><strong>Rursus,</strong></span> <span class='ocrx_word' id='word_1_465' title='bbox 1135 4024 1290 4079; x_wconf 73' lang='lat' dir='ltr'><strong>salus</strong></span> <span class='ocrx_word' id='word_1_466' title='bbox 1315 4028 1510 4098; x_wconf 87' lang='lat' dir='ltr'><strong>potest</strong></span> <span class='ocrx_word' id='word_1_467' title='bbox 1553 4021 1841 4098; x_wconf 86' lang='lat' dir='ltr'><strong>pertinere</strong></span> <span class='ocrx_word' id='word_1_468' title='bbox 1882 4021 1961 4080; x_wconf 90' lang='lat' dir='ltr'><strong>ad</strong></span> <span class='ocrx_word' id='word_1_469' title='bbox 2004 4025 2342 4082; x_wconf 80' lang='lat' dir='ltr'><strong>voluntatem</strong></span> <span class='ocrx_word' id='word_1_470' title='bbox 2372 4019 2656 4097; x_wconf 73' lang='lat' dir='ltr'><strong>praecepti</strong></span> <span class='ocrx_word' id='word_1_471' title='bbox 2690 4016 2972 4090; x_wconf 86' lang='lat' dir='ltr'><strong>bifariam,</strong></span> 
     </span>
     <span class='ocr_line' id='line_1_46' title="bbox 567 4098 2979 4178; baseline -0.001 -23"><span class='ocrx_word' id='word_1_472' title='bbox 567 4098 666 4156; x_wconf 87' lang='lat' dir='ltr'><strong>vel</strong></span> <span class='ocrx_word' id='word_1_473' title='bbox 685 4099 926 4173; x_wconf 82' lang='lat' dir='ltr'><strong>proprie</strong></span> <span class='ocrx_word' id='word_1_474' title='bbox 953 4107 1012 4158; x_wconf 91' lang='lat' dir='ltr'><strong>et</strong></span> <span class='ocrx_word' id='word_1_475' title='bbox 1039 4100 1260 4174; x_wconf 76' lang='lat' dir='ltr'><strong>directe,</strong></span> <span class='ocrx_word' id='word_1_476' title='bbox 1290 4098 1388 4158; x_wconf 82' lang='lat' dir='ltr'><strong>vel</strong></span> <span class='ocrx_word' id='word_1_477' title='bbox 1415 4100 1697 4176; x_wconf 76' lang='lat' dir='ltr'><strong>indirecte,</strong></span> <span class='ocrx_word' id='word_1_478' title='bbox 1740 4109 1802 4160; x_wconf 92' lang='lat' dir='ltr'><strong>et</strong></span> <span class='ocrx_word' id='word_1_479' title='bbox 1836 4101 2116 4161; x_wconf 77' lang='lat' dir='ltr'><strong>reductive</strong></span> <span class='ocrx_word' id='word_1_480' title='bbox 2132 4123 2153 4159; x_wconf 87' lang='lat'><strong>.·</strong></span> <span class='ocrx_word' id='word_1_481' title='bbox 2192 4099 2377 4178; x_wconf 91' lang='lat' dir='ltr'><strong>primo</strong></span> <span class='ocrx_word' id='word_1_482' title='bbox 2418 4119 2593 4159; x_wconf 87' lang='lat' dir='ltr'><strong>sensu</strong></span> <span class='ocrx_word' id='word_1_483' title='bbox 2631 4117 2749 4156; x_wconf 90' lang='lat' dir='ltr'><strong>non</strong></span> <span class='ocrx_word' id='word_1_484' title='bbox 2787 4102 2979 4173; x_wconf 86' lang='lat' dir='ltr'><strong>potest</strong></span> 
     </span>
     <span class='ocr_line' id='line_1_47' title="bbox 569 4173 2972 4268; baseline -0.001 -33"><span class='ocrx_word' id='word_1_485' title='bbox 569 4175 774 4236; x_wconf 88' lang='lat' dir='ltr'><strong>cadere</strong></span> <span class='ocrx_word' id='word_1_486' title='bbox 803 4176 911 4235; x_wconf 90' lang='lat' dir='ltr'><strong>sub</strong></span> <span class='ocrx_word' id='word_1_487' title='bbox 934 4197 1124 4268; x_wconf 78' lang='lat' dir='ltr'><strong>praece</strong></span> <span class='ocrx_word' id='word_1_488' title='bbox 1166 4185 1305 4252; x_wconf 86' lang='lat' dir='ltr'><strong>tum,</strong></span> <span class='ocrx_word' id='word_1_489' title='bbox 1327 4177 1465 4254; x_wconf 87' lang='lat' dir='ltr'><strong>quia</strong></span> <span class='ocrx_word' id='word_1_490' title='bbox 1489 4179 1798 4256; x_wconf 69' lang='lat' dir='ltr'><strong>praeceptio</strong></span> <span class='ocrx_word' id='word_1_491' title='bbox 1818 4187 1879 4239; x_wconf 88' lang='lat' dir='ltr'><strong>et</strong></span> <span class='ocrx_word' id='word_1_492' title='bbox 1896 4180 2201 4258; x_wconf 85' lang='lat' dir='ltr'><strong>promissio</strong></span> <span class='ocrx_word' id='word_1_493' title='bbox 2230 4178 2519 4255; x_wconf 86' lang='lat' dir='ltr'><strong>differunt,</strong></span> <span class='ocrx_word' id='word_1_494' title='bbox 2538 4177 2642 4237; x_wconf 84' lang='lat' dir='ltr'><strong>illa</strong></span> <span class='ocrx_word' id='word_1_495' title='bbox 2668 4185 2759 4236; x_wconf 88' lang='lat' dir='ltr'><strong>est</strong></span> <span class='ocrx_word' id='word_1_496' title='bbox 2784 4173 2972 4248; x_wconf 89' lang='lat' dir='ltr'><strong>officii,</strong></span> 
     </span>
     <span class='ocr_line' id='line_1_48' title="bbox 568 4255 2975 4336; baseline 0 -24"><span class='ocrx_word' id='word_1_497' title='bbox 568 4256 683 4314; x_wconf 90' lang='lat' dir='ltr'><strong>ista</strong></span> <span class='ocrx_word' id='word_1_498' title='bbox 708 4255 1010 4332; x_wconf 75' lang='lat' dir='ltr'><strong>beneficii3</strong></span> <span class='ocrx_word' id='word_1_499' title='bbox 1056 4276 1118 4316; x_wconf 88' lang='lat' dir='ltr'><strong>se</strong></span> <span class='ocrx_word' id='word_1_500' title='bbox 1189 4257 1440 4316; x_wconf 85' lang='lat' dir='ltr'><strong>secundo</strong></span> <span class='ocrx_word' id='word_1_501' title='bbox 1468 4257 1616 4316; x_wconf 88' lang='lat' dir='ltr'><strong>nihil</strong></span> <span class='ocrx_word' id='word_1_502' title='bbox 1643 4259 1837 4318; x_wconf 86' lang='lat' dir='ltr'><strong>obstat</strong></span> <span class='ocrx_word' id='word_1_503' title='bbox 1861 4259 2171 4336; x_wconf 88' lang='lat' dir='ltr'><strong>quominus</strong></span> <span class='ocrx_word' id='word_1_504' title='bbox 2196 4259 2423 4319; x_wconf 89' lang='lat' dir='ltr'><strong>dicatur</strong></span> <span class='ocrx_word' id='word_1_505' title='bbox 2466 4256 2669 4318; x_wconf 90' lang='lat' dir='ltr'><strong>reduci</strong></span> <span class='ocrx_word' id='word_1_506' title='bbox 2714 4255 2790 4316; x_wconf 85' lang='lat' dir='ltr'><strong>ad</strong></span> <span class='ocrx_word' id='word_1_507' title='bbox 2830 4273 2975 4332; x_wconf 80' lang='lat' dir='ltr'><strong>prae·</strong></span> 
     </span>
     <span class='ocr_line' id='line_1_49' title="bbox 569 4335 2973 4474; baseline -0 -81"><span class='ocrx_word' id='word_1_508' title='bbox 569 4342 819 4472; x_wconf 56' lang='grc' dir='ltr'><strong>ἓεὲρίτιιμι,</strong></span> <span class='ocrx_word' id='word_1_509' title='bbox 851 4343 1136 4428; x_wconf 77' lang='lat' dir='ltr'><strong>quatenus</strong></span> <span class='ocrx_word' id='word_1_510' title='bbox 1162 4335 1250 4394; x_wconf 89' lang='lat' dir='ltr'><strong>illi</strong></span> <span class='ocrx_word' id='word_1_511' title='bbox 1264 4355 1380 4474; x_wconf 39' lang='grc' dir='ltr'><strong>,ξεῖ</strong></span> <span class='ocrx_word' id='word_1_512' title='bbox 1406 4337 1640 4396; x_wconf 91' lang='lat' dir='ltr'><strong>modum</strong></span> <span class='ocrx_word' id='word_1_513' title='bbox 1670 4338 1889 4398; x_wconf 89' lang='lat' dir='ltr'><strong>stimuli</strong></span> <span class='ocrx_word' id='word_1_514' title='bbox 1916 4339 2149 4400; x_wconf 86' lang='lat' dir='ltr'><strong>additur</strong></span> <span class='ocrx_word' id='word_1_515' title='bbox 2176 4339 2253 4398; x_wconf 87' lang='lat' dir='ltr'><strong>ad</strong></span> <span class='ocrx_word' id='word_1_516' title='bbox 2299 4337 2689 4399; x_wconf 88' lang='lat' dir='ltr'><strong>obedientiam</strong></span> <span class='ocrx_word' id='word_1_517' title='bbox 2716 4335 2973 4394; x_wconf 84' lang='lat' dir='ltr'><strong>excitan—</strong></span> 
     </span>
    </p>

    <p class='ocr_par' dir='ltr' id='par_1_5' title="bbox 649 4433 1394 4474">
     <span class='ocr_line' id='line_1_50' title="bbox 649 4433 1394 4474; baseline 0.005 -4"><span class='ocrx_word' id='word_1_518' title='bbox 649 4433 704 4470; x_wconf 92' lang='lat' dir='ltr'><strong>m</strong></span> <span class='ocrx_word' id='word_1_519' title='bbox 731 4433 794 4472; x_wconf 85' lang='lat' dir='ltr'><strong>m</strong></span> <span class='ocrx_word' id='word_1_520' title='bbox 823 4434 891 4473; x_wconf 92' lang='lat' dir='ltr'><strong>eo</strong></span> <span class='ocrx_word' id='word_1_521' title='bbox 919 4434 1014 4473; x_wconf 86' lang='lat' dir='ltr'><strong>cm</strong></span> <span class='ocrx_word' id='word_1_522' title='bbox 1079 4434 1144 4473; x_wconf 91' lang='lat' dir='ltr'><strong>ro</strong></span> <span class='ocrx_word' id='word_1_523' title='bbox 1185 4435 1282 4474; x_wconf 93' lang='lat' dir='ltr'><strong>om</strong></span> <span class='ocrx_word' id='word_1_524' title='bbox 1307 4435 1394 4474; x_wconf 91' lang='lat' dir='ltr'><strong>ur.</strong></span> 
     </span>
    </p>

    <p class='ocr_par' dir='ltr' id='par_1_6' title="bbox 566 4435 2981 4736">
     <span class='ocr_line' id='line_1_51' title="bbox 651 4435 2979 4575; baseline -0.001 -24"><span class='ocrx_word' id='word_1_525' title='bbox 651 4493 886 4553; x_wconf 89' lang='lat' dir='ltr'>XLIV.</span> <span class='ocrx_word' id='word_1_526' title='bbox 951 4493 1011 4552; x_wconf 82' lang='lat' dir='ltr'>A</span> <span class='ocrx_word' id='word_1_527' title='bbox 1038 4435 1414 4555; x_wconf 41' lang='lat' dir='ltr'><strong>{rognum</strong></span> <span class='ocrx_word' id='word_1_528' title='bbox 1456 4497 1532 4556; x_wconf 89' lang='lat' dir='ltr'><strong>ad</strong></span> <span class='ocrx_word' id='word_1_529' title='bbox 1579 4499 1887 4558; x_wconf 76' lang='lat' dir='ltr'><strong>Decretum</strong></span> <span class='ocrx_word' id='word_1_530' title='bbox 1930 4517 2049 4556; x_wconf 89' lang='lat' dir='ltr'><strong>non</strong></span> <span class='ocrx_word' id='word_1_531' title='bbox 2083 4499 2245 4559; x_wconf 80' lang='lat' dir='ltr'><strong>valet</strong></span> <span class='ocrx_word' id='word_1_532' title='bbox 2286 4495 2735 4575; x_wconf 75' lang='lat' dir='ltr'><strong>consequentia3</strong></span> <span class='ocrx_word' id='word_1_533' title='bbox 2777 4511 2886 4552; x_wconf 87' lang='lat' dir='ltr'><strong>nec</strong></span> <span class='ocrx_word' id='word_1_534' title='bbox 2926 4490 2979 4549; x_wconf 87' lang='lat' dir='ltr'><strong>si</strong></span> 
     </span>
     <span class='ocr_line' id='line_1_52' title="bbox 567 4569 2981 4653; baseline -0.001 -21"><span class='ocrx_word' id='word_1_535' title='bbox 567 4573 852 4650; x_wconf 87' lang='lat' dir='ltr'><strong>promittit</strong></span> <span class='ocrx_word' id='word_1_536' title='bbox 881 4573 1042 4633; x_wconf 91' lang='lat' dir='ltr'><strong>Deus</strong></span> <span class='ocrx_word' id='word_1_537' title='bbox 1089 4574 1311 4652; x_wconf 87' lang='lat' dir='ltr'><strong>aliquid</strong></span> <span class='ocrx_word' id='word_1_538' title='bbox 1351 4576 1757 4653; x_wconf 79' lang='lat' dir='ltr'><strong>conditionate,</strong></span> <span class='ocrx_word' id='word_1_539' title='bbox 1804 4579 2075 4639; x_wconf 89' lang='lat' dir='ltr'><strong>continuo</strong></span> <span class='ocrx_word' id='word_1_540' title='bbox 2104 4578 2363 4638; x_wconf 85' lang='lat' dir='ltr'><strong>decrevit</strong></span> <span class='ocrx_word' id='word_1_541' title='bbox 2400 4575 2791 4636; x_wconf 86' lang='lat' dir='ltr'><strong>conditionate</strong></span> <span class='ocrx_word' id='word_1_542' title='bbox 2830 4569 2981 4630; x_wconf 86' lang='lat' dir='ltr'><strong>illud</strong></span> 
     </span>
     <span class='ocr_line' id='line_1_53' title="bbox 566 4651 2981 4736; baseline -0.001 -24"><span class='ocrx_word' id='word_1_543' title='bbox 566 4654 741 4733; x_wconf 81' lang='lat' dir='ltr'><strong>dare3</strong></span> <span class='ocrx_word' id='word_1_544' title='bbox 787 4652 996 4715; x_wconf 87' lang='lat' dir='ltr'><strong>sufficit</strong></span> <span class='ocrx_word' id='word_1_545' title='bbox 1021 4662 1088 4716; x_wconf 91' lang='lat' dir='ltr'><strong>ut</strong></span> <span class='ocrx_word' id='word_1_546' title='bbox 1113 4656 1358 4716; x_wconf 84' lang='lat' dir='ltr'><strong>volitum</strong></span> <span class='ocrx_word' id='word_1_547' title='bbox 1387 4656 1464 4718; x_wconf 89' lang='lat' dir='ltr'><strong>sit</strong></span> <span class='ocrx_word' id='word_1_548' title='bbox 1505 4657 1977 4734; x_wconf 83' lang='lat' dir='ltr'><strong>conditionatum,</strong></span> <span class='ocrx_word' id='word_1_549' title='bbox 2006 4677 2123 4718; x_wconf 90' lang='lat' dir='ltr'><strong>non</strong></span> <span class='ocrx_word' id='word_1_550' title='bbox 2168 4657 2475 4736; x_wconf 83' lang='lat' dir='ltr'><strong>requiritur</strong></span> <span class='ocrx_word' id='word_1_551' title='bbox 2517 4664 2587 4716; x_wconf 91' lang='lat' dir='ltr'><strong>ut</strong></span> <span class='ocrx_word' id='word_1_552' title='bbox 2619 4652 2825 4713; x_wconf 83' lang='lat' dir='ltr'><strong>volitio</strong></span> <span class='ocrx_word' id='word_1_553' title='bbox 2852 4651 2981 4728; x_wconf 86' lang='lat' dir='ltr'><strong>ipsa</strong></span> 
     </span>
    </p>
   </div>
   <div class='ocr_carea' id='block_1_3' title="bbox 3212 0 3255 2561">
    <p class='ocr_par' dir='ltr' id='par_1_7' title="bbox 3212 0 3255 2561">
     <span class='ocr_line' id='line_1_54' title="bbox 3212 0 3255 2561; baseline 0 0"><span class='ocrx_word' id='word_1_554' title='bbox 3212 0 3255 2561; x_wconf 95' lang='lat' dir='ltr'><strong> </strong></span> 
     </span>
    </p>
   </div>
  </div>
 </body>
</html>
