3300 5225
391 378 614 429 Quas-r.
642 359 825 441 xxm]
1242 378 1322 419 nn
1350 378 1469 421 nso
1496 378 1633 437 uuo,
1663 378 1750 420 sn
1768 377 1966 421 ramo,
2675 365 2789 423 227

408 557 448 613 '.
468 518 583 579 VI.
623 520 735 579 Jus
762 518 1102 612 ordfinatttnf,
1132 524 1223 579 est
1248 518 1391 579 ordo
1411 537 1522 612 seu
1547 519 1698 579 ratio
1733 516 2031 612 Jusfiuq
2052 535 2228 597 quam
2266 516 2428 611 Deus
2453 516 2654 611 yerbo
2683 516 2793 578 Le-

387 598 647 754 ἕέἒαὲξξ
650 617 841 755 1325
840 595 1639 755 ssiss‘ss'ffliiffiss‘sffi
1705 596 2797 756 “ἕὲἒῃξῑῗὲῗὲἶΐω”ἓῗέο“ἔὲξῃὲἑὶᾙξ

388 757 477 815 ini
502 776 789 817 annexam
816 757 877 814 in
902 756 1027 815 vita
1050 763 1113 816 et
1139 766 1337 833 morte,
1368 757 1552 817 salute
1572 766 1633 817 et
1659 756 2153 817 condemnatione.
2237 755 2436 833 Hujus
2454 755 2792 815 fundamen·

388 844 515 897 tum
541 844 632 896 est
657 835 847 895 foedus
872 854 1005 895 cum
1032 834 1307 895 Creatura
1321 836 1545 913 initum,
1576 855 1682 897 seu
1698 836 1971 896 voluntas
1989 836 2121 913 Dei,
2143 844 2388 895 externo
2408 834 2590 893 verbo
2617 834 2798 912 Legis

389 916 489 975 vel
516 915 687 975 Evan
729 914 828 973 elii
852 913 1023 973 nobis
1060 914 1364 991 patefacta.
1448 914 1622 976 Unde
1660 916 1854 975 locum
1879 914 2056 975 habet
2080 914 2144 974 in
2183 906 2474 975 ordinaria
2503 914 2616 974 Dei
2656 934 2798 991 erga

389 994 653 1054 homines
722 994 736 1007 ⁰
770 992 1141 1072 pensatione3
1183 993 1455 1055 Alterum
1479 1012 1621 1054 vero
1646 994 1708 1053 in
1735 994 2206 1071 extraordinaria,
2233 994 2394 1071 quod
2416 994 2578 1055 Deus
2603 1000 2796 1070 potest

385 1073 627 1153 quidem
648 1072 837 1133 iliaesa
860 1092 968 1133 sua
986 1072 1216 1151 justitia
1240 1092 1527 1151 exercere,
1557 1072 1664 1133 sed
1686 1072 1847 1151 quod
1871 1073 2161 1133 rarissime
2185 1080 2383 1133 tamen
2405 1083 2658 1135 exercet.

470 1152 621 1215 VII.
662 1152 983 1230 Utriusque
1008 1160 1409 1229 argumentum
1428 1153 1681 1213 occurrit
1705 1152 1768 1211 in
1785 1152 2317 1215 Praedestinatione.
2376 1152 2528 1213 Nam
2543 1152 2607 1211 in
2625 1150 2794 1211 Elec-

387 1231 549 1293 tione
575 1231 653 1292 ad
676 1232 723 1293 J
722 1252 793 1293 us
808 1230 1137 1291 absolutum
1160 1232 1426 1309 pertinet,
1456 1231 1614 1309 quod
1642 1232 1806 1293 Deus
1838 1250 1946 1311 pro
1971 1231 2264 1291 liberrimo
2302 1250 2408 1291 suo
2433 1230 2796 1309 beneplacito

388 1310 653 1371 homines
678 1319 1011 1390 peccatores
1036 1318 1097 1371 et
1120 1329 1253 1370 reos
1277 1309 1530 1371 destinat
1568 1309 1645 1370 ad
1673 1311 1956 1389 salutem3
1999 1318 2060 1371 et
2082 1310 2258 1388 quod,
2288 1310 2426 1371 licet
2449 1328 2652 1369 omnes
2679 1310 2798 1369 sint
2823 1349 2830 1357 -

388 1410 527 1469 pare
604 1390 759 1450 hunc
784 1399 979 1451 tamen
1004 1409 1123 1467 prae
1148 1388 1251 1449 illo
1278 1384 1461 1468 eligit,
1488 1398 1557 1451 ut
1573 1390 1768 1451 visum
1792 1390 1858 1451 in
1883 1390 2149 1468 exemplo
2168 1389 2352 1451 Esavi
2379 1397 2439 1449 et·
2463 1387 2508 1448 J
2509 1388 2692 1465 scobi,
2724 1388 2798 1449 de

390 1489 509 1547 quo
594 1476 746 1547 post.
775 1470 873 1545 ait,
902 1470 1073 1529 Rom.
1102 1468 1185 1527 ix.
1218 1470 1311 1545 11,
1341 1468 1499 1547 quod
1524 1472 1776 1531 nondum.
1799 1470 1948 1529 natis
1963 1470 2178 1545 pueris,
2214 1488 2346 1529 cum
2367 1468 2511 1527 nihil
2530 1469 2800 1544 fecissent

388 1549 522 1608 boni
542 1551 631 1608 vel
652 1547 806 1625 mali,
835 1548 1269 1625 utpropositum
1290 1548 1424 1624 Dei,
1456 1551 1612 1626 quod
1634 1557 1717 1607 est
1737 1551 2042 1609 secundum
2066 1549 2396 1623 electionem,
2424 1567 2540 1607 non
2563 1566 2639 1605 w
2665 1566 2795 1623 ope-

390 1628 563 1704 ribus,
581 1630 685 1687 sed
706 1648 781 1687 ex
794 1636 1041 1702 vocante,
1052 1629 1293 1708 fimum
1310 1637 1578 1705 maeret,
1602 1628 1811 1687 dictum
1830 1636 1927 1705 est,
1945 1628 2134 1702 major
2147 1627 2348 1687 serviet
2371 1626 2580 1695 minori
2589 1649 2616 1699 ;
2643 1625 2798 1685 unde

390 1708 588 1779 statim
614 1706 847 1766 additur
871 1727 931 1767 v.
965 1708 1059 1765 18.
1099 1706 1393 1779 miseretur
1418 1709 1574 1785 cujus
1599 1710 1732 1783 vult,
1763 1715 1818 1767 et
1853 1727 2017 1785 quem
2040 1708 2159 1771 ‚vult
2183 1705 2432 1765 indurat.
2515 1704 2618 1763 Ad
2644 1704 2796 1764 ordi·

384 1794 590 1847 natum
615 1804 757 1845 vero
785 1792 1023 1864 spectat,
1052 1793 1176 1845 tum
1216 1784 1376 1863 quod
1396 1805 1518 1845 non
1543 1786 1765 1864 absque
1806 1786 2022 1846 Christi
2063 1782 2454 1845 satisfactione
2482 1783 2797 1863 peccatori-

385 1864 499 1925 bus
526 1864 773 1943 gratiam
798 1863 953 1940 facit,
982 1872 1045 1925 et
1082 1884 1183 1925 eos
1224 1865 1429 1941 salvat,
1470 1866 1642 1925 Rom.
1685 1865 1768 1924 iii.
1810 1867 1908 1942 25,
1949 1873 2078 1925 tum
2115 1864 2273 1943 quod
2309 1863 2486 1923 fidem
2527 1870 2588 1922 et
2626 1882 2800 1941 opera

390 1944 646 2021 gratiose
672 1963 749 2004 ex
772 1944 1058 2022 promisso
1082 1952 1493 2021 remuneratur,
1516 1948 1554 2003 2
1572 1945 1778 2005 Thess.
1803 1944 1846 2003 i.
1867 1946 1926 2020 5,
1957 1947 2014 2019 6,
2043 1948 2100 2003 7.
2144 1944 2218 2001 In
2235 1942 2662 2021 Reprobatione
2681 1941 2726 2002 J
2727 1961 2800 2001 us

390 2023 721 2083 absolutum
748 2022 1000 2083 cernitur
1022 2022 1087 2082 in
1114 2042 1201 2100 e0,
1231 2023 1389 2101 quod
1412 2023 1551 2083 licet
1568 2024 1832 2083 homines
1857 2042 2058 2082 omnes
2075 2021 2192 2083 sint
2216 2042 2402 2100 pares,
2431 2030 2624 2082 tamen
2643 2020 2799 2081 hunc

390 2122 511 2181 prae
538 2102 640 2161 illo
674 2102 945 2180 praeterit,
976 2121 1053 2163 ex
1080 2103 1207 2161 sola
1227 2100 1420 2181 >canly
1448 2122 1644 2181 agens,
1674 2121 1794 2161 non
1817 2110 1886 2162 ut
1910 2102 1957 2163 J
1955 2101 2130 2177 udex,
2170 2101 2279 2161 ‚sed
2303 2109 2370 2160 ut
2391 2100 2713 2181 ιῦτοκςῶι-ος
2739 2108 2802 2162 et

395 2182 682 2241 Dominus
709 2181 811 2259 qui
836 2188 1181 2260 potestatem
1206 2182 1383 2241 habet
1406 2182 1657 2242 faciendi
1681 2200 1788 2241 vas
1815 2179 1893 2240 ad
1929 2180 2109 2241 decus
2135 2187 2196 2239 et
2221 2178 2299 2239 ad
2325 2179 2594 2257 dedecus,
2627 2180 2797 2239 Rom.

394 2260 477 2319 ix.
507 2264 621 2337 213
666 2260 837 2320 Matt.
866 2260 948 2319 xi.
978 2262 1075 2320 26.
1159 2259 1500 2321 ordinatum
1526 2279 1668 2319 vero
1708 2258 1771 2318 in
1797 2278 1868 2319 eo
1907 2259 2066 2338 quod
2105 2258 2393 2319 neminem
2431 2258 2700 2337 reprobat
2739 2266 2800 2319 et

392 2339 633 2400 damnat
656 2339 772 2399 nisi
796 2346 1033 2417 propter
1054 2347 1372 2417 peccatum,
1404 2338 1575 2399 Rom.
1614 2338 1657 2397 i.
1687 2340 1784 2399 32.

476 2418 659 2479 VIII.
701 2418 871 2478 Licet
888 2418 941 2479 J
940 2436 1013 2479 us
1037 2418 1366 2479 absolutum
1394 2438 1474 2479 ex
1498 2418 1659 2496 Lege
1674 2436 1794 2477 non
1818 2417 2124 2495 reveletur,
2153 2436 2272 2477 non
2297 2416 2430 2476 ideo
2446 2416 2799 2477 censendum

390 2506 488 2557 est
512 2498 862 2557 contra-ium
902 2496 1086 2575 Legi3
1128 2505 1220 2557 est
1260 2516 1432 2575 supra
1472 2505 1532 2557 et
1569 2504 1780 2576 prester
1816 2497 2053 2574 Legem,
2101 2496 2206 2555 sed
2237 2515 2356 2556 non
2395 2504 2598 2555 contra
2636 2514 2800 2555 eamz

396 2577 521 2638 Nec
545 2584 847 2656 propterea
872 2574 1181 2637 dicendum
1206 2584 1298 2637 est
1322 2576 1620 2655 initiam,
1648 2583 1850 2655 utpote
1876 2595 1994 2636 non
2019 2574 2312 2637 conforme
2344 2575 2494 2654 Legi
2517 2596 2532 2652 ;
2573 2575 2711 2654 quia
2735 2582 2804 2636 ut

394 2653 2800 2813 ffisspffissfflffijffffffssffffhne‘doeinaswffnffiisstssss{ifissegssffimsnmsss
2859 2691 2874 2704 “

397 2815 541 2876 titiae
568 2814 908 2891 ordinariae3
945 2813 1137 2875 Aliud
1174 2833 1315 2874 vero
1342 2832 1420 2874 ex
1460 2780 1744 2892 superiori
1766 2813 1986 2889 ordine,
2030 2811 2169 2872 nim.
2197 2833 2276 2874 ex
2301 2811 2346 2872 J
2347 2830 2450 2872 ure
2477 2821 2800 2872 autocrato-

394 2887 535 2972 ri'co,
578 2895 675 2954 cui
704 2894 937 2972 justitia
976 2912 1096 2953 non
1130 2901 1431 2971 repugnat,
1476 2892 1581 2952 sed
1630 2891 2057 2954 subordinatur.
2143 2891 2242 2952 Sic
2294 2891 2571 2970 Princeps
2621 2911 2802 2969 quum

472 2981 695 3033 ccatum
723 2973 1027 3050 condonat,
1057 2991 1176 3032 non
1204 2973 1329 3051 agit
1352 2993 1430 3032 ex
1456 2972 1503 3033 J
1502 2971 1704 3033 ustitia
1728 2989 1846 3049 qua
1871 2972 1918 3033 J
1916 2971 2092 3048 udex,
2121 2971 2228 3031 sed
2253 2990 2330 3030 ex
2357 2970 2662 3031 clementia
2686 2991 2804 3050 qua

492 3053 684 3112 minus
708 3059 771 3112 et
799 3052 1091 3130 Princeps,
1122 3051 1224 3128 qui
1248 3060 1443 3129 potest
1480 3051 1813 3130 dispensare
1841 3049 1916 3110 de
1939 3050 2074 3128 lege
2099 3070 2151 3110 -a
2177 3067 2242 3110 se
2279 3049 2419 3110 lata.
2504 3050 2600 3111 Ita
2641 3051 2804 3110 Deus

395 3131 461 3190 in
484 3130 761 3191 exercitio
786 3131 957 3190 istius
984 3131 1029 3191 J
1029 3130 1150 3190 uris
1174 3129 1443 3206 absoluti,
1470 3129 1611 3190 licet
1634 3129 1784 3189 nihil
1809 3128 1984 3190 faciat
1999 3127 2158 3207 quod
2183 3127 2522 3189 adversetur
2538 3129 2802 3207 justitiae,

396 3228 518 3268 non
542 3209 667 3286 agit
692 3217 887 3345 tssmen
913 3228 988 3268 ex
1020 3228 1107 3285 ea,
1150 3208 1255 3268 sed
1280 3229 1357 3268 ex
1380 3207 1676 3270 liberrimo
1699 3207 2065 3288 beneplacito
2089 3207 2250 3290 quod
2287 3207 2377 3268 illi
2404 3209 2695 3288 competit,
2737 3215 2807 3270 ut

402 3307 473 3348 su
514 3307 672 3347 remo
760 3306 971 3346 omme.

348 3397 361 3410 ·
471 3307 603 3426 IiX.
646 3365 957 3443 Quousque
984 3365 1031 3426 J
1030 3383 1101 3425 us
1119 3365 1233 3425 Dei
1256 3365 1585 3426 absolutum
1613 3366 1962 3429 extendatur
1976 3367 2258 3427 curiosius
2283 3384 2402 3426 non
2429 3375 2520 3427 est
2545 3373 2802 3426 scrutan-

398 3443 555 3520 dum,
584 3446 769 3505 multo
796 3445 987 3505 minus
1012 3452 1228 3505 temere
1254 3443 1662 3520 definiendum,
1705 3464 1815 3505 nec
1841 3454 2166 3506 nostrarum
2191 3443 2404 3504 virium
2429 3455 2532 3506 aut
2555 3445 2808 3522 partium

396 3532 489 3584 est
512 3524 727 3584 limites
752 3523 907 3583 ullos
930 3523 1030 3583 vel
1075 3523 1373 3598 Potentiae,
1414 3523 1514 3582 vel
1549 3523 1835 3582 Potestati
1878 3523 1992 3584 Dei
2015 3542 2248 3602 ponere.
2335 3523 2400 3584 Si
2423 3523 2806 3583 vermiculum

398 3622 569 3662 nemo
595 3603 770 3662 ferret
795 3603 870 3662 de
893 3603 1191 3663 hominum
1217 3609 1503 3680 potestate
1528 3601 1938 3679 disputantem,
1966 3610 2028 3661 et
2065 3601 2153 3660 illi
2179 3599 2455 3661 terminos
2480 3609 2807 3679 ponentem,

399 3690 617 3759 quanto
643 3681 835 3742 minus
859 3682 973 3742 hoc
998 3681 1296 3741 ferendum
1322 3681 1385 3738 in
1408 3680 1643 3741 homine
1671 3681 1791 3774 qui,
1819 3688 2086 3760 respectu
2115 3679 2244 3756 Dei,
2274 3679 2592 3739 vermiculo
2631 3679 2810 3756 longe

398 3760 587 3820 minor
600 3764 631 3820 ἱ)
711 3759 1023 3821 Facessere
1048 3779 1188 3838 ergo
1213 3760 1351 3818 hinc
1368 3758 1643 3837 jubemus
1671 3777 1928 3818 cunosas
1953 3767 2014 3818 et
2049 3757 2284 3818 inutiles
2325 3758 2811 3818 scholasticorum

398 3839 897 3978 3232153032323?
918 3835 2154 3996 {fflffissmnffljffissnffieffl
2179 3835 2808 3976 fflsstffiffsszsst

401 3997 562 4056 Hinc
587 3995 839 4074 quidem,
869 3997 914 4057 J
914 4017 987 4056 us
1013 3997 1135 4056 Dei.
1152 4015 1441 4057 summum
1481 4011 1610 4054 esse
1648 4004 1712 4055 et
1749 3994 2080 4056 absolutum
2121 4013 2297 4073 supra
2321 3994 2480 4072 quod
2504 3963 2813 4073 possumus

400 4076 500 4135 vel
526 4075 782 4153 cogitare
806 4075 905 4135 vel
930 4075 1141 4153 eloqui,
1160 4083 1229 4136 ut
1252 4073 1439 4154 possit
1464 4073 1654 4134 facere
1679 4073 1754 4133 de
1780 4092 1888 4136 suo
1913 4072 2076 4153 quod
2097 4073 2282 4134 libet:
2321 4073 2470 4136 Inde
2494 4092 2654 4149 vero,
2683 4093 2813 4134 esse

400 4171 628 4232 semper
654 4162 917 4214 sanctum
957 4162 1018 4214 et
1054 4153 1487 4233 perfectissima
1528 4151 1641 4213 Dei
1681 4161 1904 4213 naturus
1943 4161 2414 4228 consentaneum,
2457 4160 2525 4213 ut
2563 4152 2702 4213 dum
2743 4172 2813 4214 eo

399 4232 602 4310 utitur,
624 4233 772 4291 nihil
798 4233 973 4326 facist
999 4231 1157 4311 quod
1184 4233 1495 4311 sapientiae,
1524 4230 1788 4368 bolnitati,
1818 4239 1878 4292 et
1898 4231 2204 4327 sanctitati
2230 4251 2349 4292 suae
2371 4229 2732 4326 adversetur.

401 4310 1738 4466 joffofzumungffiegffidfflumimffizoqultffi
1756 4311 2630 4482 Ιῧςοῗεωζέἰέξαῃὲαῗὶαιζεῗιξαιέι
2664 4310 2816 4465 Ῑιίξιιῖ

400 4468 589 4608 {scere
614 4468 817 4609 pexit,
846 4477 912 4528 ut
930 4469 1015 4529 its
1038 4465 1357 4548 praefractis
1382 4476 1443 4530 et
1466 4465 1900 4548 impudentibus
1923 4464 2252 4530 libertatem
2296 4467 2409 4527 De1
2449 4466 2812 4554 suggillanti-

440 4567 513 4609 us
540 4567 607 4608 os
634 4567 670 4607 o
743 4556 917 4608 truat.
