3300 5225
337 384 564 436 Quszs‘r.
596 388 656 426 ιι.
665 366 689 448 ]
1307 385 1388 425 nn
1415 385 1771 427 mnemon.
2700 369 2736 425 5

329 528 496 587 cendi
528 528 734 601 Deum,
763 525 864 604 qui
891 544 1076 584 vanus
1105 544 1230 583 esse
1259 526 1490 603 nequit3
1537 527 1703 585 Licet
1728 525 1881 584 enim
1909 546 1945 585 a
1972 545 2111 585 vera
2137 525 2457 602 Theologia
2499 526 2741 602 turpiter

331 596 665 683 aberrstrint,
696 606 870 665 talem
897 613 1088 664 tamen
1117 605 1242 663 dari
1270 626 1396 663 eam
1439 606 1824 665 consectando
1852 606 2327 684 comprobarunt3
2378 604 2548 665 Unde
2576 605 2737 663 nulla

332 697 450 745 tam
479 687 726 745 barbara
763 685 920 745 natio
961 704 1214 763 unquam
1257 692 1482 763 reperta
1521 694 1626 761 est,
1672 706 1804 763 quse
1845 705 1981 745 suos
2022 686 2431 763 hierophantas
2472 704 2591 743 non
2630 685 2730 743 ha-

332 766 538 841 buerit,
595 766 694 843 qui
749 765 810 823 in
863 765 1036 824 rebus
1075 764 1292 823 divinis
1347 765 1767 843 cognoscendis
1808 774 1868 824 et
1917 764 2193 825 docendis
2248 785 2311 824 se
2366 774 2731 847 occuparent.

332 849 389 905 3.
433 846 594 903 Finis
625 844 974 917 Oroatiomb;
1014 844 1146 903 ideo
1174 843 1326 902 enim
1357 845 1663 903 creaturas
1704 844 2014 903 rationales
2055 844 2315 903 condidit
2344 840 2523 919 Deus,
2565 852 2633 903 ut
2657 842 2734 902 ab

329 924 448 983 illis
473 933 884 1002 agnosceretur
903 932 963 983 et
982 924 1384 999 celebraretur,
1407 923 1566 1001 quod
1585 924 1709 983 sine
1726 923 2045 1002 Theologia
2070 924 2195 983 fieri
2222 924 2441 1001 nequit.
2524 926 2582 981 4.
2623 924 2739 983 Rea·

327 1014 556 1080 natura,
576 1005 714 1082 quia
730 1024 860 1080 quse
877 1004 992 1062 duo
1020 1002 1096 1061 ad
1121 1003 1588 1062 constitutionem
1609 1004 1927 1081 disciplina».
1943 1004 2314 1082 requiruntur
2327 1008 2383 1063 τὶ
2399 1007 2611 1075 cyrno-xz»
2627 1022 2731 1061 seu

327 1084 620 1161 objectum
643 1083 860 1158 scibile,
883 1092 944 1142 et
956 1088 1012 1141 τὶ
1029 1086 1302 1153 venerab»
1330 1102 1432 1141 seu
1449 1083 1776 1160 subjeetum
1802 1084 2262 1161 cognoscitivum
2289 1084 2385 1143 hic
2402 1092 2726 1157 occurrunt,

330 1162 490 1222 Deus
529 1164 748 1222 scilicet
785 1166 880 1221 «3»
906 1164 1176 1227 ἔπιε-πτῖν
1216 1162 1616 1238 boemis-arev,
1657 1172 1717 1223 et
1758 1164 2047 1223 Creaturae
2088 1163 2397 1223 rationales
2432 1163 2731 1222 intellectu

324 1243 580 1321 praeditae
624 1242 699 1301 ad
741 1264 874 1303 eum
917 1242 1401 1319 cognoscendum.
1505 1246 1561 1302 5.
1603 1244 1817 1301 Salutis
1857 1244 2149 1302 necessitas
2165 1267 2189 1315 ;
2242 1252 2309 1302 ut
2362 1244 2517 1301 enim
2555 1242 2730 1301 homo

323 1322 622 1382 ordinatur
660 1323 736 1381 ad
775 1323 948 1381 finem
990 1322 1500 1399 supernaturalem,
1543 1341 1779 1381 necesse
1818 1330 1909 1381 est
1948 1322 2034 1380 illi
2075 1321 2201 1381 dari
2240 1322 2495 1381 medium
2531 1341 2726 1399 super-

325 1403 586 1463 naturale
613 1422 729 1480 quo
756 1402 931 1461 finem
957 1402 1121 1461 illum
1162 1410 1518 1479 assequatur,
1548 1402 1709 1480 qnod
1743 1421 1861 1461 non
1888 1402 2049 1461 aliud
2087 1408 2179 1461 est
2204 1420 2379 1479 quam
2404 1401 2567 1478 fides,
2598 1421 2731 1479 quae

327 1481 440 1540 Dei
466 1482 854 1559 cognitionem
881 1481 1206 1541 necessario
1230 1482 1420 1541 infert.

407 1562 492 1621 ΙΙ.
538 1562 705 1621 Licet
756 1561 912 1621 entia
964 1562 1158 1620 omnia
1225 1568 1543 1621 tractentur
1596 1561 1657 1621 in
1715 1560 2055 1639 Disciplinis
2110 1559 2551 1639 philosophicis,
2608 1580 2725 1619 non

323 1648 643 1701 tractantur
683 1648 878 1701 tamen
922 1640 1238 1701 secundum
1285 1641 1479 1701 omnia
1495 1660 1652 1734 quae
1696 1640 1768 1700 de
1812 1640 1955 1719 ipsis
1997 1641 2271 1735 cognosci
2312 1650 2573 1719 possunt,
2621 1640 2725 1699 sed

322 1728 546 1780 tantum
575 1721 891 1781 secundum
917 1720 1063 1779 illud
1090 1720 1248 1799 quod
1289 1720 1362 1780 de
1401 1719 1545 1799 ipsis
1583 1720 1923 1780 naturaliter
1960 1720 2179 1799 percipi
2215 1728 2423 1799 potest,
2466 1720 2621 1780 unde
2648 1741 2726 1779 ex

320 1800 625 1860 latitudine
669 1801 886 1879 objecti
929 1800 1323 1878 Philosophiei
1377 1800 1602 1860 nullum
1658 1800 1899 1861 infertur
1956 1800 2353 1879 praejudicium
2390 1800 2725 1877 'theologiae

321 1881 759 1958 supernaturali,
790 1900 920 1958 quae
947 1880 1021 1940 de
1049 1880 1300 1940 Entibus
1321 1879 1673 1957 quibusdam
1713 1880 1853 1958 agit,
1896 1900 2015 1939 non
2038 1900 2155 1958 qua
2180 1900 2285 1958 per
2308 1887 2591 1956 naturam,
2622 1880 2728 1939 sed

320 1980 438 2037 qua
476 1980 580 2038 per
603 1961 1016 2020 revelationem
1057 1970 1500 2053 cognoscuntur.
1583 1964 1640 2019 2.
1686 1960 1966 2035 Quamvis
2004 1960 2199 2019 omnia
2226 1960 2402 2019 Entia
2440 1960 2727 2019 naturalia

321 2039 665 2099 tradantur
649 2061 708 2097 m
737 2039 1102 2098 inferioribus
1130 2039 1402 2115 scientiis,
1423 2058 1540 2098 non
1566 2040 1790 2098 tollitur
1816 2048 2012 2098 tamen
2038 2040 2353 2099 necessitas
2368 2040 2721 2133 Theologiaj,

321 2120 422 2177 ubi
450 2121 726 2197 mysteria
752 2119 913 2177 varia
939 2118 1217 2177 docentur
1245 2119 1717 2196 supernaturalia,
1760 2118 1835 2177 ad
1861 2138 1991 2196 quae
2019 2119 2180 2177 nulla
2205 2118 2458 2178 humana
2486 2120 2727 2179 scientia

321 2218 402 2256 un
443 2218 578 2257 uam
645 2199 754 2257 erti
799 2198 860 2257 t.

403 2220 524 2338 llll.
569 2218 699 2337 Eltsi
727 2218 931 2337 sgnsus
959 2276 1118 2337 nulla
1161 2277 1384 2354 indiget
1426 2277 1757 2355 cognitione
1801 2277 2219 2355 supernaturali
2264 2276 2340 2335 ad
2374 2277 2463 2337 sui
2504 2277 2719 2355 perfee-

317 2359 551 2435 tionem,
583 2378 701 2417 non
729 2358 990 2435 sequitur
1015 2376 1124 2416 nec
1149 2356 1504 2417 intellectum
1533 2377 1602 2415 ea
1628 2357 1906 2433 indigere,
1930 2358 2067 2435 quia
2092 2356 2419 2417 intellectus
2446 2358 2523 2415 ad
2548 2358 2722 2416 finem

317 2438 811 2516 supernaturalem
853 2437 1164 2513 ordinatur,
1210 2437 1310 2515 qui
1337 2436 1906 2514 comprehensionem
1946 2436 2185 2497 rationis
2212 2436 2457 2512 excedit,
2506 2438 2725 2497 Sensus

319 2528 511 2578 autem
551 2518 804 2577 minime.
889 2516 1168 2592 Quamvis
1196 2536 1334 2576 vero
1377 2517 1503 2575 haec
1547 2516 1875 2576 intellectus
1918 2516 2237 2593 indigentia
2277 2517 2724 2595 imperfectionis

317 2606 458 2658 nota
499 2599 574 2658 sit
605 2606 873 2676 respectu
915 2596 1048 2656 finis
1092 2596 1347 2658 nondum
1391 2596 1603 2675 adepti,
1650 2604 1713 2656 et
1754 2605 1822 2656 ut
1864 2596 2223 2675 significatur
2264 2596 2397 2658 finis
2440 2598 2719 2675 absentia,

295 2688 509 2738 tamen
563 2678 971 2758 perfectionem
1011 2677 1186 2737 etiam
1225 2677 1496 2756 designat
1535 2685 1803 2755 respectu
1842 2677 2176 2756 capacitatis
2214 2677 2291 2737 ad
2344 2679 2721 2740 obtinendum

315 2759 506 2820 finem.

397 2840 508 2900 IV.
549 2839 944 2917 Metaphysica
983 2845 1073 2898 est
1113 2837 1354 2897 scientia
1393 2837 1649 2897 omnium
1692 2857 1959 2916 suprema
1984 2839 2049 2896 in
2074 2838 2275 2899 ordine
2302 2839 2569 2914 naturali,
2614 2841 2718 2900 sed

313 2938 377 2978 se
419 2919 768 2998 superiorem
809 2918 1074 2996 agnoscit
1100 2918 1478 2995 Theologiam
1518 2919 1580 2976 in
1619 2918 1821 2979 ordine
1863 2919 2301 2997 supernaturali.
2384 2920 2554 3013 Quod
2580 2940 2721 2978 vero

312 2998 524 3058 dicitur
566 2999 720 3078 apud
751 2999 1152 3076 Philosophos‚
1199 2997 1470 3058 scientias
1512 2998 1797 3076 distingui
1839 3019 1943 3076 per
1978 2999 2256 3076 majorem
2299 3011 2401 3058 aut
2439 3001 2719 3058 minorem

311 3079 772 3154 abstractionem,
818 3087 993 3156 atque
1035 3078 1182 3136 adeo
1225 3078 1539 3154 scientiam,
1585 3099 1719 3156 quae
1762 3079 2012 3171 maxime
2056 3079 2311 3137 omnium
2360 3079 2643 3138 abstrahit
2685 3101 2723 3139 a
2820 3128 2823 3139 .

311 3160 568 3234 materia,
599 3168 666 3219 ut
693 3158 1172 3236 Metaphysicam,
1203 3177 1330 3217 esse
1358 3158 1626 3218 omnibus
1656 3157 2025 3236 superiorem,
2057 3157 2499 3236 intelligendum
2526 3167 2617 3218 est
2642 3159 2717 3218 de
2820 3152 2827 3195 ἶ

312 3239 568 3298 scientiis
594 3259 749 3297 mere
777 3238 1125 3312 theoretieiS,
1155 3245 1214 3296 et
1240 3257 1370 3315 quae
1409 3239 1642 3296 nonnisi
1683 3239 1837 3297 cirea
1874 3258 1969 3298 res
2008 3238 2365 3298 universales
2392 3247 2713 3315 versantur,
2820 3214 2829 3301 ι.

309 3337 553 3396 quaeque
582 3327 718 3378 sunt
744 3317 962 3377 ordinis
988 3317 1474 3394 naturalis3111ae
1501 3317 1655 3377 enim
1685 3338 1853 3378 suum
1895 3317 2007 3377 sibi
2047 3318 2339 3397 objectum
2378 3339 2483 3397 per
2506 3319 2720 3378 mentis

309 3397 756 3459 abstractionem
797 3396 1182 3473 constituunt3
1225 3406 1284 3456 et
1323 3417 1440 3476 quo
1482 3399 1693 3476 majori
1734 3398 2119 3458 abstractione
2162 3407 2419 3475 utuntur,
2466 3418 2537 3458 eo
2580 3408 2717 3460 sunt

309 3478 666 3556 superiores,
717 3477 834 3539 Sed
859 3496 976 3535 non
1021 3485 1212 3554 potest
1255 3477 1677 3537 accommodari
1718 3477 1795 3537 ad
1828 3478 2223 3573 Theologiam,
2254 3500 2386 3557 quae
2412 3478 2599 3539 mixta
2624 3489 2715 3540 est

307 3575 383 3616 ex
412 3559 636 3618 theoria
675 3566 736 3618 et
774 3557 958 3635 praxi,
990 3577 1120 3634 quae
1161 3557 1318 3615 omni
1346 3558 1545 3617 ordine
1574 3558 1825 3618 naturali
1866 3559 2125 3635 superior
2156 3567 2261 3634 est,
2306 3567 2365 3617 et
2406 3579 2573 3617 suum
2603 3559 2715 3618 sibi
2816 3552 2827 3625 Ι

306 3637 598 3714 objectum
642 3659 747 3716 per
787 3637 1039 3715 aliquam
1082 3637 1526 3697 abstractionem
1570 3657 1688 3696 non
1731 3635 2047 3713 constituit,
2094 3637 2197 3696 sed
2240 3637 2615 3696 constitutum
2656 3648 2717 3698 et
2812 3644 2821 3666 ¹

306 3716 642 3777 distinctum
671 3717 880 3795 accipit
905 3737 944 3776 a
970 3716 1370 3775 Revelatione.
2690 3756 2873 3790 j...-

907 3797 986 3856 V.
1033 3795 1335 3871 sseoloqia
1361 3793 1747 3854 diversimode
1775 3793 2055 3872 distingui
2084 3794 2248 3855 solet.
2336 3799 2388 3856 1.
2420 3795 2493 3854 In
2519 3816 2711 3857 veram

367 3861 736 3966 ἓὲῗέξὲζξὲή
823 3879 1126 3951 etfalsam.
1209 3877 1392 3934 Falsa
1431 3882 1492 3934 et
1530 3873 1825 3952 aequivoce
1854 3875 1936 3934 ita
1975 3875 2147 3952 dicta,
2177 3896 2307 3953 quae
2334 3885 2425 3938 est
2451 3876 2709 3938 doctrina

827 3975 1066 4014 erronea
1091 3955 1165 4014 de
1196 3955 1322 4014 Deo
1349 3955 1590 4032 ejusque
1617 3955 1797 4031 cultu,
1815 3955 1979 4014 varia
2004 3959 2111 4016 est.
2170 3957 2364 4017 Primo
2387 3957 2707 4036 Gentilium,

304 4052 479 4109 quam
507 4031 884 4110 multiplicem
921 4034 1098 4093 fuisse
1126 4042 1384 4110 constat;
1429 4034 1582 4094 unde
1609 4037 1781 4094 Plato
1824 4035 1925 4096 lib.
1955 4040 2011 4113 2,
2043 4036 2115 4097 de
2146 4037 2371 4116 Repub.
2416 4039 2705 4116 geminam

302 4112 464 4171 illam
507 4113 726 4190 statuit,
771 4110 1086 4190 συμζολικιιι,
1134 4114 1258 4174 sive
1297 4081 1513 4191 μ’θιιιιὶν,
1557 4135 1689 4194 quse
1733 4116 2029 4194 signorum
2072 4117 2387 4178 involucris
2428 4119 2707 4197 implicita

304 4193 722 4270 continebatur,
782 4195 891 4254 sub
936 4194 1146 4273 quibus
1189 4194 1390 4254 divina
1432 4194 1638 4255 docere
1683 4197 1959 4274 mysteria
2002 4197 2340 4274 Gentilium,
2386 4200 2705 4277 praesertim

305 4273 740 4352 AEgyptiorum,
771 4294 897 4334 mos
923 4285 1064 4351 erat,
1093 4283 1154 4334 et
1179 4278 1499 4349 φιλοσυφαὲι
1527 4296 1628 4335 seu
1656 4274 2008 4351 haumar»,
2040 4298 2169 4356 quae
2210 4279 2271 4336 in
2298 4299 2489 4338 rerum
2516 4279 2705 4339 divin-

305 4371 468 4411 arum
510 4355 989 4414 commentatione
1031 4357 1450 4434 occupabatur;
1505 4357 1696 4415 Varro
1737 4356 1891 4434 apud
1930 4359 2079 4434 Any.
2108 4357 2207 4417 lib.
2238 4359 2316 4418 vi.
2352 4359 2425 4417 de
2455 4360 2705 4420 Civitate

308 4433 418 4491 Dei
447 4453 572 4512 cap.
605 4436 660 4509 5,
691 4443 751 4494 et
777 4436 878 4495 lib.
910 4436 1030 4494 viii.
1062 4457 1186 4513 cap.
1223 4440 1272 4513 1,
1303 4436 1588 4514 triplicem
1617 4437 1770 4511 facit,
1799 4440 2001 4512 μυθικὴ
2030 4459 2131 4498 seu
2142 4441 2467 4512 fabulosam
2499 4441 2699 4498 Poeta-

305 4533 449 4586 rum,
470 4533 600 4590 quae
629 4515 816 4575 scenis
843 4524 903 4575 et
929 4516 1171 4575 theatris
1199 4525 1322 4575 erat
1349 4515 1653 4592 destinata,
1676 4519 1930 4580 πολιτικὸν
1958 4538 2059 4577 seu
2087 4519 2297 4578 civilem
2329 4519 2701 4578 Sacer-dotum

306 4603 364 4652 et
397 4559 620 4671 Populi,
664 4615 794 4673 quae
821 4596 1050 4673 publice
1077 4597 1456 4656 exercebatur
1499 4596 1562 4656 in
1589 4597 1865 4676 TempliS,
1906 4600 2082 4676 juxta
2124 4601 2404 4676 cujusque
2450 4599 2609 4657 urbis
2646 4612 2705 4661 et

305 4673 500 4750 gentis
528 4674 689 4749 rituS‚
721 4685 776 4736 et
805 4679 1014 4748 Qucum
1040 4697 1142 4737 seu
1185 4677 1502 4737 naturalem
1532 4678 2017 4756 Philosophorum,
2047 4699 2175 4756 quae
2204 4679 2263 4736 in
2293 4679 2506 4738 scholis
2532 4678 2701 4740 doce-
