3300 5225
531 310 650 371 388
1511 325 1693 367 Locus
1721 326 1993 375 Qum-rus.
2590 304 2849 387 [QUAEs'r.
2884 328 2961 368 ιι.

539 470 642 529 illa
669 468 863 528 creavi
890 486 1017 545 eg0,
1049 487 1254 527 manus
1281 487 1424 526 mese
1453 468 1838 527 extenderunt
1864 467 2092 542 coelum,
2124 474 2183 526 et
2208 482 2435 526 omnem
2476 468 2794 528 exercitum
2820 468 2957 529 illo-

542 570 672 609 rum
699 548 1038 627 imperavi,’'
1071 556 1130 607 et
1160 550 1252 625 18,
1287 549 1323 581 “
1345 548 1428 607 sic
1455 548 1537 607 ait
1563 548 1606 608 J
1611 548 1814 623 ehova,
1847 547 2084 607 Creator
2120 547 2412 623 coelorum,
2444 548 2494 606 is
2523 555 2611 607 est
2641 549 2819 624 Deus,
2852 550 2959 627 qui

545 630 817 689 formavit
843 638 1070 703 terram,
1097 638 1154 687 et
1173 628 1310 687 fecit
1336 628 1532 687 illam:
1577 628 1709 705 Ego
1738 647 1864 686 sum
1893 628 1937 689 J
1940 628 2143 704 ehova,
2167 637 2225 687 et
2244 648 2415 686 nemo
2436 636 2542 703 est,
2571 638 2781 706 praeter
2800 631 2958 705 me,’'

545 710 649 769 ubi
675 708 882 787 probat
907 709 1196 767 neminem
1222 716 1432 786 praeter
1458 728 1520 767 se
1547 727 1677 767 esse
1693 708 1737 769 J
1741 708 2003 782 ehovam,
2030 728 2105 767 ex
2126 728 2194 767 eo
2222 706 2379 785 quod
2407 708 2567 767 solus
2594 709 2671 769 sit
2699 710 2957 787 Creator,

547 798 607 849 et
635 810 759 866 cap.
790 789 873 847 xl.
907 791 999 864 12,
1035 790 1127 863 13,
1163 788 1366 863 “Quis
1387 808 1620 847 mensus
1649 797 1738 847 est
1752 788 1976 865 pugillo
1994 808 2099 847 suo
2127 808 2325 865 aquas,
2346 796 2404 846 et
2432 788 2641 847 coelum
2671 790 2963 867 spithama

547 870 772 947 aptavit
786 871 815 927 P
875 877 936 928 et
981 868 1337 927 mensuravit
1379 868 1634 928 trientali
1674 869 1975 947 pulverem
2015 876 2199 943 terrae,
2252 877 2311 927 et
2351 868 2625 947 appendit
2669 870 2731 927 in
2758 870 2961 928 libella

546 959 792 1025 montes,
823 957 882 1008 et
909 949 1088 1007 colles
1115 950 1176 1006 in
1203 948 1429 1007 bilance
1445 949 1512 1007 ?''
1555 954 1614 1007 et
1634 967 1693 1007 v.
1718 950 1813 1023 28,
1850 950 1885 982 “
1908 948 2123 1007 Annon
2146 948 2439 1023 audivisti,
2472 948 2633 1007 Deus
2662 950 2842 1008 seculi
2870 959 2964 1008 est

549 1030 800 1104 Jehova,
834 1028 1072 1088 Creator
1096 1028 1298 1087 finium
1325 1035 1494 1087 terrae
1520 1048 1638 1087 non
1666 1027 2077 1105 defatigabitur
2098 1029 2155 1105 ;”
2199 1027 2243 1088 J
2246 1027 2339 1086 ob.
2362 1028 2443 1088 ix.
2474 1030 2529 1103 8,
2564 1031 2599 1061 “
2622 1028 2735 1104 Qui
2756 1038 2961 1088 exten-

552 1110 640 1170 dit
667 1110 878 1168 coelum
907 1108 1082 1184 solua
1114 1118 1173 1168 et
1215 1109 1400 1168 calcat
1426 1108 1582 1169 celsa
1620 1109 1797 1167 maris
1813 1110 1869 1185 ;'’
1912 1117 1971 1168 et
1998 1107 2213 1186 passim
2241 1108 2417 1167 alibi:
2462 1108 2635 1168 Unde
2666 1110 2966 1169 Creator-is

551 1210 762 1249 nomen
789 1190 876 1247 illi
905 1189 1273 1267 singulariter
1300 1188 1426 1247 dari
1467 1189 1631 1263 solet,
1663 1196 1939 1265 tanquam
1979 1188 2275 1266 proprium
2316 1196 2375 1247 et
2400 1188 2963 1265 incommunicabile,

551 1270 709 1349 quod
737 1269 852 1328 dici
878 1288 996 1327 non
1022 1277 1234 1347 posset,
1267 1270 1317 1328 si
1345 1270 1437 1327 vis
1465 1269 1719 1327 creativa
1746 1268 1876 1327 aliis
1902 1277 2100 1346 posset
2132 1268 2558 1327 communicari.

635 1350 745 1409 IV.
791 1354 847 1409 2.
892 1348 1042 1423 Quia
1065 1350 1179 1408 hoc
1206 1350 1534 1409 charactere
1565 1349 1727 1407 Deus
1754 1349 1828 1407 ab
1869 1347 2059 1423 idolis,
2088 1358 2149 1407 et
2186 1347 2349 1407 falsis
2379 1349 2509 1407 Diis
2538 1348 2813 1408 Gentium
2842 1349 2965 1409 dis·

551 1430 854 1508 tinguitur,
894 1430 938 1489 J
941 1450 1020 1488 er.
1064 1450 1124 1499 x.
1168 1432 1259 1504 11,
1296 1432 1387 1504 12,
1436 1432 1472 1463 “
1493 1429 1592 1486 Dii
1628 1429 1732 1504 illi,
1777 1429 1879 1507 qui
1922 1428 2131 1487 coelum
2174 1436 2233 1487 et
2274 1438 2484 1488 terram
2522 1448 2644 1487 non
2684 1430 2965 1505 fecemnt,

551 1519 791 1589 pereant
818 1510 891 1570 de
919 1518 1087 1585 terra,
1119 1508 1207 1567 At
1233 1509 1276 1569 J
1281 1509 1469 1567 ehova
1497 1508 1659 1567 Deus
1686 1509 1917 1585 veritas,
1949 1508 2051 1586 qui
2084 1508 2223 1567 fecit
2248 1516 2459 1568 terram
2486 1509 2711 1568 viribus
2738 1510 2873 1585 suis,
2906 1519 2971 1569 et

555 1590 940 1668 intelligentia
981 1609 1087 1648 sua
1126 1589 1390 1647 extendit
1431 1589 1699 1664 coelum,''
1730 1586 1839 1646 Sto.
1925 1589 2005 1648 Et
2046 1588 2203 1646 Psal.
2244 1588 2399 1649 xcvi.
2442 1591 2496 1663 5,
2544 1590 2581 1622 “
2605 1589 2821 1649 Omnes
2862 1591 2967 1648 Dii

556 1671 818 1749 gentium
847 1677 982 1729 sunt
1007 1688 1101 1728 res
1127 1669 1311 1743 nihili,
1345 1667 1447 1727 sed
1487 1669 1772 1727 Dominus
1812 1668 1950 1728 fecit
1976 1668 2244 1727 coelum.''
2332 1669 2431 1727 Sic
2459 1669 2577 1728 Isa.
2604 1670 2833 1730 xxxvii.
2868 1673 2964 1729 16.

557 1750 842 1809 Ezechias
871 1750 1062 1808 Deum
1088 1769 1290 1807 verum
1320 1768 1355 1806 a
1381 1748 1543 1807 falsis
1573 1748 1704 1807 Diis
1732 1749 1998 1808 omnibus
2024 1748 2135 1808 hac
2161 1756 2300 1808 nota
2326 1749 2591 1825 secernit,
2621 1749 2778 1827 quod
2807 1754 2965 1825 sece-

556 1830 638 1888 rit
665 1832 878 1891 Coelum
906 1838 961 1889 et
989 1831 1248 1888 Terram.
1331 1828 1456 1887 Nec
1481 1837 1709 1889 tantum
1749 1828 1911 1888 falsis
1947 1828 2078 1887 Diis
2116 1829 2230 1887 hoc
2256 1828 2593 1907 denegatur,
2625 1829 2730 1889 sed
2757 1839 2815 1890 et
2840 1850 2963 1890 om-

556 1910 730 1969 nibus
757 1909 1051 1985 creaturis,
1082 1908 1222 1967 dum
1249 1908 1359 1968 soli
1389 1908 1516 1968 Deo
1543 1909 1834 1969 tribuitur.

639 1990 716 2049 V.
761 1993 817 2049 3.
862 1989 1012 2064 Quia
1040 1988 1268 2048 Creatio
1297 1995 1387 2048 est
1413 2009 1560 2066 opus
1599 1989 1840 2049 infinitae
1867 1988 2117 2065 virtutis,
2149 1988 2307 2067 quod
2346 1989 2587 2067 proinde
2614 2010 2733 2049 non
2772 1998 2967 2069 potest

557 2070 759 2149 peragi
787 2070 860 2129 ab
890 2070 1043 2128 Ente
1078 2068 1260 2144 finito,
1301 2070 1610 2147 nequidem
1649 2090 1754 2147 per
1791 2068 2025 2129 modum
2054 2069 2273 2147 Organi
2304 2070 2549 2147 physici,
2584 2068 2766 2149 (quod
2793 2071 2969 2131 debet

555 2150 1002 2229 proportionatae
1030 2168 1156 2209 esse
1185 2149 1454 2209 efficaciae
1481 2150 1558 2209 ad
1585 2148 1853 2209 effectum
1882 2170 2051 2209 suum
2076 2148 2557 2229 producendum,)
2589 2150 2693 2208 sed
2732 2170 2967 2210 causam

559 2232 1010 2309 omnipotentem
1057 2230 1332 2307 postulat.
1417 2230 1564 2289 Esse
1607 2238 1801 2290 autem
1847 2229 2087 2290 infinitae
2114 2229 2347 2288 virtutis
2393 2238 2569 2308 patet,
2613 2239 2737 2289 tum
2778 2252 2853 2290 ex
2894 2253 2966 2291 eo

557 2311 714 2390 quod
743 2312 866 2371 solo
895 2320 1040 2371 nutu
1069 2319 1127 2369 et
1154 2310 1334 2369 verbo
1378 2310 1691 2388 peragitur,
1727 2319 1853 2370 tum
1891 2331 1967 2369 ex
2004 2330 2073 2369 eo
2112 2309 2270 2387 quod
2312 2330 2415 2387 per
2456 2330 2581 2369 eam
2620 2312 2751 2370 tolli
2794 2311 2969 2371 debet

557 2392 834 2452 distantia
872 2390 1100 2449 infinita
1138 2391 1290 2450 inter
1317 2391 1442 2449 Ens
1471 2400 1530 2450 et
1556 2391 1739 2450 nihil:
1782 2391 1927 2449 Cum
1956 2391 2111 2449 enim
2140 2390 2263 2447 Ena
2292 2400 2351 2449 et
2376 2390 2523 2447 nihil
2550 2391 2879 2451 immediate
2906 2401 2969 2452 et

556 2471 999 2531 contradictorie
1040 2479 1420 2548 opponantur,
1463 2480 1524 2530 et
1563 2490 1634 2529 ea
1670 2471 1947 2529 distantia
1982 2471 2055 2529 ab
2098 2470 2349 2529 invicem
2392 2480 2811 2549 removeantur,
2852 2492 2972 2550 qua

555 2552 744 2629 major
769 2570 876 2609 nec
906 2570 1049 2627 esse,
1079 2570 1188 2609 nec
1216 2551 1444 2629 concipi
1481 2560 1690 2629 potest,
1732 2550 1944 2610 debent
1970 2550 2186 2610 distare
2227 2550 2287 2607 in
2329 2549 2651 2628 infinitum;
2694 2572 2812 2610 non
2839 2553 2967 2631 qui-

558 2633 690 2692 dem
720 2632 992 2690 destantia
1031 2633 1407 2708 perfectionis,
1438 2631 1729 2710 quomodo
1769 2633 1931 2690 Deus
1958 2631 2137 2691 distat
2176 2632 2237 2688 in
2276 2630 2565 2691 infinitum
2592 2653 2629 2690 a
2656 2634 2967 2709 Creaturis,

559 2721 619 2772 et
641 2713 764 2770 Ens
791 2712 1079 2771 infinitum
1107 2712 1282 2790 longe
1311 2712 1498 2788 magis
1520 2711 1697 2770 distat
1724 2732 1759 2770 a
1786 2711 1985 2787 nihilo,
2017 2731 2190 2789 quam
2216 2711 2461 2787 finitum,
2486 2713 2642 2790 quod
2668 2714 2971 2791 pauciores

557 2793 736 2852 habet
775 2791 1188 2870 perfectiones3
1239 2791 1356 2851 Sed
1395 2793 1667 2850 distantia
1692 2793 1953 2869 neqativa
1980 2802 2039 2851 et
2074 2793 2541 2868 contradictionis,
2579 2794 2755 2871 juxta
2795 2813 2971 2871 quam

561 2874 686 2932 Ens
713 2873 940 2932 finitum
970 2891 1132 2949 aeque
1161 2871 1340 2931 distat
1367 2891 1402 2928 a
1439 2872 1640 2946 nihilo,
1672 2892 1741 2930 ac
1782 2871 2085 2947 infinitum,
2118 2873 2255 2949 quia
2282 2872 2407 2930 Ens
2432 2872 2660 2932 finitum
2690 2894 2851 2952 aeque
2880 2883 2972 2933 est

560 2953 826 3012 nonnihil
854 2972 956 3010 seu
985 2950 1220 3029 aliquid,
1253 2971 1320 3010 ac
1349 2951 1655 3010 infinitum.
1727 2951 1895 3025 Quod
1924 2973 2062 3011 vero
2094 2952 2254 3012 Deus
2279 2973 2397 3011 non
2426 2953 2502 3011 sit
2530 2971 2603 3011 ex
2631 2955 2831 3029 nihilo,
2860 2975 2970 3014 nec

561 3033 747 3110 possit
786 3032 970 3090 relabi
1005 3031 1068 3090 in
1107 3031 1369 3108 nihilum,
1399 3041 1468 3090 ut
1495 3032 1787 3106 Creatura,
1834 3032 1897 3090 id
1938 3053 2056 3092 non
2096 3031 2311 3111 pendet
2352 3053 2431 3092 ex
2474 3033 2751 3094 distantia
2791 3055 2967 3112 nega—

561 3113 738 3172 tionis
765 3112 918 3170 inter
945 3111 1068 3170 Ens
1097 3120 1155 3170 et
1181 3111 1344 3186 nihil,
1377 3110 1479 3170 sed
1507 3131 1584 3170 ex
1611 3111 1887 3171 distantia
1926 3112 2152 3172 infinita
2190 3112 2559 3191 perfectionis
2597 3114 2750 3174 inter
2779 3115 2969 3174 Deum

563 3200 624 3252 et
652 3193 975 3252 Creaturas.
1048 3191 1214 3250 Licet
1233 3211 1374 3251 vero
1397 3191 1674 3251 Creatura
1694 3192 1880 3252 omnis
1908 3192 1985 3252 sit
2010 3193 2208 3269 finita3
2254 3193 2388 3252 Non
2416 3193 2677 3270 sequitur
2694 3194 2970 3254 virtutem

561 3272 786 3332 finitam
827 3291 997 3350 posse
1039 3271 1298 3332 sufficere
1339 3271 1416 3331 ad
1457 3291 1582 3330 eam
1624 3271 2088 3350 producendam;
2135 3273 2285 3348 Quia
2325 3273 2737 3351 distinguenda
2763 3285 2853 3334 est
2876 3295 2971 3334 res

563 3355 691 3431 ipsa
718 3373 754 3412 a
779 3355 944 3412 modo
962 3354 1322 3430 producendi
1334 3376 1358 3426 ,·
1403 3351 1727 3412 substantia
1752 3352 2033 3431 producta
2062 3353 2235 3413 debet
2261 3373 2388 3412 esse
2432 3353 2611 3430 finita,
2648 3355 2785 3431 quia
2824 3355 2973 3413 nihil

561 3433 851 3494 infinitum
887 3433 1128 3510 produci
1166 3441 1374 3510 potest,
1407 3431 1512 3492 sed
1548 3432 1759 3492 modus
1799 3433 2152 3511 producendi
2192 3454 2311 3492 non
2337 3434 2551 3493 desinit
2576 3455 2703 3493 esse
2731 3434 2973 3494 infinitae

562 3515 813 3591 virtutis,
857 3515 995 3592 quia
1043 3513 1461 3593 omnipotentia
1506 3514 1817 3591 requiritur
1858 3513 1935 3572 ad
1981 3513 2315 3574 Creaturam
2364 3535 2440 3574 ex
2487 3515 2670 3574 nihilo
2719 3515 2971 3574 educen-

643 3677 757 3735 VI.
799 3679 858 3735 4.
903 3675 1052 3751 Quia
1079 3674 1268 3734 omnis
1312 3673 1588 3735 Creatura
1613 3673 1737 3752 agit
1763 3673 2156 3752 dependenter
2182 3695 2217 3732 a
2244 3674 2527 3752 subject0,
2558 3683 2619 3735 et
2646 3675 2974 3754 subjectum

497 3767 504 3775 ‘
563 3757 806 3834 requirit
833 3756 986 3815 circa
1011 3755 1170 3832 quod
1197 3763 1481 3832 operetur.
1553 3753 1640 3814 At
1666 3755 1761 3814 hic
1782 3755 2007 3814 nullum
2028 3754 2200 3814 datur
2221 3755 2545 3832 subjectum
2574 3756 2972 3832 praeexistens,

566 3855 699 3894 cum
725 3836 939 3894 creatio
967 3835 1114 3894 illud
1139 3834 1314 3893 faciat
1341 3844 1400 3894 et
1425 3842 1620 3912 ponat,
1650 3855 1769 3892 non
1796 3843 2101 3913 supponat.
2144 3838 2200 3896 5.
2242 3836 2431 3895 Causa
2456 3836 2644 3894 omnis
2672 3843 2790 3895 tam
2818 3836 2978 3913 prin-

567 3913 770 3990 cipalis
807 3933 982 3990 quam
1021 3915 1478 3974 instrumentalis
1517 3913 1694 3973 debet
1734 3933 1879 3992 opus
1920 3915 2111 3993 ipsum
2150 3915 2453 3992 attingere,
2483 3924 2544 3974 et
2586 3917 2877 3994 propriam
2906 3937 2979 3976 ac

567 3993 915 4070 peculiarem
943 3993 1063 4052 vim
1089 3993 1322 4068 habere,
1349 4013 1468 4070 qua
1487 4002 1626 4070 agat
1652 3993 1857 4053 saltem
1885 3995 2225 4074 dispositive
2254 3993 2329 4054 ad
2356 3995 2625 4056 effectum
2654 3996 2975 4074 producen-

567 4072 743 4130 dum:
787 4070 874 4131 At
915 4072 1078 4130 nulla
1119 4073 1394 4132 Creatura
1435 4080 1628 4150 potest
1672 4092 1741 4131 eo
1780 4073 2015 4150 elevari,
2058 4085 2125 4135 ut
2164 4095 2351 4154 capax
2392 4077 2469 4135 sit
2511 4077 2701 4154 operis
2742 4076 2980 4136 virtutis

567 4150 808 4210 infinitae
837 4151 962 4210 sive
987 4151 1396 4229 principaliter,
1428 4153 1552 4211 sive
1580 4152 2109 4232 instrumentaliter,
2140 4163 2200 4216 et
2226 4176 2295 4214 ea
2322 4155 2639 4232 effectione,
2669 4177 2801 4233 quae
2829 4176 2979 4234 opus

567 4231 757 4308 ipsum
787 4232 1053 4309 attingat,
1082 4239 1208 4290 tum
1235 4231 1374 4309 quia
1399 4240 1489 4292 est
1513 4233 1667 4292 actio
1694 4233 2073 4312 mstantanea,
2104 4237 2365 4314 adeoque
2398 4237 2831 4314 praeparationis
2858 4256 2981 4295 non

567 4311 786 4388 indiga,
832 4319 958 4371 tum
998 4311 1135 4390 quia
1179 4310 1504 4390 subjectum
1545 4314 1771 4373 nullum
1812 4315 2007 4392 habet,
2054 4317 2115 4374 in
2158 4336 2275 4394 quo
2320 4316 2449 4395 ejus
2496 4337 2671 4395 opera
2708 4317 2983 4395 occupari

607 4401 760 4452 ueat.

566 4412 608 4470 q
648 4471 798 4531 VII.
843 4471 1009 4532 Licet
1036 4471 1326 4532 Creaturae
1365 4474 1590 4550 possint
1615 4495 1955 4536 concurrere
1983 4476 2059 4536 ad
2098 4477 2480 4556 patrationem
2522 4477 2979 4554 Miraculorum3

568 4552 704 4612 Non
731 4552 991 4630 sequitur
1015 4553 1230 4630 pariter
1255 4573 1592 4614 concurrere
1619 4575 1789 4633 posse
1811 4555 1888 4615 ad
1916 4556 2311 4634 Creationem3
2357 4561 2409 4616 1.
2432 4557 2571 4636 quia
2595 4557 2658 4616 in
2682 4557 2985 4618 miraculis

569 4633 909 4713 supponitur
935 4653 1161 4714 semper
1187 4634 1530 4714 subjectum,
1561 4635 1715 4698 circa
1732 4637 1891 4716 quod
1917 4637 2362 4700 instrumentum
2389 4637 2609 4698 versari
2635 4638 2841 4718 potuit,
2872 4637 2983 4698 scd
