3300 5225
549 341 622 407 12
1537 354 1721 396 Locus
1750 354 1983 396 Pmims.
2568 330 2831 414 [omns-r.
2863 354 2946 396 ιν.

541 496 837 558 Posterius
863 502 1018 557 recte
1046 494 1256 555 dicitur
1280 495 1355 554 de
1383 495 1672 555 Gentibus
1701 494 1835 554 Act.
1864 494 2007 553 xvii.
2038 496 2132 569 26,
2164 497 2260 569 27,
2292 493 2393 552 sed
2420 512 2537 552 non
2564 494 2741 571 prius.
2826 494 2951 555 Nec

537 580 588 636 si
616 578 756 636 alibi
781 578 844 635 in
875 576 1170 653 Scriptura
1194 580 1250 634 τὶ
1279 594 1532 652 quaerere
1559 578 1749 634 Deum
1776 574 2061 651 significat
2088 572 2164 631 ad
2188 573 2363 632 fidem
2396 574 2524 651 ejus
2552 574 2862 651 confugere
2890 583 2949 634 et

537 658 740 733 gratiae
767 657 895 734 ejus
921 656 1252 733 praesidium
1279 663 1566 732 expetere,
1603 662 1665 714 et
1690 674 1813 713 eum
1840 654 2084 713 invenire
2110 660 2273 712 notat
2300 654 2617 730 expetitum
2646 656 2775 731 ejus
2802 674 2944 731 prae·

537 736 750 795 sidium
778 736 1052 810 obtinere,
1083 744 1142 793 et
1170 736 1592 794 sanctissimum
1613 736 1742 811 ejus
1764 734 1991 792 Numen
2007 734 2317 811 propitium
2346 732 2626 810 experiri3
2675 733 2949 811 Sequitur

535 816 649 875 hoc
676 815 737 872 in
763 817 891 873 loco
919 815 1121 873 eodem
1149 834 1322 873 sensu
1348 813 1787 891 intelligendum
1816 832 1977 873 esse:
2037 812 2185 888 Quia
2206 821 2265 871 et
2284 812 2515 870 diversa
2535 822 2670 871 sunt
2696 814 2943 890 objecta,

537 902 599 954 et
638 895 810 972 plane
837 894 1068 952 diversa
1093 894 1388 971 quaerendi
1414 894 1579 952 ratiO.
1665 893 1738 951 In
1778 892 1907 951 aliis
1946 891 2091 951 locis
2132 912 2263 969 quae
2290 890 2621 967 afferuntur,
2652 893 2845 969 agitur
2871 893 2945 952 de

535 975 751 1051 populo
774 973 888 1033 Dei
912 972 1230 1033 foederato:
1273 974 1347 1031 In
1372 973 1484 1032 hoc
1509 991 1649 1031 vero
1678 971 1751 1031 de
1778 972 1849 1030 iis
1876 980 2117 1047 tantum,
2148 972 2249 1048 qui
2274 971 2537 1030 extranei
2562 980 2727 1031 erant
2752 972 2943 1049 quoad

532 1062 835 1131 pactorum
861 1054 1288 1131 promissiones.
1373 1052 1445 1109 In
1471 1052 1544 1111 iis
1570 1051 1642 1110 de
1670 1051 1743 1109 iis
1770 1052 1871 1128 qui
1901 1051 2091 1110 Deum
2119 1060 2515 1127 cognoverunt
2542 1050 2603 1109 in
2631 1052 2847 1128 Verb0‚
2882 1060 2943 1112 et

537 1132 707 1191 Idola
749 1132 1063 1191 abominati
1106 1140 1240 1191 sunt
1264 1154 1279 1192 ε
1324 1132 1396 1190 Ιιι
1435 1132 1546 1191 hoc
1587 1131 1661 1190 de
1704 1130 2051 1205 Idololatria,
2098 1130 2309 1206 quibus
2338 1130 2499 1189 Deus
2536 1140 2660 1191 erat
2685 1132 2939 1209 ignotus,

535 1212 608 1269 In
635 1212 753 1270 illis
781 1212 853 1271 de
881 1211 1191 1289 quaerendo
1231 1219 1291 1271 et
1330 1210 1678 1270 inveniendo
1721 1210 1832 1269 Dei
1872 1210 2091 1287 cogniti
2118 1209 2315 1268 favore
2340 1229 2445 1287 per
2472 1210 2783 1271 Christum.
2868 1213 2941 1270 In

531 1291 642 1350 hoc
669 1312 808 1350 vero
852 1291 926 1351 de
972 1292 1098 1350 Deo
1141 1292 1342 1368 ignoto
1368 1310 1472 1367 per
1512 1310 1687 1369 opera
1724 1300 1945 1349 naturae
1988 1296 2047 1347 et
2088 1288 2465 1367 providentiae
2502 1290 2828 1366 quaerendo,
2874 1299 2943 1351 ut

529 1380 927 1448 cognoscatur,
976 1379 1035 1429 et
1074 1371 1148 1430 ab
1179 1370 1363 1429 Idolis
1403 1370 1778 1429 discernatur.
1864 1368 2131 1445 Denique
2158 1369 2219 1427 in
2245 1368 2363 1427 illis
2390 1369 2726 1447 simpliciter
2752 1379 2811 1429 et
2837 1372 2935 1431 ab·

527 1451 714 1509 solute
743 1450 953 1510 dicitur
979 1449 1180 1509 fideles
1209 1450 1400 1509 Deum
1443 1468 1700 1526 quaerere
1742 1447 1950 1507 debere
1990 1456 2057 1507 ut
2082 1468 2213 1507 eum
2248 1448 2324 1506 ad
2350 1448 2595 1508 salutem
2621 1450 2935 1527 inveniant,

527 1529 632 1587 sed
659 1529 720 1587 in
745 1531 856 1589 hoc
885 1531 1076 1587 Deum
1103 1529 1234 1588 ideo
1261 1529 1323 1585 in
1359 1529 1576 1587 mundo
1604 1528 1904 1586 condendo
1932 1536 1991 1587 et
2016 1528 2270 1605 regendo
2310 1530 2582 1606 potentiae
2624 1538 2683 1589 et
2710 1530 2937 1588 Divini-

525 1608 663 1667 tatis
693 1628 812 1667 suae
853 1608 1199 1667 documenta
1225 1606 1453 1666 dedisse
1481 1607 1823 1683 istiusmodi,
1870 1607 2081 1684 quibus
2124 1608 2531 1667 inducerentur
2569 1607 2645 1667 ad
2682 1611 2937 1669 omnium

523 1686 880 1747 conditorem
923 1708 992 1747 eo
1033 1687 1206 1746 modo
1233 1686 1620 1765 quaerendum,
1653 1706 1859 1765 nempe
1886 1686 1937 1747 si
1962 1687 2135 1746 modo
2158 1690 2460 1765 palpando
2488 1708 2613 1746 eum
2638 1689 2935 1765 inveniant,

523 1767 684 1845 quod
726 1766 798 1826 de
844 1768 1072 1826 Sanctis
1111 1767 1201 1843 iis,
1249 1786 1493 1844 quorum
1520 1767 1582 1825 in
1609 1767 1686 1825 V.
1717 1767 1785 1826 Τ.
1815 1767 1882 1826 fit
1916 1768 2150 1843 menti0,
2196 1768 2297 1846 qui
2340 1767 2674 1827 certissimis
2720 1769 2832 1827 Dei
2876 1770 2935 1828 in

525 1847 755 1906 Christo
781 1847 1080 1925 promissis
1107 1846 1233 1905 nixi
1260 1845 1336 1905 ad
1362 1866 1494 1905 eum
1522 1846 1793 1905 accedere
1822 1847 1977 1906 soliti
2004 1856 2157 1924 sunt,
2202 1847 2317 1907 dici
2357 1847 2567 1907 debere
2607 1868 2776 1907 nemo
2804 1848 2931 1908 dix-

523 1927 652 1986 erit.

603 2007 786 2067 VIII.
819 2007 1011 2066 Locus
1035 2007 1203 2066 Rom.
1233 2006 1272 2067 i.
1299 2010 1391 2082 19,
1419 2010 1514 2083 20,
1539 2008 1612 2067 (10
1637 2010 1849 2085 νου-τᾷ
1873 2013 1962 2068 τοῦ
1989 2013 2119 2070 Θεοῦ
2138 2028 2254 2067 non
2276 2007 2433 2066 favet
2454 2007 2749 2084 Religioni
2776 2028 2929 2067 com-

519 2087 680 2147 muni
708 2106 812 2165 per
838 2106 1014 2164 quam
1041 2107 1240 2147 omnes
1267 2088 1491 2164 possint
1520 2088 1750 2163 salvari,
1783 2098 1842 2147 et
1868 2109 1998 2166 quae
2027 2088 2270 2147 sufficiat
2297 2086 2371 2146 ad
2394 2088 2656 2145 salutem.
2721 2090 2772 2147 l.
2796 2088 2933 2165 quia

517 2166 709 2243 agitur
725 2168 820 2226 hic
841 2176 1065 2227 tantum
1087 2167 1161 2226 de
1179 2172 1402 2244 γνυπᾷ,
1428 2187 1544 2226 ιιοιι
1565 2167 1638 2226 (10
1666 2172 1852 2245 rao-ref,
1877 2168 2033 2246 quod
2052 2168 2239 2227 solum
2260 2176 2349 2227 est
2370 2167 2635 2225 salutare.
2698 2171 2753 2226 2.
2781 2168 2927 2227 Pau·

515 2246 609 2305 lus
636 2246 778 2306 dicit
803 2252 858 2305 τὶ
885 2254 1097 2321 φατι-ὃν
1127 2248 1238 2307 Dei
1265 2246 1612 2325 patefactum
1641 2268 1769 2308 esse
1800 2248 2105 2325 Gentibus,
2130 2248 2234 2307 sed
2254 2267 2370 2305 non
2397 2250 2502 2306 κᾶν
2526 2251 2753 2318 yma-rb,
2786 2248 2930 2306 illud

515 2326 737 2386 scilicet
764 2328 922 2405 quod
948 2327 1150 2387 haberi
1175 2336 1368 2406 potest
1395 2346 1470 2386 ex
1497 2327 1646 2387 libro
1674 2337 1913 2404 naturae,
1943 2348 2062 2386 non
2090 2336 2281 2386 autem
2310 2326 2456 2385 illud
2476 2347 2644 2385 omne
2672 2327 2828 2404 quod
2856 2327 2929 2387 de

517 2406 644 2464 Deo
673 2408 945 2484 cognosci
972 2415 1163 2485 potest
1191 2428 1266 2466 ex
1295 2407 1510 2482 Verbo,
1557 2418 1617 2466 et
1658 2407 1816 2483 quod
1856 2408 2006 2466 scitu
2032 2406 2417 2465 necessarium
2446 2414 2535 2465 est
2561 2406 2637 2465 ad
2665 2407 2925 2484 salutem,

513 2486 686 2562 quale
713 2493 804 2545 est
833 2488 1178 2563 Mysterium
1207 2486 1522 2560 Trinitatis,
1554 2494 1613 2543 et
1641 2486 1858 2544 Christi
1886 2484 2305 2562 RedemptoriS,
2339 2481 2447 2543 &a
2531 2489 2587 2545 3.
2630 2488 2925 2565 restringi-

512 2573 610 2625 tur
636 2564 710 2624 ab
739 2564 1026 2642 Apostolo
1053 2564 1198 2624 illud
1225 2568 1440 2642 ymo-riv
1465 2564 1541 2622 ad
1557 2565 1871 2639 potentiam
1888 2565 2009 2624 Dei
2031 2573 2085 2623 et
2110 2567 2226 2640 ejus
2252 2564 2635 2642 Dabim'tatem,
2655 2566 2719 2626 id
2738 2576 2827 2627 est
2853 2568 2929 2627 ad

513 2644 903 2721 cognitionem
932 2645 1255 2703 existentiae
1279 2645 1391 2704 Dei
1418 2651 1477 2702 et
1503 2643 1733 2702 illorum
1762 2644 2183 2722 attributorum,
2215 2665 2345 2723 quae
2372 2645 2433 2703 in
2465 2647 2733 2723 operibus
2756 2648 2923 2708 Crea-

512 2724 688 2784 tionis
717 2733 776 2784 et
799 2724 1194 2784 Providentiae
1223 2725 1284 2782 in
1313 2741 1515 2783 sensus
1542 2724 1733 2801 magis
1759 2724 2075 2800 incurrunt,
2120 2725 2277 2802 quod
2317 2725 2393 2784 ad
2419 2726 2796 2805 Theologiam
2824 2749 2923 2786 na-

511 2804 757 2864 turalem
804 2804 1002 2864 referri
1045 2805 1228 2864 solet:
1292 2804 1408 2864 Sed
1445 2823 1561 2862 non
1604 2803 1939 2864 extenditur
1980 2805 2053 2864 ad
2096 2805 2482 2883 cognitionem
2510 2807 2826 2866 voluntatis
2866 2816 2925 2866 et

510 2883 916 2944 misericordiae
957 2885 1086 2962 ejus
1126 2885 1188 2942 in
1216 2885 1461 2959 christo,
1491 2903 1624 2962 quae
1650 2903 1725 2942 ex
1754 2885 1952 2944 Verbo
1979 2893 2221 2962 tantum,
2268 2906 2631 2964 nequaquam
2668 2905 2808 2944 vero
2848 2907 2925 2945 ex

512 2965 782 3042 operibus
813 2965 925 3024 Dei
950 2963 1150 3023 haberi
1177 2972 1384 3042 potest,
1417 2964 1540 3024 sine
1567 2983 1685 3042 qua
1710 2971 1903 3024 tamen
1930 2966 2091 3024 nulla
2119 2966 2293 3026 salus,
2362 2971 2423 3026 4.
2453 2967 2568 3026 tale
2596 2974 2685 3024 est
2710 2971 2923 3036 γνωστὸν

509 3043 672 3122 quod
709 3063 826 3103 non
870 3044 986 3102 alio
1029 3052 1220 3121 potest
1261 3044 1564 3123 pertinere,
1602 3063 1777 3121 quam
1820 3053 1887 3104 ut
1929 3044 2134 3106 reddat
2175 3046 2438 3126 homines
2478 3046 2919 3123 inexcusabiles,

513 3125 684 3182 Rom.
714 3124 752 3182 i.
784 3125 881 3184 20.
966 3125 1022 3183 N
1023 3145 1090 3183 ec
1114 3124 1398 3203 particula
1436 3129 1499 3189 εἰς
1537 3129 1594 3183 r}
1634 3143 1767 3201 quae
1792 3125 1875 3184 ibi
1912 3126 2157 3185 habetur
2198 3125 2370 3185 debet
2413 3125 2660 3202 intelligi
2697 3135 2922 3186 tantum

510 3204 887 3281 eventualiter,
931 3212 998 3264 ut
1023 3213 1255 3266 notetur
1281 3206 1364 3264 rei
1393 3213 1766 3282 eventus.per
1792 3205 2076 3281 accidens,
2108 3205 2213 3264 sed
2238 3205 2413 3264 etiam
2442 3207 2704 3286 finaliter
2730 3207 2923 3284 quoad

514 3284 626 3342 Dei
655 3284 974 3360 consilium,
1018 3285 1155 3362 quia
1195 3293 1438 3344 eventus
1464 3285 1574 3344 iste
1601 3305 1719 3344 non
1746 3292 1939 3363 potest
1963 3304 2081 3344 non
2108 3304 2235 3344 esse
2264 3305 2299 3343 a
2328 3285 2453 3344 Deo
2482 3287 2753 3361 intentus,
2790 3307 2921 3346 cum

509 3363 606 3422 hic
633 3373 841 3442 agatur
867 3364 952 3504 (Ιίλιῖ3
967 3384 1140 3442 opere
1167 3363 1325 3443 quod
1351 3364 1490 3424 facit
1519 3365 1681 3424 Deus
1709 3386 1785 3424 ex
1812 3365 2061 3443 decreto,
2104 3384 2221 3425 non
2262 3364 2335 3424 de
2377 3385 2447 3424 eo
2478 3365 2635 3443 quod
2661 3367 2923 3444 praecipit

511 3451 736 3504 tantum
764 3465 840 3504 ex
1033 3489 1046 3504 .

594 3523 712 3584 IX.
757 3525 928 3600 Quod
955 3465 1180 3585 {eufficit
1217 3524 1292 3584 ad
1328 3523 1889 3585 inexcusabilitatem
1917 3544 2033 3584 non
2079 3523 2271 3583 statim
2317 3523 2526 3584 sufficit
2552 3524 2626 3582 ad
2656 3524 2916 3602 salutem,

509 3605 560 3665 si
587 3625 656 3665 eo
684 3605 831 3665 bene
856 3607 1073 3683 utaris;
1117 3605 1285 3684 plura
1309 3605 1465 3664 enim
1491 3605 1863 3683 requiruntur
1888 3605 1964 3664 ad
1991 3605 2233 3664 salutem
2272 3603 2701 3681 conficiendam,
2746 3626 2919 3682 quam

507 3684 582 3744 ad
610 3685 1034 3748 damnationem
1068 3687 1230 3764 juste
1257 3695 1316 3746 et
1341 3684 1732 3758 ἅναπολογῆτυς
1772 3683 2205 3760 incurrendam3
2249 3685 2466 3742 malum
2492 3685 2645 3743 enim
2674 3705 2751 3744 ex
2777 3707 2917 3763 quo—

504 3765 650 3824 libet
676 3766 904 3828 defectu
932 3768 1146 3843 oritur3
1189 3775 1250 3826 at
1275 3767 1492 3828 bonum
1521 3767 1760 3846 requirit
1787 3766 2072 3843 integram
2100 3783 2365 3841 causam;
2408 3783 2467 3823 v,
2498 3784 2555 3844 g.
2599 3765 2699 3843 qui
2740 3766 2919 3845 impe-

505 3846 658 3921 gerit
682 3845 745 3902 in
771 3866 888 3904 uno
915 3867 1048 3906 reus
1075 3855 1166 3906 est
1193 3848 1464 3923 omnium,
1511 3868 1588 3906 ex
1629 3847 1675 3906 J
1676 3867 1761 3906 ac.
1790 3846 1851 3906 ii.
1885 3848 1977 3922 10,
2026 3845 2130 3904 sed
2169 3864 2283 3903 non
2314 3845 2507 3921 statim
2548 3845 2649 3924 qui
2688 3846 2917 3907 benefe-

506 3923 650 3982 cerit
676 3923 738 3981 in
762 3943 880 3983 uno
915 3927 1112 4002 Justus
1139 3935 1230 3985 est
1255 3927 1317 3983 in
1343 3927 1644 4002 omnibus;
1688 3927 1861 3985 unius
1901 3925 2123 4002 peccati
2164 3925 2437 3985 admissio
2464 3933 2654 4004 potest
2681 3927 2918 3986 reddere

505 4003 803 4062 hominem
825 4004 1295 4078 inexcusabilem,
1334 4005 1438 4064 sed
1462 4006 1636 4064 unius
1662 4005 1800 4064 boni
1830 4006 2019 4082 operis
2044 4005 2303 4083 impletio
2331 4025 2449 4065 non
2478 4007 2686 4066 sufficit
2712 4008 2788 4065 ad
2814 4008 2916 4066 ho-

503 4082 719 4142 minem
748 4083 1124 4160 salvandum3
1172 4083 1269 4143 Sic
1295 4083 1721 4144 inexcusabiles
1748 4093 1912 4144 erant
1934 4085 2213 4162 Gentile8‚
2243 4086 2403 4164 quod
2428 4087 2557 4146 loco
2584 4087 2755 4145 unius
2785 4085 2915 4161 Dei,

505 4181 679 4240 quem
704 4171 971 4241 poterant
1009 4184 1086 4222 ex
1127 4163 1346 4222 lumine
1390 4173 1610 4224 naturae
1656 4183 2019 4241 cognoscere,
2066 4164 2397 4226 innumeros
2442 4166 2552 4226 sibi
2594 4166 2915 4242 fingerent:

509 4242 627 4302 Sed
653 4263 769 4302 non
796 4243 928 4303 ideo
956 4243 1210 4322 cognitio
1237 4243 1410 4303 unius
1439 4244 1552 4304 Dei
1578 4251 1770 4322 potest
1797 4242 1911 4303 dici
1940 4243 2197 4304 sufficere
2231 4246 2493 4305 absolute
2534 4244 2609 4303 ad
2650 4245 2914 4304 salutem.

505 4323 600 4382 Ita
626 4323 1098 4385 inexcusabilitas
1141 4324 1256 4384 ista
1297 4324 1699 4402 restringenda
1742 4334 1831 4384 est
1872 4323 1947 4382 ad
1987 4326 2284 4386 materiam
2318 4326 2637 4402 subjectam
2682 4323 2755 4382 de
2798 4344 2915 4401 qua

501 4404 625 4481 agit
655 4403 990 4482 Apostolus,
1035 4404 1304 4464 nimirum
1333 4404 1406 4462 ad
1435 4403 1818 4464 idololatriam
1846 4424 1977 4482 quae
2004 4405 2323 4465 sufficiebat
2349 4404 2423 4464 ad
2452 4423 2649 4463 corum
2677 4403 2910 4463 damna-

499 4485 731 4561 tionem,
762 4485 901 4544 licet
926 4485 1054 4563 ejus
1082 4484 1220 4562 fuga
1246 4505 1364 4544 non
1392 4484 1675 4545 sufficeret
1702 4485 1778 4543 ad
1806 4486 2066 4545 salutem.

583 4565 666 4624 X.
711 4564 894 4624 Aliud
923 4573 1013 4625 est
1039 4565 1328 4624 hominem
1357 4585 1484 4625 esse
1513 4565 1903 4626 excusabilem
1932 4567 2027 4624 vel
2054 4561 2449 4625 excusandum
2470 4585 2507 4640 3·
2536 4562 2693 4622 aliud
2721 4565 2908 4623 salva-

499 4643 672 4704 bilem
701 4645 797 4706 vel
839 4645 1197 4725 salvandum,
1244 4646 1294 4707 si
1335 4646 1684 4708 excusabilis
1711 4657 1799 4708 est
1828 4655 2049 4708 tantum
2078 4667 2113 4708 a
2142 4655 2295 4705 tanto
2340 4663 2456 4704 non
2500 4665 2535 4703 a
2579 4655 2705 4721 tote,
2754 4645 2913 4723 quod
