3300 5225
625 1360 1321 1453 PRAEFATIO
1422 1360 1580 1451 AD
1680 1362 2404 1455 LECTOREM.

1234 1647 1328 1659 Μ

397 1856 575 1921 Non
605 1878 871 1939 possum,
903 1858 1186 1925 Lucros
1215 1862 1618 1941 Bmmvom,
1655 1865 1805 1945 quin
1836 1864 2051 1946 paucis
2080 1862 2182 1928 hic
2212 1864 2279 1927 in
2308 1862 2540 1943 limine,
2588 1882 2729 1927 oon-

279 1953 429 2019 silii
461 1955 586 2019 mei
639 1956 706 2019 in
735 1955 974 2021 edendo
1023 1958 1147 2021 isto
1185 1961 1348 2040 quod
1397 1961 1566 2027 vides
1614 1964 1841 2044 Opere,
1893 1963 2169 2027 rationes
2220 1969 2287 2027 et
2326 1982 2577 2041 scopum
2609 1959 2729 2023 tibi

285 2053 608 2133 aperiam,
663 2076 742 2119 ne
795 2055 968 2117 aliud
1021 2057 1100 2121 de
1147 2079 1222 2122 eo
1275 2079 1546 2136 oenseaS,
1601 2082 1785 2142 quam
1832 2062 1999 2141 quod
2048 2068 2145 2125 est
2186 2080 2418 2135 revera,
2452 2059 2550 2123 vel
2577 2057 2729 2121 mihi
2849 2090 2855 2097 ·

287 2153 642 2231 quiequam
688 2154 804 2217 hae
850 2153 916 2217 in
965 2162 1144 2235 parte
1197 2157 1536 2235 adscribas,
1593 2179 1631 2220 a
1664 2178 1785 2237 quo
1816 2159 1910 2221 fui
1942 2178 2185 2238 semper
2214 2158 2469 2222 alienus,
2572 2156 2729 2218 Cum

287 2250 478 2312 enim
509 2257 612 2313 tot
639 2250 1064 2316 laudatissima
1089 2254 1272 2319 istius
1300 2255 1542 2335 generis
1595 2254 1846 2335 Scripta
1877 2276 1917 2317 a
1944 2254 2121 2318 Viris
2156 2253 2481 2333 Theologis
2514 2254 2725 2317 haete-

291 2367 432 2410 nus
461 2348 636 2411 edita
661 2349 806 2424 sint,
841 2371 1102 2430 quorum
1131 2352 1310 2432 copia
1339 2351 1659 2417 Studiosos
1694 2372 1857 2433 saepe
1888 2352 2103 2431 inopes
2133 2350 2303 2425 facit,
2333 2349 2603 2413 incertos
2624 2349 2727 2413 oui

291 2445 704 2524 potissimum
734 2447 1017 2512 addicere
1045 2470 1114 2513 se
1143 2451 1449 2525 debeant3
1502 2450 1881 2515 temeritatis
1917 2448 2014 2513 vel
2044 2446 2477 2530 imprudentiae
2512 2454 2727 2511 notam

296 2542 425 2605 vix
454 2545 718 2627 effugere
749 2566 930 2625 posse
958 2547 1190 2624 videor,
1221 2548 1367 2612 dum
1399 2569 1530 2632 ego,
1559 2548 1667 2630 qui
1698 2548 1839 2615 illos
1868 2568 1982 2614 neo
2002 2547 2268 2630 ingenio,
2298 2566 2412 2612 nec
2440 2544 2728 2612 doctrina

299 2661 452 2704 sum
483 2643 948 2724 comparanduS,
1003 2647 1228 2727 quique
1276 2669 1374 2710 me
1427 2650 1508 2710 ab
1561 2648 1638 2710 iis
1687 2646 1969 2711 omnibus
2020 2647 2393 2727 imparatum
2442 2663 2724 2726 agnosco,

301 2760 454 2820 quae
477 2742 558 2804 ad
579 2748 820 2804 tantum
849 2763 1004 2822 opus
1033 2765 1174 2807 eum
1201 2743 1386 2808 laude
1413 2746 1839 2824 exequendum
1866 2743 2284 2823 requiruntur,
2318 2762 2487 2805 meos
2516 2747 2725 2804 tamen

303 2845 574 2902 conatus
606 2839 670 2900 in
699 2841 816 2903 hoe
850 2841 1157 2906 scribendi
1191 2863 1415 2922 genere
1443 2842 1510 2904 in
1539 2842 1809 2904 medium
1842 2841 2209 2921 protrudere
2238 2840 2517 2920 audeam,
2546 2837 2723 2917 quasi

305 2935 448 3000 Soli
477 2937 674 3000 lucem
704 2938 991 3000 foenerari
1019 2959 1280 3019 possem,
1304 2940 1402 3002 vel
1423 2939 1626 3002 Iliada
1645 2945 1789 3019 post
1817 2938 2157 3002 Homerum
2178 2937 2395 3003 vellem
2432 2935 2721 3000 seribere.

310 3033 554 3096 Verum
586 3040 996 3114 praeterquam
1027 3037 1192 3116 quod
1219 3035 1350 3099 sola
1376 3036 1657 3100 Muneris
1678 3036 1829 3100 mihi
1858 3034 2132 3117 impositi
2162 3033 2541 3100 conscientia
2570 3033 2724 3096 satis

308 3151 620 3211 superque
651 3152 750 3195 me
777 3134 941 3196 tueri
971 3133 1074 3197 hio
1117 3141 1347 3214 posset,
1383 3134 1549 3214 quod
1599 3134 1755 3197 nihil
1792 3155 1915 3198 non
1963 3133 2330 3198 tentandum
2358 3130 2725 3212 praescribit,

308 3232 388 3290 ut
419 3248 774 3310 quacunque
801 3231 1063 3312 ratione,
1095 3232 1221 3295 sive
1255 3231 1396 3294 viva
1423 3252 1570 3296 voce
1599 3231 1731 3297 sive
1776 3232 2029 3313 scripto,
2061 3231 2105 3293 J
2108 3231 2421 3296 uventutis
2455 3230 2593 3293 Deo
2626 3249 2723 3292 sa-

309 3347 437 3390 erae
492 3327 698 3390 studia
745 3335 1261 3408 promoveantur3
1329 3335 1404 3392 ut
1445 3330 1512 3392 in
1579 3329 2005 3394 Tabernaculo
2053 3328 2306 3392 Domini
2360 3325 2722 3401 extruendo,

309 3423 642 3488 laudabilis
660 3426 848 3489 etiam
869 3427 991 3490 fuit
1023 3447 1234 3490 eorum
1255 3426 1592 3508 diligentia,
1617 3427 1795 3507 quisi
1821 3447 2057 3502 aurum,
2078 3433 2419 3507 argentum,
2452 3444 2721 3492 coecum.

310 3529 383 3584 et
415 3522 538 3584 alia
570 3523 636 3584 id
663 3543 856 3604 genus
911 3525 1276 3606 pretiosiora.
1307 3527 1586 3589 conferre
1637 3545 1761 3589 non
1792 3531 2108 3604 poterant,
2138 3543 2222 3586 aes
2254 3522 2475 3586 saltem
2506 3528 2575 3584 et
2600 3523 2721 3582 fer-

310 3639 476 3701 rum,
508 3625 574 3682 et
597 3621 826 3684 viliora
849 3642 1106 3703 quaeque
1124 3643 1260 3704 quae
1284 3642 1472 3702 penes
1493 3642 1562 3686 se
1593 3623 1927 3701 habebant,
1944 3621 2069 3683 imo
2095 3626 2159 3681 et
2187 3617 2394 3697 pelle&
2418 3625 2485 3680 et
2508 3635 2722 3696 capra-

313 3737 454 3780 rum
480 3717 640 3797 pilos
669 3719 892 3784 offerre
923 3741 1046 3784 non
1076 3721 1471 3798 verebantur,
1503 3719 1642 3781 Deo
1666 3737 1790 3780 uon
1815 3737 1895 3780 ex
1924 3716 2127 3796 pretio
2156 3733 2362 3778 rerum
2394 3714 2577 3788 dona,
2610 3713 2723 3778 sed

313 3835 400 3877 ex
426 3815 614 3878 animi
646 3817 872 3881 affeetu
901 3818 1248 3880 aestimante
1275 3839 1291 3878 ε
1345 3816 1496 3895 Ipsa
1548 3813 1775 3894 Operis
1810 3812 2080 3894 suseepti
2110 3812 2367 3888 occasio,
2398 3831 2523 3876 non
2554 3831 2719 3892 quae-

313 3912 441 3974 sita
468 3913 577 3976 sed
607 3914 834 3991 oblata,
865 3915 990 3978 imo
1019 3916 1296 3993 obt-rusa,
1331 3911 1480 3993 quid
1508 3933 1548 3975 a
1575 3933 1673 3975 me
1706 3911 1791 3975 sit
1823 3911 2191 3992 praestitum,
2226 3916 2293 3973 et
2343 3932 2464 3992 quo
2494 3911 2717 3992 auium,

315 4010 558 4074 abunde
606 4013 960 4075 testabitur.
1060 4010 1229 4075 Dum
1277 4010 1440 4079 enim
1487 4010 1887 4076 informandae
1940 4009 1981 4073 J
1984 4009 2267 4074 uventuti
2312 4029 2391 4072 ex
2443 4007 2720 4073 Muneris

317 4107 668 4172 demandati
691 4110 934 4173 ratione
955 4131 1078 4174 non
1099 4110 1344 4190 publice
1361 4115 1626 4187 tautum,
1645 4109 1757 4172 sed
1778 4115 1843 4174 et
1860 4107 2151 4188 privatim
2170 4126 2290 4187 pro
2306 4105 2470 4170 virili
2488 4106 2719 4170 incum-

317 4205 399 4268 bo
423 4227 440 4278 3
495 4206 661 4270 inter
711 4214 936 4270 caetera
981 4206 1379 4271 Celeberrimi
1436 4207 1693 4270 Maresii
1747 4206 2028 4270 Deoades
2081 4204 2431 4285 Tyronibus
2487 4202 2718 4267 nostris

316 4302 701 4367 ventilandas
729 4305 1040 4385 proposui,
1071 4306 1235 4385 quod
1263 4313 1336 4368 ut
1367 4303 1582 4368 utilius
1611 4306 1691 4368 ab
1720 4303 1871 4384 ipsis
1900 4303 2097 4379 fieret,
2128 4300 2717 4380 Controversiarum‚

319 4419 456 4478 quae
522 4401 610 4464 ibi
667 4401 1083 4482 attinguntur,
1143 4409 1378 4465 statum
1423 4408 1492 4465 et
1539 4401 2005 4464 fundamentum
2060 4399 2271 4480 paucis
2322 4396 2718 4477 aperiendum

321 4497 493 4577 duxi,
525 4499 752 4562 additis
785 4499 972 4563 etiam
1002 4499 1508 4563 distinctionibus
1539 4506 1606 4564 et
1637 4498 2189 4562 observationibus
2206 4495 2459 4574 aliquot,
2495 4492 2717 4572 quibus

322 4601 516 4677 πρῶτον
600 4600 804 4674 ψεῦδος
883 4596 1402 4661 Adversariorum
1476 4602 1883 4676 retegeretur‚
1963 4602 2028 4658 et
2111 4591 2431 4673 praecipuae
2511 4589 2715 4668 objec-
