3300 5225
579 282 698 339 352
937 336 942 343 ,
1489 298 1671 339 Locus
1700 298 1987 347 Qusarus.
2557 274 2806 355 [qm-:sn
2838 298 2989 336 xvn.

567 438 928 517 pertendunt
972 438 1353 499 Adversarii:
1397 439 1547 515 Quia
1593 449 1660 500 ut
1706 448 1798 500 est
1844 440 2137 499 decretum
2180 437 2253 496 de
2300 436 2509 496 mediis
2550 438 2774 514 salutis,
2816 435 2991 497 debet

579 520 904 580 necessario
950 520 1313 580 subordinari
1361 520 1592 580 decreto
1637 520 1711 579 de
1756 520 1959 595 salute,
2006 538 2139 597 quae
2184 518 2361 576 habet
2406 518 2687 577 rationem
2714 516 2882 578 finis:
2923 528 2991 577 ut

581 601 743 659 Deus
770 619 888 660 non
915 599 1270 678 concipiatur
1297 600 1584 677 cogitasse
1611 600 1773 679 prius
1800 600 1873 659 de
1900 599 2015 659 fide
2059 599 2121 657 in
2162 598 2418 657 medium
2467 598 2671 658 salutis
2710 598 2987 657 constitu-

581 680 748 757 enda,
779 700 954 759 quam
1002 680 1348 758 cogitaverit
1392 680 1465 740 de
1513 680 1648 757 illis,
1696 679 1909 758 quibus
1956 680 2093 739 dare
2138 678 2373 737 volebat
2400 678 2663 754 salutem,
2710 698 2883 756 quam
2922 687 2989 739 ut

577 761 722 838 ipsis
751 760 1052 837 conferret,
1081 759 1274 820 media
1301 760 1376 819 ad
1403 760 1466 819 id
1491 760 1815 820 necessaria
1843 760 2067 837 selegit,
2115 766 2176 819 et
2212 758 2361 817 inter
2403 758 2519 818 alia
2563 758 2757 818 fidem.
2840 758 2989 834 Quia

581 859 721 899 vero
776 841 1062 900 connexio
1117 840 1232 900 ista
1283 840 1435 900 inter
1485 840 1661 900 fidem
1716 848 1776 899 et
1824 840 2085 915 salutem,
2144 846 2234 899 est
2286 838 2666 899 immutabilis
2708 839 2985 912 veritatis,

577 920 714 980 hinc
741 920 808 979 fit
833 931 900 982 ut
925 919 1424 981 indiscriminatim
1467 928 1822 999 proponatur
1866 919 2136 979 omnibus
2163 918 2403 995 vocatis,
2444 919 2581 979 licet
2608 939 2684 977 ex
2714 918 2825 978 Dei
2852 938 2986 977 con-

577 999 712 1139 gillio
768 1001 961 1078 quoad
999 1006 1274 1061 eventum
1317 999 1626 1079 impleatur
1674 1000 1734 1059 in
1784 999 1924 1059 solis
1944 999 2188 1076 «electis,
2246 998 2458 1077 quibus
2512 998 2813 1059 constituit
2850 998 2988 1057 dane

659 1100 769 1141 em.

1448 1318 1841 1396 QuAEs'no
1884 1318 2101 1378 xv11.

572 1481 671 1539 An
698 1480 826 1539 Deo
854 1480 1026 1539 tribui
1045 1481 1246 1539 debeat
1280 1482 1549 1539 Voluntas
1575 1481 1772 1556 aliqua
1798 1479 2203 1554 conditionalis,
2244 1498 2343 1537 seu
2370 1478 2727 1555 propositum
2766 1479 2987 1539 univer-

656 1563 775 1618 sale
802 1560 1102 1619 miserendi
1127 1560 1290 1619 totius
1324 1560 1562 1622 Generis
1609 1561 1845 1618 humani
1884 1560 1945 1618 in
1983 1567 2273 1634 peecatum
2314 1559 2595 1635 prolapsi,
2643 1559 2889 1618 omnibus
2935 1568 2994 1618 et

571 1670 577 1673 ·
655 1640 888 1715 sinqultb
919 1639 1203 1699 Christum
1229 1640 1608 1700 Mediatorem
1635 1640 1970 1715 destinandi,
2000 1648 2055 1697 et
2079 1658 2171 1699 eos
2190 1657 2378 1699 omnes
2398 1641 2482 1698 ad
2495 1642 2804 1699 salutarem
2830 1640 2989 1699 bene-

641 1720 909 1798 ficiorum
936 1719 1085 1777 illius
1111 1720 1552 1779 communionem
1577 1720 1823 1781 vocandi
1838 1721 1866 1778 ‚2
1948 1719 2098 1796 Neg.

662 1879 711 1938 Ι.
743 1878 1000 1953 Quaestio
1027 1876 1154 1939 haec
1197 1899 1273 1939 ex
1302 1880 1583 1958 superiori
1609 1879 1808 1956 oritur,
1840 1886 1900 1940 et
1926 1896 2059 1939 cum
2088 1878 2265 1937 variis
2301 1876 2473 1937 nobis
2500 1877 2820 1953 intercedit,
2864 1878 2989 1955 qui,

575 1959 714 2018 iicet
739 1978 858 2017 non
883 1978 986 2035 per
1027 1957 1220 2018 omnia
1247 1960 1396 2020 inter
1424 1977 1485 2020 se
1514 1960 1895 2036 consentiant,
1940 1978 2141 2018 omnes
2168 1966 2363 2018 tamen
2390 1978 2425 2017 a
2450 1966 2684 2035 recepta
2708 1958 2992 2017 hactenus

574 2039 634 2095 in
665 2037 945 2097 Ecclesiis
972 2039 1186 2098 nostris
1211 2039 1476 2099 doctrina
1499 2040 1796 2100 recedunt.

657 2119 741 2177 11.
784 2120 1240 2179 lantker-anorum
1290 2120 1576 2179 sententia
1621 2119 1981 2179 communior
2022 2118 2137 2177 huc
2184 2117 2373 2178 redit:
2417 2116 2991 2177 Praedestinationem

571 2217 701 2257 'esse
730 2198 1104 2276 voluntatem,
1137 2218 1240 2259 seu
1267 2200 1588 2276 consilium,
1619 2208 1681 2259 et
1722 2198 2147 2277 beneplacitum
2198 2198 2311 2256 Dei
2339 2205 2615 2258 aeternum
2642 2197 2716 2257 de
2741 2196 2992 2256 homini-

573 2278 685 2338 bus
704 2298 807 2356 per
819 2276 1112 2338 Christum
1132 2277 1248 2339 fide
1269 2279 1817 2357 apprehendendum
1838 2277 2151 2354 salvandis,
2165 2298 2296 2356 quae
2316 2280 2586 2338 Voluntas
2602 2277 2995 2355 distinguatur

571 2358 636 2416 in
659 2361 1085 2435 antecedentem,
1113 2366 1176 2419 et
1201 2369 1616 2437 consequentem
1630 2383 1650 2419 .·
1696 2360 1867 2419 Illam
1894 2378 2023 2419 esse
2052 2358 2257 2418 volunt
2284 2358 2588 2417 consilium
2616 2366 2676 2417 et
2692 2357 2991 2417 decretum

578 2437 691 2496 Dei
719 2449 996 2497 aeternum
1024 2438 1098 2498 de
1143 2438 1414 2499 omnibus
1461 2440 1522 2498 in
1565 2440 1903 2500 universum
1946 2437 2279 2497 hominibus
2326 2446 2563 2515 peccato
2606 2436 2847 2515 perditis
2886 2456 2995 2513 per

573 2512 870 2577 Christum
896 2517 1012 2577 fide
1039 2518 1587 2596 apprehendendum
1615 2521 1818 2579 salvan
1826 2519 1934 2594 dis,
1964 2538 2096 2595 quae
2122 2516 2310 2577 tribus
2336 2517 2726 2577 fundamentis
2754 2517 2988 2590 nitatur,

574 2595 882 2657 universali
905 2598 1024 2656 Dei
1061 2598 1465 2676 misericordia,
1515 2599 1826 2660 universali
1870 2599 2087 2659 Christi
2120 2599 2334 2675 merito,
2384 2607 2444 2658 et
2486 2598 2793 2658 universali
2824 2598 2998 2656 Verbi

571 2677 896 2754 rninssterio,
928 2697 1031 2737 seu
1055 2679 1342 2739 vocatione
1362 2705 1386 2754 ;
1430 2681 1612 2740 Istam
1639 2699 1767 2740 esse
1796 2678 2100 2739 consilium
2132 2678 2243 2737 Dei
2272 2687 2548 2738 aeternum
2574 2678 2649 2736 de
2692 2676 2991 2738 salvandis

573 2757 960 2834 credentibus,
989 2766 1050 2818 et
1077 2759 1420 2819 damnandis
1448 2760 1778 2835 incredulis,
1808 2767 1868 2819 et
1894 2779 2129 2818 causam
2156 2759 2325 2818 istius
2366 2757 2832 2837 particularitatis
2872 2776 2993 2815 non

571 2837 711 2896 oriri
737 2857 816 2897 ex
847 2839 991 2914 De0,
1036 2839 1141 2916 qui
1167 2838 1335 2914 serio,
1385 2847 1732 2915 constanter,
1780 2846 1840 2898 et
1883 2838 2151 2898 ardenter
2192 2839 2323 2898 vult
2368 2846 2434 2897 ut
2477 2857 2678 2897 omnes
2726 2837 2993 2897 homines

572 2915 830 2994 credant,
860 2926 920 2976 et
945 2935 1050 2997 per
1073 2918 1248 2978 fidem
1274 2919 1336 2976 in
1365 2917 1659 2979 Christum
1688 2925 2025 2994 serventur3
2071 2918 2175 2978 sed
2212 2937 2291 2978 ex
2330 2917 2661 2978 hominibus
2686 2917 2845 2995 ipsis,
2888 2917 2994 2994 qui

575 2997 830 3075 benigno
860 2997 972 3056 Dei
1016 3007 1076 3058 et
1101 2998 1414 3057 universali
1457 2998 1821 3077 beneplacito
1847 3017 1966 3057 non
2002 2999 2398 3076 obsequuntur
2422 3017 2531 3058 nec
2559 2997 2817 3073 credunt,
2860 3014 2991 3073 quae

575 3077 757 3136 verba
783 3085 919 3136 sunt
945 3077 1370 3156 Haffenrefferi,
1401 3079 1462 3137 in
1491 3079 1667 3138 Locis
1712 3097 1918 3138 comm.
1946 3078 2049 3138 lib.
2078 3079 2160 3138 iii.
2190 3087 2298 3138 sta.
2329 3081 2385 3155 3,
2433 3078 2527 3138 cui
2568 3077 2993 3156 adstipulantur

577 3159 900 3231 Eckardus,
923 3157 1187 3218 Fascicu.
1205 3160 1480 3219 Controv.
1511 3179 1563 3218 c.
1593 3179 1695 3218 xv.
1725 3179 1783 3237 q.
1802 3163 1860 3236 2,
1891 3160 2183 3235 Hutterue,
2215 3158 2497 3234 Humana,
2534 3157 2887 3232 onerat-dm,
2918 3155 2992 3214 de

580 3237 767 3296 Elect.
797 3243 856 3296 et
884 3237 1136 3314 Reprob.
1167 3258 1217 3299 c.
1247 3243 1303 3315 4,
1335 3237 1444 3298 &c
1494 3247 1554 3298 et
1581 3239 1700 3298 alii.

660 3316 781 3375 ΙΙΙ.
822 3318 1151 3377 Amtiniani
1171 3339 1304 3379 cum
1333 3283 1682 3378 Lutizeranis
1730 3319 1826 3378 bic
1854 3318 2087 3395 faciunt,
2118 3325 2179 3378 et
2204 3317 2447 3378 ulterius
2474 3317 2649 3377 etiam
2676 3315 2821 3395 ipsis
2860 3333 2989 3394 pro—

577 3397 953 3476 grediuntur:
996 3405 1244 3476 quatuor
1268 3400 1480 3478 quippe
1510 3399 1742 3459 decreta
1766 3399 1863 3457 hic
1891 3398 2004 3457 sibi
2044 3398 2419 3457 subordinata
2462 3403 2738 3472 statuunt,
2772 3400 2877 3469 1¹¹¹?
2919 3394 2992 3453 de

577 3477 770 3536 dando
825 3475 1056 3536 Christo
1103 3477 1166 3535 in
1214 3479 1594 3538 Mediatorem
1643 3479 1753 3538 toti
1808 3478 2026 3538 Generi
2069 3477 2321 3536 humano
2346 3499 2360 3554 ;
2414 3481 2525 3536 2¹¹¹*
2578 3475 2652 3536 de
2701 3476 2885 3535 salute
2930 3474 2992 3532 in

575 3555 808 3618 Christo
835 3557 1104 3617 fidelibus
1143 3559 1503 3634 conferenda,
1548 3567 1608 3619 et
1649 3558 1722 3617 de
1760 3557 2104 3618 damnandis
2144 3557 2515 3634 infidelibus3
2560 3560 2669 3616 3¹²¹·
2708 3555 2781 3614 de
2808 3554 2991 3613 admi—

577 3637 891 3698 nistrandis
929 3637 1139 3697 mediis
1183 3638 1598 3698 sufficientibus
1625 3638 1703 3697 ad
1740 3637 1985 3698 salutem
2013 3637 2283 3708 omnibus
2320 3646 2379 3697 et
2426 3633 2713 3714 singulis3
2758 3638 2867 3692 4¹¹²
2916 3633 2995 3692 de

577 3719 839 3796 personis
881 3718 1274 3796 singularibus
1318 3719 1621 3778 credituris
1667 3718 1984 3793 servandis,
2030 3726 2091 3777 et
2136 3737 2254 3776 non
2282 3717 2586 3776 credituris
2630 3713 2994 3774 damnandis.

575 3799 790 3856 Tribus
818 3797 1106 3875 prioribus
1131 3798 1380 3857 decretis
1406 3798 1767 3857 fundamenti
1795 3799 1977 3858 instar
2004 3797 2379 3857 substernunt
2406 3797 2675 3858 Gratiam
2702 3795 2996 3854 universa-

572 3881 703 3951 ·lem
735 3877 859 3935 sive
887 3875 1156 3970 affectum
1185 3885 1244 3937 et
1268 3877 1720 3938 misericordiam
1750 3879 1863 3936 Dei
1890 3897 2031 3956 erga
2056 3883 2242 3937 totum
2288 3895 2474 3955 genus
2500 3877 2834 3951 humanum,
2878 3891 3003 3968 qua

578 3956 1574 4113 sfffficienfifflsffiteilnhiffgi?
1575 3958 1977 4114 5333?er
1978 3957 2088 4098 sui:1
2088 3964 2365 4097 ementerii,
2397 3963 2593 4096 3:313
2590 3953 3003 4096 ffibggm

582 4114 875 4192 Hayienei,
904 4115 1060 4173 Actis
1085 4116 1475 4191 Quodnam,
1506 4125 1566 4175 et
1593 4116 1822 4194 scriptis
1850 4118 1980 4178 aliis
2016 4119 2091 4177 ab
2121 4117 2407 4194 Arminio,
2440 4116 2711 4192 Corvim,
2744 4113 3001 4176 Grevin·

584 4193 810 4274 ebovio,
843 4192 1154 4271 Episcopio
1184 4203 1243 4252 et
1270 4195 1510 4273 caeteris,
1542 4195 1835 4256 adornatis
1862 4217 1937 4256 ex
1978 4206 2179 4258 onunt.

663 4273 774 4334 IV.
835 4273 968 4332 Non
993 4272 1476 4334 dissimulandum
1519 4274 1709 4352 etiam,
1741 4295 1858 4336 non
1898 4277 1921 4335 i
1962 4297 2055 4337 em
2082 4297 2189 4356 per
2228 4276 2423 4336 omnia
2456 4276 2553 4336 hic
2582 4274 2796 4335 sentire
2836 4273 3005 4351 ipsos

581 4354 912 4432 Theologos
943 4352 1323 4430 Reformatos,
1354 4363 1413 4415 et
1439 4357 1750 4416 nonnullos
1776 4377 1921 4432 esse,
1946 4359 2049 4436 qui
2074 4359 2212 4418 licet
2232 4358 2535 4420 nobiscum
2564 4355 2913 4415 conveniant
2932 4353 3005 4411 in

581 4443 782 4496 centro
811 4433 1231 4494 controversias
1261 4433 1589 4513 Pelagianae
1617 4436 1691 4496 de
1732 4438 2030 4498 Electione
2058 4457 2213 4497 mere
2256 4438 2527 4515 gratuita,
2558 4444 2618 4496 et
2646 4436 2721 4495 de
2762 4434 3007 4494 decreto

581 4513 914 4596 particulari
941 4511 1014 4574 de
1043 4513 1234 4574 danda
1259 4514 1374 4575 fide
1401 4517 1510 4593 his,
1542 4537 1658 4576 non
1686 4516 1820 4593 illis,
1852 4525 1918 4576 ut
1945 4525 2003 4576 et
2044 4518 2117 4578 de
2144 4518 2468 4578 Vocatione
2502 4516 2736 4591 efficaci,
2768 4523 2828 4574 et
2852 4514 3005 4572 irre-

580 4595 831 4672 sistibili,
862 4592 1076 4673 quique
1103 4596 1212 4656 hac
1241 4595 1302 4655 in
1341 4606 1502 4674 parte
1531 4597 1604 4656 ab
1635 4597 1993 4658 Arminianis
2020 4597 2408 4675 dissentiunt3
2468 4605 2664 4657 tamen
2704 4595 2802 4673 pio
2850 4613 3005 4670 quo·
