3300 5225
524 366 645 422 426
1473 376 1657 418 mous
1686 376 1958 427 Qumrus.
2519 353 2770 437 [Qusssr.
2799 375 2931 415 xm.

527 540 752 580 marum
778 526 1121 595 nostrarum,
1153 516 1342 596 qualis
1369 516 1480 578 fuit
1505 516 1713 576 animas
1746 515 1978 591 Adami.‚
2028 535 2149 574 non
2192 513 2383 590 modo,
2434 514 2573 591 quia
2618 514 2935 591 imaginem

530 600 808 679 debemus
835 599 985 659 ferre
1012 600 1185 674 illius,
1221 602 1251 657 1
1285 598 1415 657 Cor.
1443 618 1545 657 xv.
1575 601 1673 672 47,
1705 599 1802 672 48,
1835 596 1937 655 sed
1980 604 2042 655 et
2086 596 2225 673 quia
2274 594 2403 670 ejus
2450 595 2681 669 creatio,
2730 603 2933 671 utpote

528 680 698 759 primi
725 678 1014 737 individui
1039 679 1218 738 totius
1245 678 1474 757 speciei,
1505 686 1595 736 est
1619 677 1917 753 exemplar
1942 674 2300 734 formationis
2328 674 2583 732 omnium
2610 674 2929 751 hominum,

529 767 596 819 ut
624 759 972 838 Conjugium
998 759 1313 835 primorum
1337 764 1642 834 parentum
1668 754 1777 814 fuit
1805 756 2103 831 exemplar
2141 754 2493 830 reliquorum
2518 776 2533 813 z
2580 754 2697 813 Sed
2738 755 2933 813 anima

484 848 498 855 ‘
530 838 748 897 Adami
773 837 1103 897 immediate
1130 858 1165 896 a
1194 838 1320 896 Deo
1348 845 1540 895 creata
1565 837 1677 895 fuit
1702 854 1883 912 quum
1912 834 2215 909 imufflauit
2248 834 2311 891 in
2344 854 2514 892 nares
2556 834 2773 892 Adami
2812 836 2931 910 spi-

529 922 788 977 raculum
813 918 956 992 vites,
989 916 1200 976 Genes.
1230 918 1291 975 ii.
1323 921 1377 993 7,
1409 925 1474 976 ut
1491 923 1716 993 pateret
1740 916 1990 974 animam
2016 932 2135 971 non
2162 913 2428 973 eductam
2473 932 2601 971 esse
2628 934 2705 971 ex
2746 922 2929 973 mate-

526 998 862 1154 {3233‘323
862 1016 996 1135 ⁸133?
998 995 1863 1153 ffpfffflssssissflxssffffiffl
1871 994 2269 1150 sssssfflssffez
2280 992 2424 1130 30⁵2?
2438 1012 2661 1131 3:12?ss
2660 992 2930 1132 Jif'ffl'

527 1176 624 1215 mo
652 1157 728 1215 ad
767 1176 891 1231 nos,
934 1155 1074 1232 quia
1107 1155 1264 1213 idem
1303 1153 1612 1213 dicendum
1654 1161 1807 1213 esset
1846 1154 2021 1212 etiam
2061 1151 2135 1211 de
2178 1152 2447 1229 Corporis
2486 1152 2727 1229 origine,
2768 1152 2929 1229 quod

526 1244 721 1295 tamen
747 1235 940 1293 locum
968 1254 1086 1292 non
1111 1234 1339 1309 habeat,
1370 1233 1655 1311 siquidem
1682 1240 1942 1291 nostrum
1986 1240 2296 1309 generatur
2320 1251 2396 1289 ex
2424 1232 2659 1306 semine,
2711 1231 2931 1290 Adami

527 1333 668 1373 vero
695 1322 951 1373 creatum
978 1321 1068 1372 est
1095 1333 1171 1372 ex
1196 1314 1435 1391 pulvere
1462 1322 1648 1373 terrae.
1708 1312 1859 1371 Nam
1885 1312 2022 1371 licet
2048 1312 2126 1370 sit
2152 1310 2459 1388 disparitas
2494 1311 2717 1369 ratione
2742 1330 2929 1369 causoe

525 1393 817 1469 efficientis,
847 1400 1082 1471 propter
1106 1391 1498 1453 diversitatem
1527 1393 1936 1471 subjectorum,
1955 1391 2093 1468 quia
2120 1398 2185 1449 ut
2212 1408 2420 1467 corpus
2446 1398 2537 1450 est
2562 1390 2923 1467 elementato,

527 1481 587 1533 et
611 1472 926 1548 materiale,
955 1481 1148 1551 potest
1173 1473 1248 1532 ab
1273 1474 1506 1531 homine
1533 1472 1775 1549 produci
1800 1490 1905 1549 per
1932 1470 2393 1547 generationem3
2442 1469 2559 1529 Sed
2601 1470 2795 1528 anima
2818 1470 2923 1529 im-

527 1552 841 1611 materialis
868 1560 927 1610 et
955 1552 1217 1629 simplex,
1243 1572 1359 1611 non
1374 1560 1566 1629 potest
1583 1551 1816 1610 aliunde
1834 1550 1987 1626 oriri,
2012 1568 2185 1627 quam
2202 1568 2238 1607 a
2260 1550 2387 1607 Deo
2414 1568 2519 1626 per
2544 1550 2888 1609 creationem
2908 1571 2925 1609 ε

527 1639 724 1690 tamen
751 1639 1017 1709 respectu
1043 1652 1228 1690 camae
1253 1632 1580 1705 mter-ialin,
1609 1638 1803 1707 potest
1830 1629 2065 1689 collatio
2090 1637 2249 1688 recte
2275 1628 2438 1705 fieri3
2480 1648 2612 1687 nam
2640 1637 2710 1688 ut
2735 1630 2926 1688 anima

529 1708 680 1769 Adoe
709 1730 785 1769 ex
811 1710 994 1768 nihilo
1023 1720 1215 1769 creata
1241 1719 1346 1787 est,
1377 1711 1457 1769 ita
1483 1719 1544 1769 et
1570 1710 1777 1769 anima
1802 1718 2180 1787 posterorum,
2212 1715 2271 1768 et
2298 1716 2363 1767 ut
2388 1727 2598 1786 corpus
2640 1708 2821 1785 ipsius
2848 1728 2925 1767 ex

527 1790 768 1868 pulvere
793 1798 961 1849 terrae
987 1789 1294 1849 formatum
1341 1798 1446 1865 est,
1488 1789 1574 1849 ita
1599 1798 1659 1848 et
1686 1809 1925 1865 corpora
1950 1798 2149 1847 nostra
2175 1808 2250 1847 ex
2278 1788 2511 1864 semine,
2542 1788 2699 1865 quod
2724 1788 2927 1849 itidem

527 1878 818 1929 terrenum
847 1878 952 1944 est,
984 1878 1044 1928 et
1069 1870 1382 1930 materiale.
1441 1870 1601 1947 Ergo
1621 1868 1889 1945 quamvis
1916 1866 2123 1927 modus
2150 1867 2391 1927 actionis
2420 1868 2729 1945 singularis
2755 1867 2929 1926 fuerit

525 1958 793 2027 respectu
825 1948 1053 2023 Adami,
1083 1948 1169 2008 rei
1193 1958 1388 2008 tamen
1415 1958 1619 2007 natura
1647 1947 1849 2007 eadem
1882 1956 1971 2006 est
2008 1947 2331 2024 utrobique.
2416 1947 2581 2006 Idem
2626 1946 2925 2006 confirma-

525 2036 624 2088 tur
649 2049 726 2087 ex
755 2029 898 2085 Evae
924 2028 1108 2105 ipsius
1133 2028 1526 2106 productione,
1571 2029 1741 2105 cujus
1782 2034 1941 2085 ortus
1982 2025 2176 2103 quoad
2215 2046 2422 2103 corpus
2463 2026 2808 2086 describitur
2848 2046 2926 2085 ex

525 2116 690 2167 costa
717 2106 949 2182 Adami,
982 2107 1085 2166 sed
1113 2108 1186 2167 de
1213 2109 1406 2167 anima
1433 2108 1650 2167 mentio
1677 2106 1841 2166 nulla
1865 2106 1960 2182 fit3
1994 2104 2167 2165 Unde
2195 2125 2313 2163 non
2341 2105 2584 2164 obscure
2612 2106 2922 2183 colligitur,

525 2206 645 2245 non
672 2187 844 2245 aliam
871 2186 1049 2246 fuisse
1079 2187 1360 2265 originem
1403 2188 1609 2246 animae
1656 2187 1817 2261 Evae,
1868 2186 1943 2244 ab
1990 2184 2213 2261 origine
2256 2186 2461 2243 animae
2510 2184 2743 2261 Adami,
2790 2186 2929 2262 quia

527 2266 671 2325 alias
694 2266 892 2325 Moses
919 2266 1068 2325 illud
1093 2286 1210 2325 non
1236 2267 1579 2342 reticuisset,
1611 2266 1705 2325 cui
1731 2266 2087 2343 propositum
2108 2273 2198 2323 est
2212 2265 2425 2342 primas
2452 2283 2643 2323 rerum
2670 2266 2926 2326 omnium

524 2345 782 2423 origines
809 2346 1167 2422 describere3
1215 2347 1294 2404 Et
1321 2346 1515 2404 Adam
1541 2346 1667 2423 ipse
1694 2346 1845 2403 hanc
1872 2344 2154 2421 originem
2180 2362 2299 2403 non
2326 2344 2666 2421 ignorasset,
2712 2345 2829 2402 imo
2867 2353 2927 2404 et

525 2425 913 2502 praedicasset,
944 2446 1062 2485 non
1089 2426 1334 2484 dixisset
1359 2434 1584 2485 tantum
1611 2426 1729 2483 hoec
1755 2444 1816 2483 os
1843 2433 1925 2481 est
1958 2444 2033 2482 cx
2059 2424 2265 2482 ossibus
2304 2424 2457 2498 metis,
2488 2422 2591 2482 sed
2628 2425 2825 2482 anima
2852 2444 2927 2483 ex

523 2506 724 2563 anima
751 2525 892 2580 mea,
925 2505 1137 2564 Genes.
1166 2505 1226 2564 ii.
1258 2508 1353 2580 23,
1386 2503 1543 2582 quod
1570 2504 1775 2563 fortius
1803 2511 1927 2562 erat
1953 2503 2029 2561 ad
2056 2503 2493 2580 exprimendum
2520 2502 2776 2580 conjugii
2796 2504 2927 2560 vin·

525 2584 742 2658 culum,
773 2582 930 2661 quod
956 2604 1072 2643 non
1099 2592 1324 2644 tantum
1347 2584 1521 2644 debet
1547 2603 1675 2644 esse
1703 2584 1765 2643 in
1794 2582 2144 2661 corporibus,
2176 2582 2279 2642 sed
2306 2590 2365 2642 et
2391 2582 2453 2641 in
2480 2582 2700 2641 animis.
2802 2582 2923 2641 De-

527 2663 708 2740 nique
736 2664 786 2722 si
813 2664 1019 2723 animae
1049 2663 1281 2739 Adami,
1313 2674 1372 2724 et
1397 2673 1725 2724 nostrarum
1754 2663 1986 2722 diversa
2012 2671 2166 2722 esset
2192 2663 2373 2740 origo,
2404 2681 2521 2721 non
2546 2670 2785 2739 possent
2810 2661 2929 2721 dici
3004 2699 3017 2708 -

525 2743 789 2821 ejusdem
818 2744 1045 2820 speciei,
1076 2745 1212 2820 quia
1239 2744 1341 2802 illa
1367 2751 1522 2804 esset
1549 2763 1623 2802 ex
1652 2742 1851 2819 nihilo,
1892 2741 2020 2801 istae
2045 2762 2185 2802 vero
2230 2760 2306 2800 ex
2351 2743 2697 2820 praejacente
2734 2742 2930 2820 aliqua

526 2824 772 2882 materia
796 2823 966 2900 plane
995 2822 1278 2883 dissimili.

610 2903 721 2961 IV.
770 2902 1053 2978 SecundO,
1085 2924 1122 2961 a
1148 2903 1462 2978 Scripturoe
1484 2902 1819 2976 testimoniis,
1849 2901 1912 2960 in
1938 2901 2151 2979 quibus
2171 2900 2333 2960 Deus
2358 2901 2707 2978 praedicatur
2722 2901 2929 2960 author

525 2989 590 3041 et
619 2982 855 3041 Creator
890 2983 1096 3040 animae
1135 2981 1410 3059 peculiari
1451 2981 1673 3040 ratione
1699 2980 1973 3039 distincta
2013 2999 2052 3038 a
2089 2999 2343 3056 corpore,
2374 2981 2601 3040 Eccles.
2628 2980 2731 3039 xii.
2763 2984 2817 3056 7,
2847 2981 2935 3038 Et

525 3061 733 3120 redibit
755 3061 944 3136 pulvis
986 3061 1046 3118 in
1073 3069 1304 3135 terram,
1345 3061 1811 3136 quemadmodum
1837 3063 2057 3134 fiacr-at,
2103 3060 2335 3136 spiritus
2376 3069 2563 3119 autem
2604 3060 2811 3119 redibit
2848 3061 2934 3118 ad

531 3142 735 3214 Deum,
767 3141 867 3215 qui
891 3142 1128 3199 dederat
1150 3141 1323 3214 illum,
1353 3140 1454 3198 ubi
1481 3138 1848 3198 manifestum
1876 3137 2185 3198 discrimen
2208 3147 2443 3199 notatur
2468 3140 2619 3200 inter
2654 3148 2842 3198 ortum
2870 3147 2931 3198 et

525 3218 826 3277 interitum
853 3219 1108 3295 corporis
1151 3228 1212 3278 et
1255 3219 1464 3296 animi;
1525 3217 1683 3278 Illud
1722 3217 1934 3277 dicitur
1972 3218 2159 3277 redire
2199 3219 2261 3276 in
2301 3219 2615 3297 pulverem,
2644 3219 2801 3278 unde
2828 3218 2927 3277 de·

529 3305 822 3374 sumptum
848 3297 1072 3374 fuerat3
1117 3299 1234 3357 Hic
1261 3319 1401 3359 vero
1427 3298 1614 3357 redire
1642 3299 1717 3356 ad
1748 3299 1955 3372 Deum,
1985 3298 2088 3375 qui
2114 3297 2276 3357 dedit
2302 3317 2451 3358 eum.
2524 3299 2609 3358 Ut
2635 3316 2776 3375 ergo
2802 3317 2926 3356 cor-

531 3396 641 3454 pus
668 3395 738 3434 eo
765 3377 930 3452 redit,
959 3377 1114 3436 unde
1139 3377 1315 3437 habet
1343 3377 1642 3456 originem,
1687 3377 1769 3436 ita
1816 3385 1875 3437 et
1901 3377 2163 3437 animus:
2205 3378 2363 3454 quod
2390 3378 2602 3436 clarius
2628 3378 2927 3436 confirma·

527 3465 628 3514 tur
652 3475 727 3514 ex
755 3475 825 3514 eo
847 3455 1008 3592 guod
1035 3456 1248 3517 dicitur
1275 3458 1434 3517 Deus
1463 3461 1608 3516 dare
1645 3458 1905 3534 spiritum
1922 3479 1941 3515 .-
1996 3456 2153 3534 quod
2193 3477 2310 3515 non
2336 3464 2527 3535 potest
2566 3457 2817 3534 intelligi
2855 3455 2929 3514 de

527 3535 819 3593 communi
887 3535 1077 3595 atione
1104 3555 1210 3614 per
1235 3556 1575 3596 concursum
1617 3555 1749 3596 cum
1789 3536 1979 3596 causis
2020 3536 2304 3610 secundis,
2334 3537 2419 3596 sic
2456 3537 2608 3594 enim
2631 3544 2695 3594 ct
2722 3555 2931 3611 corpus

530 3614 721 3691 ipsum
747 3633 862 3671 non
891 3615 1082 3674 minus
1111 3616 1227 3692 dat,
1259 3637 1430 3694 quam
1471 3618 1745 3691 animum,
1786 3616 1922 3692 quia
1948 3617 2246 3692 utriusque
2276 3626 2365 3675 est
2390 3633 2566 3674 causa
2591 3615 2791 3692 prima,
2820 3633 2930 3672 nec

528 3693 678 3752 bene
705 3692 822 3752 κατ’
847 3697 1071 3754 ἅντιὌισ-ιν
1112 3697 1398 3756 diceretur
1423 3695 1654 3755 dedisse
1682 3695 1982 3772 spiritum3
2040 3695 2147 3754 sed
2171 3694 2243 3755 de
2284 3695 2517 3772 propria
2556 3702 2615 3754 et
2654 3693 2929 3770 peculiari

527 3773 784 3852 quadam
812 3783 972 3836 ortus
998 3777 1236 3852 ratione,
1267 3796 1396 3853 quae
1423 3775 1649 3854 corpori
1676 3795 1793 3833 non
1822 3774 2113 3850 competit.
2196 3775 2250 3833 N
2252 3794 2318 3832 ec
2346 3773 2672 3848 dicendum,
2701 3774 2813 3831 hoc
2853 3772 2929 3830 ad

531 3855 775 3932 primam
803 3853 1018 3914 Adami
1060 3856 1407 3915 creationem
1454 3855 1669 3930 referri,
1717 3853 1853 3931 quia
1897 3871 2121 3930 scopus,
2155 3854 2352 3929 verba,
2392 3861 2453 3912 et
2488 3851 2931 3912 circumstantia

531 3941 731 3992 textus
779 3934 1054 3993 evincunt
1095 3935 1192 4011 agi
1239 3933 1312 3994 de
1356 3933 1644 3993 ordinario
1692 3933 1989 3991 hominum
2034 3941 2165 3991 ortu
2210 3941 2273 3992 et
2315 3931 2569 4006 interitu,
2614 3932 2931 3991 secundum

532 4031 706 4087 quem
734 4031 972 4087 corpora
999 4013 1240 4071 redeunt
1264 4013 1326 4070 in
1351 4012 1669 4090 pulverem,
1700 4011 1761 4069 id
1800 4012 1977 4070 estin
2004 4023 2232 4086 terram,
2262 4011 2417 4070 unde
2443 4011 2750 4089 desumpta
2776 4019 2928 4086 sunt,

535 4089 770 4226 Spiriatdm
795 4109 936 4149 vero
975 4090 1216 4150 redeunt
1257 4089 1332 4148 ad
1362 4091 1552 4150 Deum
1585 4089 1862 4168 judicem,
1893 4088 1995 4168 qui
2020 4090 2182 4149 dedit
2221 4091 2371 4166 illos,
2415 4091 2514 4150 vel
2552 4091 2629 4150 ad
2669 4091 2929 4168 gloriam,

531 4187 609 4228 ve
771 4187 1018 4245 poenam.

427 4299 439 4311 .
616 4248 692 4307 V.
737 4247 913 4306 Zach.
943 4248 1045 4306 xii.
1079 4251 1130 4324 1,
1162 4247 1392 4307 Dictum
1416 4249 1664 4324 Jehovae,
1716 4249 1817 4326 qui
1855 4250 2105 4310 extendit
2140 4253 2319 4325 coeloe,
2364 4261 2419 4310 et
2435 4251 2661 4328 fundat
2697 4258 2927 4325 ten-am,

513 4329 851 4404 formatque
888 4327 1145 4404 spiritum
1173 4328 1407 4386 hominis
1435 4328 1492 4387 in
1518 4329 1703 4388 medio
1728 4331 1863 4404 ejus.
1949 4328 2123 4388 Unde
2154 4331 2463 4410 multiplex
2490 4329 2722 4390 ducitur
2761 4347 2931 4408 argu·

531 4413 787 4465 mentum
815 4426 920 4484 pro
947 4407 1235 4466 creatione
1263 4408 1578 4466 animarum
1605 4416 1806 4467 contra
1830 4406 2161 4484 ψυχογοώιυ.
2210 4412 2263 4470 1.
2286 4411 2423 4490 quia
2454 4411 2667 4470 dicitur
2691 4409 2935 4470 formare

533 4485 796 4563 spiritum
824 4485 886 4543 in
913 4484 1104 4544 medio
1129 4486 1416 4562 hominis;
1463 4487 1620 4563 Ergo
1668 4488 2000 4547 immediate
2034 4488 2211 4552 debet
2250 4491 2415 4550 illum
2442 4490 2757 4568 producere
2806 4489 2929 4544 sine

533 4565 862 4624 interventu
890 4565 1158 4625 hominis.
1203 4570 1258 4625 2.
1287 4566 1424 4642 quia
1450 4565 1719 4627 formatio
1746 4567 2001 4648 spiritus,
2032 4572 2407 4649 conjungitur
2436 4587 2565 4626 cum
2595 4565 2933 4625 extensione

529 4645 681 4720 coeli,
725 4653 785 4704 et
811 4644 1146 4706 fundatione
1187 4653 1370 4721 terres,
1413 4653 1689 4723 tanquam
1718 4647 1983 4725 ejusdem
2012 4650 2231 4708 ordinis
2254 4657 2315 4706 et
2352 4646 2604 4723 gradus3
2666 4643 2751 4705 Ut
2788 4662 2934 4721 ergo
