3300 5225
349 381 576 432 quater.
608 361 723 443 1v.]
1224 379 1303 419 nn
1331 379 1619 420 necas-ns
1647 379 1769 437 nm,
1800 378 1929 420 erc.
2644 363 2760 422 287

955 520 1040 579 11.
1083 519 1186 579 Aa
1213 519 1562 597 Quaestione
1593 506 1821 581 Statum
1850 519 2111 596 observa,
2148 522 2202 580 1.
2228 519 2626 578 Necessarium
2647 519 2763 580 diei

877 599 937 658 id
962 601 1120 678 quod
1145 602 1312 662 aliter
1340 621 1402 660 se
1443 601 1655 660 habere
1683 620 1799 660 non
1840 609 2048 678 potest,
2078 605 2133 658 τὶ
2174 603 2243 676 μὲ
2272 595 2561 676 &eximam
2586 597 2761 666 ἄλλως

874 677 1016 757 ἵκω,
1045 689 1112 740 ut
1154 681 1404 740 nominis
1446 681 1592 740 ratio
1633 701 1671 739 a
1709 700 1826 740 non
1862 680 2143 740 cessando
2170 680 2544 740 demonstrat.
2628 680 2763 738 Hoc

349 771 544 822 autem
570 762 836 822 bifariam
877 761 1123 838 spectari
1149 769 1356 839 potest,
1386 760 1486 820 vel
1515 760 1578 818 in
1623 761 1769 835 Dee,
1811 761 1910 820 vel
1948 761 2012 820 in
2049 760 2225 820 rebus
2262 760 2425 838 ipsis.
2527 761 2603 818 In
2634 762 2764 820 Deo

873 840 1092 917 duplex
1117 842 1410 900 necessitas
1435 839 1617 918 vulgo
1641 848 1913 917 notatur3
1955 860 2073 900 una
2098 843 2367 916 absoluta,
2390 839 2557 916 cujus
2584 859 2761 917 oppo-

873 920 1050 980 situm
1071 919 1407 997 simpliciter
1433 927 1524 979 est
1541 919 1670 978 Deo
1696 919 2069 996 impossibile,
2088 927 2156 980 ut
2170 939 2351 997 quum
2372 919 2584 980 dicitur
2602 920 2765 980 Deus

871 999 1340 1076 incorruptibilia,
1373 1007 1432 1059 et
1459 999 1560 1075 qui
1588 999 1841 1076 seipsum
1861 999 2151 1078 abnegare
2170 1000 2407 1077 nequit;
2450 999 2566 1059 alia
2590 1001 2763 1075 hypo·

351 1081 567 1158 thetica,
591 1099 722 1158 quse
744 1078 926 1140 oritur
953 1099 1030 1138 ex
1054 1079 1371 1158 hypothesi
1395 1078 1612 1138 decreti
1638 1077 1841 1154 divini,
1872 1097 1987 1155 quo
2013 1080 2204 1155 posito
2220 1097 2455 1140 necesse
2482 1087 2573 1140 est
2600 1079 2765 1155 sequi

347 1159 541 1238 ipsum
561 1159 828 1220 effectum
843 1158 1107 1218 volitum.
1152 1158 1320 1218 Prior
1333 1158 1608 1218 fundatur
1633 1158 1695 1216 in
1724 1157 2069 1218 immutabili
2088 1159 2200 1218 Dei
2214 1167 2421 1219 natura
2439 1181 2454 1234 3
2483 1159 2767 1235 posterior

349 1239 412 1298 in
431 1239 776 1299 immutabili
797 1240 925 1317 ejus
944 1239 1261 1313 voluntate,
1277 1257 1408 1314 quae
1433 1238 1642 1297 iterum
1661 1237 1879 1315 duplex
1906 1246 2023 1314 est;
2054 1238 2169 1298 alia
2194 1238 2669 1304 immutabilitatis,
2688 1259 2765 1298 ex

349 1319 581 1380 decreto
591 1319 952 1396 immutabili,
966 1319 1082 1377 alia
1096 1317 1524 1394 infallibilitaazs,
1538 1338 1612 1378 ex
1629 1317 1995 1395 praescientia
2010 1317 2319 1377 infallibili.
2350 1317 2423 1376 In
2440 1317 2613 1378 rebus
2622 1318 2767 1396 ipsis

348 1401 526 1459 variae
553 1400 729 1460 etiam
769 1405 1078 1458 occurrunt
1101 1397 1466 1457 necessitatis
1507 1397 1749 1476 specics.
1838 1400 1890 1457 1.
1920 1398 2165 1474 Physica
2192 1406 2251 1457 et
2290 1397 2517 1458 interna
2542 1416 2579 1456 a
2603 1405 2767 1474 parte

348 1498 651 1538 causarum
679 1479 1078 1554 secundarum,
1109 1496 1242 1555 quse
1265 1478 1350 1537 ita
1377 1486 1514 1536 sunt
1541 1478 1617 1540 ad
1641 1497 1823 1538 unum
1850 1477 2263 1552 determinatae,
2291 1486 2359 1537 ut
2385 1496 2503 1536 non
2541 1476 2768 1555 possint

347 1559 515 1618 aliter
542 1579 731 1640 agere,
762 1566 828 1618 ut
853 1558 916 1616 in
942 1557 1078 1636 igne
1105 1558 1420 1617 necessitas
1446 1558 1672 1618 urendi.
1755 1563 1812 1616 2.
1846 1557 2179 1632 Coactionis,
2203 1576 2333 1634 quse
2360 1557 2543 1617 oritur
2558 1575 2595 1614 a
2608 1556 2765 1633 prin-

348 1639 498 1715 cipio
525 1647 767 1699 externo
809 1658 914 1716 per
939 1637 1276 1697 violentiam
1319 1645 1550 1715 agente.
1649 1641 1707 1698 3.
1738 1637 2135 1714 Hypothetica
2174 1645 2394 1696 eventus
2431 1656 2535 1697 seu
2562 1639 2765 1713 depen-

347 1720 565 1795 dentiae,
594 1737 699 1796 per
725 1737 899 1795 quam
926 1737 1036 1794 res,
1065 1717 1204 1777 licet
1231 1717 1308 1776 sit
1333 1726 1540 1777 natura
1567 1737 1673 1776 sua
1698 1717 1995 1777 mutabilis
2022 1725 2083 1777 et
2114 1717 2473 1794 contingens,
2504 1735 2622 1775 non
2662 1735 2767 1793 po-

347 1805 462 1857 test
488 1819 606 1858 non
632 1818 761 1858 esse
786 1805 1022 1876 propter
1060 1797 1502 1874 dependentiam
1535 1817 1572 1856 a
1599 1797 1713 1856 Dei
1754 1795 2135 1873 ordinatione,
2166 1796 2335 1876 cujus
2360 1815 2469 1858 nec
2494 1796 2768 1858 voluntas

347 1879 576 1956 mutari,
604 1897 712 1937 nec
739 1876 1101 1956 praescientia
1125 1876 1249 1935 falli
1275 1884 1484 1955 potest.

434 1958 553 2016 III.
597 1958 732 2016 Non
757 1956 1034 2033 quaeritur
1059 1954 1133 2015 de
1159 1957 1502 2016 Necessitate
1527 1958 1782 2015 absoluta
1808 1964 1867 2014 et
1883 1956 2139 2034 physica,
2170 1963 2437 2034 respectu
2463 1974 2765 2018 causarum

349 2035 733 2096 secundarum
759 2037 820 2094 in
849 2055 927 2112 se,
958 2035 1096 2112 quia
1121 2034 1368 2095 fatemur
1393 2036 1538 2094 alias
1565 2055 1692 2095 esse
1732 2036 2103 2111 necessariae,
2135 2036 2279 2096 alias
2321 2035 2515 2094 contin
2521 2043 2725 2113 gentes
2748 2057 2764 2111 ;

353 2115 474 2176 Sed
497 2124 764 2194 respectu
791 2114 905 2174 Dei
931 2123 990 2174 et
1015 2115 1078 2173 in
1105 2114 1308 2174 ordine
1334 2115 1410 2173 ad
1437 2115 1644 2192 ipsum.
1709 2115 1845 2173 Non
1861 2113 1935 2172 de
1954 2116 2271 2174 necessitate
2292 2115 2605 2187 coactionis,
2628 2114 2768 2191 quia

349 2195 646 2256 decretum
671 2194 892 2256 nullam
918 2195 1040 2252 vim
1065 2193 1240 2253 infert
1266 2192 1458 2254 causis
1485 2193 1772 2269 secundis,
1797 2193 1902 2252 sed
1926 2193 2323 2254 futiri-itionem
2348 2209 2539 2252 rerum
2567 2194 2763 2252 decre-

349 2277 438 2334 vit
463 2276 591 2335 fieri
617 2274 1027 2334 convenienter
1052 2281 1274 2332 naturae
1299 2273 1588 2351 ipsarum;
1638 2272 1756 2332 Sed
1776 2273 2054 2350 quaeritur
2068 2271 2143 2331 de
2163 2273 2479 2332 necessitate
2506 2273 2765 2348 hypothe-

349 2357 466 2414 tica
491 2365 547 2414 et
569 2354 984 2431 consequentiae,
1003 2360 1269 2430 respectu
1295 2352 1659 2413 certitudinis
1674 2361 1919 2412 eventus
1944 2360 2005 2411 et
2020 2351 2374 2412 futuritionis
2394 2371 2471 2410 ex
2498 2350 2729 2410 decreto
2749 2373 2765 2428 ;

389 2453 525 2494 uam
553 2453 880 2494 asserimus.

350 2454 612 2594 {motum
682 2548 833 2596 infert
954 2511 1066 2572 IV.
1111 2511 1388 2572 Rationes
1417 2519 1568 2589 sunt,
1604 2515 1658 2570 1.
1690 2510 1839 2586 Quia
1866 2511 2059 2570 omnia
2085 2518 2301 2570 aeterno
2334 2519 2393 2571 et
2420 2510 2767 2570 immutabili

421 2608 760 2655 necessitatem
873 2591 1116 2652 consilio
1159 2590 1316 2669 apud
1344 2591 1534 2652 Deum
1581 2591 1814 2652 decreta
1855 2598 2006 2667 sunt,
2036 2590 2191 2651 unde
2223 2609 2341 2649 non
2366 2597 2609 2668 possunt
2648 2609 2767 2651 non

485 2669 704 2713 eventus.
874 2672 1106 2732 evenire
1132 2680 1390 2749 tempore
1416 2672 1759 2751 praestituto,
1790 2671 1935 2731 alias
1962 2678 2280 2731 mutaretur
2300 2670 2413 2729 Dei
2440 2670 2763 2747 consilium,

350 2750 509 2829 quod
533 2752 659 2811 fieri
697 2770 870 2829 posse
909 2760 1088 2829 negat
1133 2752 1446 2829 Scriptura,
1479 2752 1596 2813 Isa.
1624 2750 1773 2810 xlvi.
1806 2753 1899 2827 10,
1931 2751 2147 2827 Ephes.
2170 2750 2215 2810 i.
2246 2754 2303 2810 9.
2387 2754 2444 2809 2.
2488 2749 2639 2824 Quia
2664 2770 2763 2809 ne-

344 2831 680 2891 cessitatem
724 2832 896 2891 istam
949 2832 1244 2909 Scriptura
1286 2832 1580 2909 praedicat,
1625 2830 1839 2890 Matth.
1877 2831 2045 2890 xviii.
2092 2834 2125 2889 7
2134 2876 2149 2889 .
2196 2832 2233 2864 “
2268 2830 2521 2890 Necesse
2564 2837 2654 2889 est
2701 2838 2768 2891 ut

351 2911 626 2970 scandala
668 2910 997 2988 eveniant,”
1049 2920 1108 2971 et
1145 2932 1198 2971 c.
1226 2911 1394 2971 xxvi.
1441 2914 1536 2971 54.
1584 2914 1621 2945 “
1664 2909 1968 2985 Quomodo
2014 2909 2391 2987 implerentur
2435 2908 2763 2987 Scripturas,

351 3010 482 3067 quae
511 2990 712 3051 dicunt
753 2991 837 3050 ita
879 2990 1088 3049 debere
1131 2990 1314 3065 fieri,'’
1347 2991 1568 3050 scilicet
1607 3010 1686 3049 ex
1726 2989 1977 3048 decreto.
2009 2990 2152 3048 Luc.
2196 2988 2345 3047 xxii.
2374 2991 2473 3047 22.
2519 2991 2556 3022 “
2578 2986 2766 3047 Filius

348 3070 602 3129 hominis
627 3069 808 3145 vadit,
849 3072 990 3129 κατὰ
1029 3076 1086 3127 τὶ
1129 3070 1391 3152 Agaminus.
1475 3071 1572 3129 Ita
1612 3068 1751 3128 Act.
1780 3069 1841 3127 ii.
1872 3072 1969 3145 23,
1993 3076 2051 3128 et
2090 3068 2171 3127 iv.
2201 3071 2299 3129 28.
2345 3067 2667 3128 “Herodes
2708 3076 2769 3127 et

352 3150 598 3209 Pontius
625 3149 850 3208 Pilatus
877 3150 1214 3227 congregati
1241 3157 1376 3209 sunt
1423 3148 1500 3209 ad
1541 3147 1871 3208 faciendum
1912 3168 1983 3208 ea
2009 3147 2203 3207 omnia
2248 3167 2378 3225 quae
2417 3166 2625 3208 manus
2666 3156 2770 3209 tua

351 3237 412 3288 et
439 3228 802 3301 consilium,'’
832 3228 894 3287 id
921 3237 1012 3287 est
1037 3228 1340 3289 consilium
1367 3228 1827 3287 efficacissimum
1858 3229 1895 3261 “
1915 3234 2086 3287 antea
2112 3226 2487 3287 decreverant
2512 3227 2697 3287 fieri.''
2733 3230 2762 3287 1

353 3308 484 3367 Cor.
513 3307 596 3365 xi.
631 3309 724 3365 19.
811 3308 847 3340 “
865 3307 1117 3366 Necesse
1145 3315 1236 3366 est
1272 3308 1522 3367 haereses
1563 3309 1750 3383 esse,''
1782 3305 1891 3365 &c.
1975 3309 2033 3367 3.
2076 3306 2229 3381 Quia
2252 3307 2505 3366 maxime
2532 3306 2771 3367 fortuita

351 3395 412 3446 et
459 3386 712 3446 casualia
753 3387 1080 3446 necessario
1130 3385 1400 3446 dicuntur
1447 3386 1679 3445 evenire
1702 3408 1718 3461 ς
1778 3392 1939 3462 patet
1978 3385 2247 3462 exemplo
2296 3385 2473 3445 eaedis
2499 3386 2767 3462 casualis,

353 3465 546 3524 Exod.
575 3466 699 3524 xxi.
732 3469 826 3541 12,
877 3468 970 3541 13,
1022 3465 1279 3540 sortium,
1328 3465 1567 3524 Prover.
1617 3465 1742 3524 xvi.
1773 3468 1867 3537 33,
1898 3465 2258 3524 avicularum
2301 3472 2361 3523 et
2408 3465 2765 3541 capillorum,

355 3546 527 3605 Matt.
571 3565 648 3681 :X
662 3548 758 3620 29,
791 3548 886 3620 30,
918 3564 994 3603 ex
1037 3545 1255 3604 ossium
1284 3544 1500 3603 Christi
1547 3543 2001 3619 conservatione,
2030 3544 2075 3602 J
2078 3563 2207 3601 oan.
2242 3542 2368 3601 xix.
2398 3546 2495 3617 36,
2542 3550 2602 3602 et
2641 3545 2769 3620 ejus

355 3631 538 3683 morte
649 3632 724 3683 ct.
753 3624 835 3684 iv.
865 3627 962 3683 28.

432 3703 510 3761 V.
541 3668 610 3763 ’4.
643 3703 792 3777 Quia
836 3711 904 3764 ut
943 3702 1238 3762 infallibili
1282 3700 1646 3781 praescientia
1690 3700 1884 3759 omnia
1928 3698 2339 3777 praevidentur,
2370 3696 2507 3759 Act.
2536 3719 2639 3757 xv.
2672 3701 2766 3776 18,

356 3782 511 3842 Heb.
541 3782 620 3841 iv.
644 3786 738 3859 13,
768 3784 850 3843 ita
876 3782 1257 3841 infallibiliter
1281 3782 1515 3841 evenire
1535 3799 1773 3840 necesse
1801 3788 1910 3839 est.
1953 3779 2181 3853 5.-Quia
2200 3786 2357 3838 certo
2378 3777 2771 3856 praedicuntur

351 3871 418 3922 ut
445 3862 653 3939 futura,
683 3861 767 3921 ita
791 3870 858 3922 ut
885 3882 1071 3923 sermo
1102 3862 1216 3921 Dei
1241 3881 1360 3921 non
1385 3860 1571 3938 possit
1597 3859 1883 3934 excidere,
1910 3879 2020 3919 nec
2051 3858 2348 3936 Scriptura
2374 3857 2524 3918 solvi
2545 3879 2562 3933 ς
2608 3858 2771 3935 Ergo

351 3940 566 4002 debent
591 3942 918 4003 necessario
945 3942 1300 4019 contingere,
1343 3940 1394 3999 si
1418 3959 1540 3999 non
1566 3938 1761 4017 quoad
1785 3938 2020 3998 modum
2047 3937 2457 4015 productionis,
2489 3937 2591 4016 qui
2617 3956 2772 4015 saepe

352 4022 712 4099 contingens,
743 4030 804 4083 at
824 4020 1018 4103 quoad
1045 4020 1446 4080 certitudinem
1475 4027 1737 4094 eventus,
1757 4018 1859 4095 qui
1886 4019 2055 4077 aliter
2080 4038 2145 4079 se
2163 4017 2379 4077 habere
2393 4036 2511 4077 non
2537 4025 2747 4096 potest.

955 4100 1069 4160 VI.
1115 4099 1284 4174 Quod
1311 4100 1515 4159 statuit
1539 4098 2078 4159 determinationem
2105 4098 2182 4157 ad
2221 4116 2402 4157 unum
2440 4116 2545 4174 per
2568 4116 2767 4157 neces-

875 4179 1107 4239 sitatem
1175 4178 1496 4257 physicam,
1546 4179 1646 4239 vel
1700 4178 2033 4254 coactionis,
2109 4177 2265 4237 tollit
2315 4177 2643 4236 libertatem
2710 4185 2771 4238 et

875 4259 1367 4336 contingentiam3
1412 4258 1516 4317 sed
1555 4278 1675 4317 non
1701 4257 1860 4335 quod
1886 4276 2015 4317 eam
2056 4256 2259 4318 statuit
2284 4261 2511 4317 tantum
2538 4276 2640 4333 per
2666 4276 2766 4317 ne·

353 4334 682 4395 cessitatem
708 4336 1179 4416 hypotheticam3
1223 4338 1362 4415 quia
1405 4338 1689 4397 certitudo
1734 4356 1853 4396 non
1895 4338 2078 4395 oritur
2120 4356 2195 4396 ex
2236 4356 2537 4395 causarum
2566 4355 2767 4395 secun-

352 4414 557 4475 darum
584 4424 808 4492 natura,
837 4437 968 4495 quae
994 4418 1193 4477 liberae
1221 4427 1357 4477 sunt
1396 4426 1456 4477 et
1496 4418 1914 4494 contingentes,
1960 4415 2063 4475 sed
2100 4416 2422 4476 extrinsece
2450 4435 2526 4475 ex
2554 4416 2771 4475 decreti

351 4494 836 4573 immutabilitate,
858 4497 1015 4575 quod
1041 4498 1126 4557 ita
1145 4496 1491 4557 determinat
1509 4496 1905 4557 futuritionem
1926 4504 2186 4571 eventus,
2207 4502 2272 4554 ut
2297 4514 2488 4554 rerum
2507 4502 2769 4553 naturam

352 4593 470 4633 non
497 4584 702 4653 mutet,
733 4577 836 4635 sed
864 4597 958 4637 res
984 4578 1340 4639 necessarias
1367 4576 1710 4653 necessario,
1736 4575 1952 4635 liberas
1978 4576 2159 4634 libere
2187 4594 2359 4651 agere
2390 4573 2557 4633 sinat.
2642 4572 2766 4632 Un-

353 4652 426 4713 de
453 4663 613 4732 patet
640 4657 1044 4737 necessitatem
1073 4666 1133 4718 et
1159 4656 1685 4719 immutabilitatem
1714 4656 1931 4717 decreti
1956 4655 2159 4716 tollere
2186 4653 2423 4731 quidem
2453 4651 2765 4727 continqcn·

407 590 578 636 Status
595 588 760 640 Quaes-

510 648 674 692 tionis.

351 897 515 946 Vario
529 896 832 944 necessitatis

488 955 684 1016 species.

431 4165 613 4211 Fontes
636 4166 772 4213 Solu-

489 4226 695 4269 tionum.
