3300 5225
546 350 661 408 168
1366 400 1377 408 .
1492 362 1678 407 Locus
1705 364 1974 409 ramme.
2577 342 2827 427 [Qus-:s‘n
2857 364 2944 409 xv.

540 506 705 585 quod
729 526 836 599 per
874 510 1005 565 eain
1030 504 1251 583 Angeli
1277 505 1529 584 h'ospitio
1557 506 1772 566 fuerint
1811 505 2122 600 aliquando
2162 505 2410 585 excepti,
2428 526 2558 565 non
2597 507 2833 585 respicit
2871 504 2949 566 ad

542 585 1225 741 fflffifffif'fflffi
1262 586 1645 727 ὲιῗῖξὲῗζιᾍ
1674 588 1847 725 ῗὲῒι
1873 586 2318 745 fflffitss
2340 606 2658 727 ,Ἓιὲῑῖῗ
2683 594 2952 744 ξὲῗῗξῖ

545 748 839 812 increatus
878 746 1092 807 mansit
1129 766 1264 806 cum
1302 746 1639 807 Abra-hamo
1681 754 1749 805 ut
1792 747 2216 823 colloqueretur
2255 766 2388 806 cum
2427 747 2573 824 ipso,
2603 755 2662 806 et
2702 746 2954 806 occurrit

547 834 752 905 postea
780 826 971 886 Lotho
1012 825 1269 886 Sodoma
1306 825 1578 885 exeunti:
1632 825 1800 884 illum
1827 825 1958 885 ideo
1995 835 2270 904 tanquam
2301 827 2346 887 J
2350 827 2595 885 ehovam
2621 826 2952 904 compellat,

546 926 609 970 w.
640 909 738 966 24.

550 1019 560 1038 ι
633 985 754 1045 XI.
800 985 1075 1045 Summus
1104 985 1267 1045 Deus
1292 1004 1412 1044 non
1437 992 1629 1062 potest
1655 984 1808 1044 mitti
1833 1004 1939 1063 per
1963 985 2283 1063 imperium,
2329 985 2434 1044 sed
2457 1005 2564 1063 per
2587 1004 2954 1061 consensum,

548 1065 677 1131 Nec
724 1064 1005 1125 ἀσύστατον
1047 1074 1153 1141 est,
1200 1084 1329 1125 esse
1368 1066 1645 1141 Anqelum
1680 1066 1928 1140 Jekovae,
1959 1074 2018 1124 et
2057 1085 2184 1124 esse
2210 1067 2489 1125 Jekovam
2504 1089 2530 1138 ;
2581 1066 2722 1142 quia
2759 1064 2958 1142 quoad

549 1146 728 1223 prius,
742 1146 975 1206 ..lehova
992 1146 1239 1205 sumitur
1252 1145 1605 1221 hypostatice,
1628 1144 1824 1223 quoad
1848 1145 2136 1223 posterius
2151 1164 2308 1219 vere,
2333 1146 2695 1204 essentialiter
2711 1168 2737 1220 ;
2764 1150 2960 1223 potest

550 1246 587 1286 a
617 1225 743 1285 Deo
775 1226 947 1287 Patre
972 1225 1126 1285 mitti
1155 1224 1341 1285 Filius
1370 1226 1514 1302 ejus,
1545 1225 1646 1301 qui
1677 1225 1753 1285 sit
1779 1224 1904 1302 ipse
1931 1224 2086 1284 idem
2111 1244 2246 1285 cum
2276 1225 2448 1283 Patre
2479 1225 2660 1285 Deus.

551 1336 559 1347 -
634 1305 790 1366 XII.
834 1305 1104 1383 Angelus
1131 1304 1205 1363 de
1232 1324 1349 1382 quo
1378 1305 1579 1363 Moses
1604 1304 1878 1381 loquitur,
1910 1304 2102 1363 Exod.
2131 1304 2299 1363 xxiii.
2329 1307 2425 1379 20,
2469 1324 2588 1365 non
2613 1312 2806 1381 potest
2832 1322 2960 1365 esse

550 1384 842 1461 creatura,
870 1386 1011 1463 quia
1041 1386 1202 1445 Deus
1243 1384 1413 1462 jubet
1454 1384 1543 1441 illi
1590 1384 2001 1461 obtemperare,
2032 1392 2091 1443 et
2133 1385 2298 1443 illum
2339 1404 2459 1443 non
2499 1384 2861 1457 exacerbare,
2892 1404 2961 1443 eo

545 1465 708 1543 ,quod
733 1474 975 1543 peccata
996 1464 1298 1524 hominum
1326 1464 1405 1525 sit
1427 1462 1672 1539 ulturus,
1703 1472 1763 1523 et
1787 1483 2000 1523 nomen
2041 1463 2224 1542 ipsius
2267 1464 2328 1521 in
2371 1484 2440 1523 eo
2481 1464 2574 1539 sit,
2603 1465 2762 1541 quod
2787 1464 2962 1541 longe

548 1545 798 1622 amplius
846 1553 1031 1620 sonat,
1058 1563 1235 1622 quam
1280 1562 1407 1603 esse
1457 1542 1800 1603 instructum
1845 1544 2190 1603 authoritate
2220 1543 2333 1603 Dei
2357 1566 2373 1603 e
2413 1544 2558 1603 alias
2587 1544 2660 1603 de
2689 1545 2876 1618 Mose,
2903 1551 2966 1601 et

548 1625 811 1701 quolibet
838 1624 1105 1702 gregario
1134 1623 1424 1701 Propheta
1452 1641 1615 1700 aeque
1643 1623 1760 1683 dici
1785 1631 1998 1702 posset,
2027 1624 2186 1701 quod
2211 1643 2422 1683 nomen
2452 1624 2564 1683 Dei
2599 1625 2662 1682 in
2689 1623 2816 1702 ipso
2845 1632 2961 1699 est3

550 1703 709 1781 quod
734 1704 1001 1783 nuspiam
1026 1704 1255 1767 dicim.
2017 1710 2024 1717 '
2461 1718 2468 1726 “

635 1784 827 1843 XIII.
868 1784 1057 1844 Aliud
1084 1792 1173 1843 est
1199 1803 1327 1845 esse
1355 1792 1413 1844 et
1438 1784 1637 1843 vocari
1665 1784 1709 1845 J
1713 1782 1994 1859 ehovam3
2039 1782 2224 1843 Aliud
2263 1783 2556 1844 Jehovam
2597 1782 2810 1843 alicubi
2837 1802 2966 1841 esse

548 1870 613 1923 ct
638 1864 941 1925 habitare:
982 1865 1269 1942 posterius
1294 1864 1505 1925 dicitur
1530 1865 1605 1924 de
1627 1865 1908 1939 Ecclesia,
1939 1864 2154 1923 Ezech.
2175 1863 2364 1923 xlviii.
2387 1866 2484 1939 35,
2503 1883 2682 1940 quum
2702 1862 2966 1921 vocanda

550 1942 765 2003 dicitur
791 1944 903 2003 isto
930 1946 1161 2005 nomine
1186 1966 1299 2009 mv
1326 1966 1442 2007 m
1465 1944 1688 2004 Jekova
1715 1954 1796 2005 est
1819 1945 1927 2018 ¹722}
1969 1944 2102 2004 Non
2127 1943 2306 2021 prius·

548 2032 565 2089 ζ
634 2020 817 2086 XIV.
859 2024 1046 2085 Aliud
1070 2033 1161 2085 est
1186 2027 1514 2103 symbolum
1540 2025 1852 2085 inscribere
1881 2023 2111 2100 Altari3
2156 2022 2340 2083 Aliud
2369 2040 2508 2081 vero
2535 2021 2730 2083 Altafi
2756 2040 2968 2083 nomen

552 2102 790 2180 aliquod
832 2104 1103 2165 tribuere.
1188 2106 1358 2167 Prius
1402 2108 1629 2181 dicitur,
1682 2104 1874 2163 Exod.
1911 2103 2058 2162 xvii.
2105 2105 2196 2178 15,
2243 2102 2347 2161 ubi
2388 2110 2620 2163 notatur
2659 2103 2863 2162 titulus
2907 2110 2969 2161 et

550 2182 853 2262 inscriptio
881 2184 1123 2261 Alta-is,
1152 2187 1375 2247 Jekova
1414 2186 1682 2247 vexillum
1707 2204 1906 2259 meum,
1955 2202 2062 2261 sup
2101 2183 2158 2241 le
2198 2192 2292 2258 est,
2323 2182 2612 2260 quomodo
2641 2183 2881 2242 Palatiis
2910 2189 2970 2241 et

552 2262 809 2343 Templis
836 2265 1135 2325 sententiae
1163 2266 1353 2326 solent
1377 2268 1643 2346 qua-,dam
1671 2264 1942 2339 inscribi3
1986 2203 2100 2321 sed,
2113 2282 2234 2322 non
2259 2262 2564 2340 posterius.

546 2378 557 2400 .‹
634 2344 781 2407 XV.
824 2345 1010 2407 Aliud
1050 2353 1143 2406 est
1184 2345 1401 2406 Aream
1448 2346 1682 2407 foederis
1723 2343 1920 2403 vocari
1959 2343 2004 2403 J
2007 2344 2290 2419 ehovam3
2335 2342 2522 2401 Aliud
2567 2342 2758 2401 Deum
2800 2341 2969 2418 cujus

549 2425 873 2502 praesentiae
902 2424 1060 2485 Arca
1086 2434 1209 2485 erat
1236 2428 1568 2505 symbolum
1612 2434 1672 2485 et
1711 2426 1966 2501 pignus:
2008 2422 2296 2500 posterius
2325 2422 2550 2496 dicitnr,
2585 2422 2683 2481 Ps.
2711 2422 2877 2481 xxiv.
2908 2425 2941 2479 7
2945 2464 2964 2497 ,

548 2513 615 2569 ,et
640 2506 811 2565 xlvii.
840 2508 896 2581 6,
926 2525 1045 2565 non
1109 2505 1264 2582 rius;
1311 2507 1406 2566 Ita
1430 2506 1591 2585 quod
1632 2505 1857 2564 solebat
1883 2502 2018 2577 dici,
2050 2522 2230 2580 quum
2271 2500 2642 2561 attollebatur
2667 2501 2765 2561 vel
2791 2502 2964 2577 depo-

552 2583 798 2650 nebatur
839 2583 1013 2660 Arca,
1098 2605 1145 2648 s.
1181 2586 1373 2646 lxviii.
1406 2590 1459 2648 1.
1488 2586 1673 2662 Sur-qe
1699 2584 1960 2660 Domine,
1991 2592 2046 2644 et
2070 2583 2462 2660 diffamentur
2489 2582 2700 2642 inimici
2725 2582 2819 2658 tui,
2849 2600 2967 2641 non

548 2663 912 2742 dirigebatur
952 2665 1028 2724 ad
1072 2665 1289 2724 Arcam
1333 2667 1535 2746 ipsam,
1566 2685 1700 2743 quse
1741 2664 1898 2722 illius
1941 2662 2133 2722 cultus
2177 2682 2363 2740 capax
2403 2683 2520 2722 non
2560 2671 2718 2740 erat3
2761 2661 2865 2722 sed
2891 2661 2969 2720 ad

554 2741 747 2806 Deum
773 2743 835 2802 in
863 2743 1023 2804 Arca
1048 2744 1469 2821 adumbratum,
1499 2747 1668 2824 cujus
1695 2750 1820 2804 erat
1843 2743 2107 2802 inimicos
2135 2762 2272 2802 suos
2297 2742 2646 2820 dispergere.

554 2855 562 2866 ·
637 2823 817 2884 XVI.
860 2824 995 2884 Non
1023 2824 1250 2900 dicitur,
1280 2825 1324 2885 J
1327 2846 1406 2885 er.
1424 2826 1636 2886 xxxiii.
1665 2828 1757 2899 16,
1777 2823 1935 2901 quod
1960 2822 2336 2900 Jerosolyma
2361 2823 2440 2882 sit
2454 2822 2726 2882 vocanda*
2735 2821 2781 2883 J
2783 2821 2970 2882 ehova

546 2902 778 2981 justitia
802 2913 1034 2981 nostra3
1079 2905 1183 2964 sed
1210 2904 1379 2965 docet
1408 2907 1714 2984 Propheta,
1746 2905 1898 2963 Eum
1924 2902 2026 2982 qui
2051 2911 2364 2962 vocaturus
2391 2912 2514 2964 erat
2540 2903 2582 2962 J
2586 2902 2968 2978 erosolymam

552 2982 632 3042 ad
658 2984 919 3058 salutem,
951 2984 1072 3044 fore
1101 2984 1145 3043 J
1148 2984 1395 3044 ehovam
1416 2985 1704 3063 justitiam
1731 2992 2002 3058 nostram,
2033 2990 2100 3042 nt
2125 2981 2564 3043 fundamentum
2591 2983 2720 3060 eJus
2745 2981 2878 3040 fidei
2907 2989 2968 3042 et

554 3063 683 3138 spei
724 3063 977 3124 denotet.
1058 3063 1182 3124 Nec
1228 3065 1421 3144 excipi
1468 3065 1641 3125 debet
1687 3065 1731 3125 J
1733 3064 2116 3142 erosolymam
2161 3083 2280 3122 non
2325 3063 2518 3122 minus
2563 3082 2734 3140 posse
2774 3061 2971 3122 vocari

553 3141 601 3211 ,1
604 3141 865 3216 ehovam,
896 3163 1070 3220 quam
1119 3145 1385 3204 Ecclesia
1427 3145 1637 3205 dicitur
1686 3144 1966 3219 Christus,
2021 3146 2052 3201 1
2087 3142 2217 3202 Cor.
2246 3142 2349 3203 xii.
2380 3146 2479 3203 2⁷.
2563 3143 2714 3200 Nam
2759 3161 2970 3200 nomen

556 3220 771 3280 Christi
800 3241 1101 3283 commune
1128 3233 1221 3284 est
1245 3226 1460 3301 multis,
1480 3246 1517 3285 a
1534 3245 1652 3303 quo
1678 3224 1880 3283 fideles
1905 3231 2188 3286 vocantur
2211 3222 2523 3282 Christiani
2549 3231 2782 3299 propter
2809 3219 2966 3280 simi·

556 3300 860 3362 litudinem
886 3304 1192 3385 unctionis,
1218 3308 1247 3363 1
1269 3306 1313 3365 J
1316 3307 1409 3366 oh.
1432 3306 1491 3366 ii.
1512 3309 1609 3381 20,
1640 3305 1746 3364 sed
1771 3323 1890 3365 non
1915 3311 2006 3364 est
2031 3301 2234 3364 eadem
2261 3303 2408 3362 ratio
2435 3302 2685 3362 nominis
2701 3301 2746 3361 J
2749 3300 2968 3376 ehovae,

550 3380 716 3458 ⁸quod
742 3382 1035 3460 singulare
1062 3393 1151 3444 est
1180 3393 1238 3444 et
1268 3386 1393 3445 Deo
1422 3385 1533 3445 soli
1558 3383 1871 3464 proprium.

639 3459 858 3523 XVII.
887 3462 1053 3524 Licet
1072 3485 1189 3524 vox
1220 3467 1402 3546 Kvgc'ov
1430 3466 1567 3525 dum
1588 3465 1836 3525 sumitur
1853 3461 2218 3541 appellative,
2239 3461 2500 3541 pluribus
2529 3461 2604 3522 sit
2629 3459 2968 3536 communis,

552 3548 751 3602 tamen
778 3562 957 3620 quum
1004 3545 1251 3606 sumitur
1298 3547 1579 3622 absolute,
1608 3553 1784 3624 prout
1827 3543 2138 3621 respondet
2164 3541 2207 3602 J
2210 3543 2428 3618 ehovae,
2473 3562 2590 3602 non
2631 3561 2798 3601 secus
2825 3560 2894 3602 ac
2922 3540 2976 3600 si

552 3639 765 3682 nomen
792 3624 1087 3702 proprium
1114 3635 1284 3702 esset,
1314 3626 1605 3705 quomodo
1657 3624 1865 3684 LXX.
1897 3632 1956 3683 et
1981 3631 2114 3700 post
2139 3641 2240 3680 eos
2268 3621 2541 3700 Apostoli
2583 3621 2833 3682 reddunt
2855 3643 2976 3683 mm

552 3718 660 3780 per
691 3701 881 3784 Κύριον,
910 3705 1047 3782 quia
1082 3706 1308 3766 nullum
1344 3707 1505 3767 alind
1546 3703 1906 3766 commodius
1931 3701 2280 3762 vocabulum
2323 3701 2676 3778 occurrebat,
2707 3700 2974 3779 quamvis

556 3783 877 3859 emphasim
904 3786 1067 3844 vocis
1092 3804 1213 3844 non
1238 3787 1408 3864 plane
1438 3786 1741 3864 exprimat,
1772 3781 1988 3842 nemini
2014 3781 2128 3840 nisi
2155 3781 2266 3840 soli
2295 3783 2422 3841 Deo
2450 3789 2642 3860 potest
2667 3780 2862 3840 tribui.

552 3908 559 3914 .
638 3862 905 3922 XVIIL'
936 3864 1215 3938 Quamvis
1244 3866 1405 3925 Deus
1444 3885 1559 3925 nos
1596 3867 1886 3924 allocutus
1927 3863 2003 3922 sit
2040 3880 2145 3939 per
2173 3861 2406 3937 Filium,
2435 3870 2504 3922 ut
2529 3859 2751 3942 ivo-agnon
2775 3861 2972 3920 novis-

554 3940 721 4000 simis
764 3943 1137 4036 temporibus,
1189 3945 1345 4004 Heb.
1390 3946 1431 4006 i.
1474 3949 1510 4004 2
1533 3967 1550 4022 3
1612 3965 1732 4004 non
1781 3943 1976 4002 obstat
2019 3942 2131 4002 hoc
2177 3949 2372 4000 tamen
2413 3942 2723 4019 quominus
2766 3941 2972 4002 Patres

559 4019 847 4079 allocutus
887 4041 1012 4098 Jam
1058 4023 1133 4081 sit
1172 4043 1277 4100 per
1318 4024 1525 4101 ipsum,
1555 4033 1621 4083 ut
1665 4023 1920 4104 &fo-agur:
1963 4021 2108 4082 alias
2147 4020 2358 4082 falsum
2398 4030 2552 4082 esset
2580 4021 2736 4099 quod
2765 4020 2976 4079 dicitur

554 4099 683 4162 heri
712 4107 773 4160 et
796 4099 970 4160 hodie
988 4100 1170 4176 idem,
1204 4101 1359 4162 Heb.
1388 4103 1513 4162 xiii.
1542 4104 1702 4180 quo'd
1741 4111 1996 4163 tentatus
2023 4101 2197 4163 fuerit
2223 4102 2298 4160 ab
2328 4101 2606 4161 Isra'e'litis
2633 4101 2697 4160 in
2724 4101 2970 4174 desertO,

562 4183 593 4240 1
628 4180 759 4240 Cor.
789 4197 849 4238 x.
880 4181 934 4254 9,
965 4181 1123 4258 quod
1152 4181 1279 4240 Lex
1306 4182 1443 4242 data
1466 4183 1639 4242 fuerit
1667 4185 1726 4242 in
1750 4203 1924 4240 manu
1949 4183 2303 4258 Medi-atoni,
2330 4183 2463 4242 Gal.
2493 4181 2575 4241 iii.
2610 4183 2702 4256 19,
2733 4189 2792 4240 et
2817 4179 2976 4257 quod

558 4259 847 4321 allocutus
888 4261 964 4320 sit
992 4261 1236 4336 Mosem,
1268 4270 1327 4321 et
1366 4262 1590 4323 dederit
1631 4263 1719 4322 illi
1759 4263 1915 4334 λόγια
1955 4261 2132 4340 Una,
2178 4262 2316 4322 Act.
2345 4262 2446 4322 vii.
2477 4264 2574 4322 38.
2661 4261 2867 4338 Itaque
2915 4259 2978 4318 in

560 4339 741 4417 Legis
794 4340 1255 4418 promulgatione
1314 4342 1760 4420 distinguendus
1813 4351 1904 4403 est
1961 4343 2279 4419 primarius
2325 4343 2661 4419 Leyzlslator,
2712 4341 2814 4418 qui
2867 4338 2980 4398 fuit

562 4419 827 4480 Christus
854 4418 1123 4497 Angelus
1150 4420 1401 4498 foederis,
1426 4423 1499 4482 de
1525 4442 1643 4501 quo
1666 4423 1802 4484 Act.
1823 4422 1928 4483 vii.
1953 4425 2049 4498 31,
2068 4423 2169 4499 qui
2187 4422 2340 4481 Mosi
2363 4422 2425 4480 in
2445 4421 2592 4481 rubo
2612 4426 2974 4498 apparuerat,

556 4505 619 4560 et
646 4499 741 4562 cui
778 4509 1081 4577 propterea
1108 4521 1281 4578 opera
1306 4511 1367 4562 et
1405 4504 1654 4563 honores
1682 4504 1868 4564 divini
1916 4503 2263 4576 tribuuntur,
2305 4503 2381 4561 ab
2407 4501 2847 4578 Appan‘tmibm
2873 4498 2978 4576 qui

559 4579 993 4641 subservierunt
1020 4589 1295 4659 tanquam
1322 4583 1608 4644 ministri:
1649 4585 1764 4644 hoc
1791 4603 1964 4643 sensu
1991 4584 2120 4642 Lex
2145 4583 2290 4640 data
2327 4581 2540 4642 dicitur
2571 4601 2684 4658 per
2709 4580 2974 4656 Anqdoe,

556 4661 695 4729 Gal.
733 4660 815 4722 iii.
851 4662 942 4738 19,
988 4661 1143 4723 Heb.
1171 4661 1233 4724 ii.
1264 4667 1319 4739 2,
1349 4664 1487 4741 quia
1510 4683 1709 4726 eorum
1755 4661 2076 4728 ministerio
2104 4661 2370 4722 Christum
2407 4670 2498 4722 est
2537 4673 2722 4736 usus,
2744 4659 2868 4720 sive
2911 4657 2975 4716 in
