3300 5225
604 367 696 414 628

614 503 837 554 Libertas
858 505 1135 571 quotuplex
1160 506 1243 566 sit,

1066 574 1177 630 513,
1204 577 1240 619 t.
1266 575 1313 630 4,
1337 573 1450 630 599,
1476 574 1512 618 t.
1539 573 1585 630 3,
1610 573 1657 628 4,
1684 569 1774 618 810.

677 649 914 698 quaenam
948 635 1226 684 necessitas
1260 642 1456 700 pugnet
1486 649 1605 684 cum
1634 632 1779 682 liber-

742 703 864 760 tate,
1062 735 1075 748 .
1338 735 1351 747 .
1550 734 1563 746 .
1681 701 1777 748 599

678 761 911 812 Libertas
948 763 1135 812 Adami
1171 762 1227 811 in
1262 768 1403 812 statu
1424 763 1625 826 integro
1647 776 1780 824 quae-

740 841 863 874 nam
884 827 1054 886 fuerit,
1188 864 1200 876 .
1395 862 1408 875 .
1683 828 1778 875 513

678 888 919 940 Liberum
942 890 1209 941 arbitrium
1230 895 1311 941 est
1342 890 1397 939 in
1429 888 1695 941 intellectu
1728 894 1780 938 et

743 954 798 1003 in
820 954 1100 1017 voluntate,
1320 991 1332 1004 .
1545 956 1658 1012 598,
1683 959 1722 1002 t.
1746 956 1779 1001 4

678 1019 895 1083 spectari
918 1025 1085 1084 potest
1108 1019 1191 1069 vel
1224 1019 1279 1068 in
1314 1034 1498 1083 genere
1520 1018 1670 1079 entis,
1693 1016 1780 1066 vel

740 1082 797 1132 in
825 1098 1011 1147 genere
1027 1084 1197 1144 moris,
1340 1120 1353 1133 .
1550 1085 1661 1140 602,
1685 1087 1723 1130 t.
1752 1085 1775 1129 1

676 1147 807 1195 ratio
828 1149 939 1212 ejus
961 1147 1186 1198 formalis
1209 1163 1311 1197 non
1334 1153 1415 1198 est
1436 1147 1537 1196 sita
1556 1147 1613 1194 in
1634 1145 1779 1195 indif-

742 1211 973 1272 ferentia,
1171 1248 1186 1261 .
1384 1247 1397 1260 .
1554 1247 1566 1259 .
1715 1208 1776 1259 ib.

614 1272 912 1340 Linquamm
934 1277 1130 1338 divisio,
1154 1275 1524 1326 maledictionis
1546 1279 1599 1324 et
1631 1273 1779 1324 bene-

743 1340 981 1392 dictionis
1004 1339 1307 1406 symbolum,
1552 1343 1660 1400 111,
1686 1346 1722 1387 t.
1748 1341 1776 1386 2

678 1417 772 1454 cur
792 1409 898 1456 tres
919 1405 1112 1470 linguas
1134 1405 1191 1454 in
1212 1403 1365 1454 titulo
1386 1403 1563 1454 Crucis
1583 1403 1778 1517 pgsitaeq,

1553 1473 1576 1516 1
1648 1505 1661 1528 ,
1685 1473 1724 1516 t.

618 1531 681 1580 In
703 1531 833 1584 Loeo
863 1540 989 1598 quot
1026 1534 1190 1584 modis
1228 1548 1309 1583 res
1339 1548 1451 1584 esse
1473 1532 1724 1647 dicangtur,
1749 1597 1780 1645 5

1553 1601 1610 1647 17
1648 1634 1661 1657 ‚
1685 1601 1724 1644 t.

679 1677 781 1725 quo
804 1678 958 1712 sensu
980 1663 1122 1712 Deus
1157 1661 1400 1727 repletive
1438 1661 1637 1711 dicatur
1669 1674 1781 1710 esse

742 1725 797 1774 in
816 1726 940 1787 loco,
1138 1762 1152 1776 .
1352 1763 1363 1774 .
1713 1723 1776 1772 ib.

681 1788 869 1852 Aug-eli
894 1790 1092 1840 suntin
1125 1788 1237 1839 loeo
1276 1803 1364 1854 per
1401 1788 1692 1850 essentiam,
1727 1794 1782 1838 et

744 1867 848 1901 non
870 1859 1073 1903 tantum
1095 1869 1185 1918 per
1206 1853 1563 1918 operationem,

614 1980 727 2029 Lux
747 1981 1051 2056 primigenia
1073 1981 1196 2046 quid
1218 1981 1387 2040 fuerit,
1475 1984 1588 2040 400,
1613 1953 1660 2030 t.'
1678 1985 1724 2040 7,
1748 1985 1779 2032 s

616 2045 967 2096 Luminarium
991 2061 1117 2096 usus
1138 2045 1424 2110 multiplex,
1524 2048 1634 2104 402,
1661 2050 1697 2093 t.
1722 2048 1782 2093 14

678 2123 774 2158 nec
808 2115 981 2159 tamen
1024 2109 1318 2174 Astrologia
1352 2109 1617 2175 judiciarie
1663 2108 1780 2158 inde

743 2173 860 2224 elici
882 2178 1064 2238 potest,
1683 2175 1779 2224 403

1162 2397 1231 2455 M

614 2553 795 2603 Massa
817 2554 878 2604 de
901 2569 1002 2618 qua
1023 2553 1249 2618 loquitur
1267 2553 1461 2602 Paulus
1480 2567 1581 2601 non
1606 2558 1686 2602 est
1707 2552 1780 2601 in-

745 2624 909 2683 tegra,
934 2620 1023 2668 sed
1044 2624 1297 2684 corrupta,
1513 2622 1623 2677 309,
1649 2626 1689 2666 t.
1719 2622 1777 2666 17

616 2684 878 2746 Quomodo
911 2682 1145 2734 Christus
1179 2699 1283 2748 qua
1312 2681 1562 2732 Mediator
1596 2682 1665 2731 sit
1697 2682 1779 2731 ad-

743 2747 978 2808 orandus,
1242 2784 1254 2796 .
1515 2748 1626 2807 258,
1650 2750 1690 2795 t.
1716 2750 1777 2796 27

678 2811 1037 2861 Mediatorium
1080 2826 1267 2861 munus
1312 2811 1481 2861 Deum
1535 2810 1776 2875 postulat,

676 2940 913 2990 Christus
942 2956 1047 2989 non
1078 2945 1248 3006 potest
1279 2939 1380 2989 dici
1402 2877 1779 2987 Μοᾱὲἓὲἆῐιᾏῗῌ

744 3004 989 3068 gelorum,
1086 3041 1097 3052 .
1296 3040 1309 3052 .
1440 3004 1553 3063 302,
1579 3007 1617 3051 t.
1643 3005 1690 3063 9,
1719 3005 1778 3053 10

613 3067 759 3116 Mem
790 3068 1011 3116 hominis
1046 3081 1147 3130 quo
1182 3082 1334 3116 sensu
1366 3064 1542 3115 tabula
1572 3080 1689 3115 rasa
1710 3067 1780 3115 di-

613 3137 951 3259 Μεταζῗῗίέα
972 3166 1137 3256 quare·
1148 3193 1347 3243 dicatur
1363 3133 1690 3258 ''1¹heolog9issf'
1719 3135 1774 3179 n

678 3327 732 3373 et
754 3320 968 3371 scientia
990 3321 1218 3371 omnium
1241 3336 1491 3386 suprema,
1608 3261 1660 3383 ἓξ
1683 3264 1722 3371 iz.
1747 3262 1780 3371 Ξ

615 3384 959 3436 Misericordia
983 3385 1080 3435 Dei
1101 3386 1224 3448 quid
1246 3386 1329 3447 sit,
1516 3390 1626 3448 219,
1652 3393 1690 3437 t.
1720 3391 1779 3438 10

678 3449 972 3515 quotuplex,
1169 3486 1183 3500 .
1381 3485 1395 3501 .
1516 3455 1625 3513 220,
1650 3456 1690 3500 t.
1719 3455 1776 3500 12

676 3516 788 3580 ejus
809 3514 1107 3565 exercitium
1130 3520 1209 3565 est
1231 3513 1381 3581 plane
1402 3514 1633 3576 liberum,

672 3659 744 3694 an
777 3642 939 3708 possit
975 3642 1293 3693 innotescere
1326 3658 1392 3692 ex
1429 3582 1674 3707 opeiu'lgust
1678 3582 1778 3692 ’112111-

740 3713 885 3768 turm,
1105 3743 1117 3755 .
1337 3743 1350 3755 .
1551 3708 1624 3767 13,
1650 3712 1688 3755 t.
1717 3711 1772 3756 11

676 3786 781 3822 non
802 3771 951 3820 datur
984 3770 1038 3818 in
1062 3771 1174 3820 Deo
1206 3769 1547 3819 misericordia
1576 3770 1777 3821 univer-

742 3834 865 3885 salis
887 3836 953 3884 ad
976 3834 1277 3884 salvandum
1296 3848 1460 3899 genus
1478 3832 1772 3894 humanum,

611 3962 758 4014 Μοᾱι·
788 3962 1097 4012 subsistendi
1118 3961 1239 4026 quid
1262 3948 1373 4011 'sint
1407 3962 1463 4011 in
1497 3900 1776 4023 ᾱῑῆῃῑεῗόἕι

740 4042 809 4076 an
830 4026 991 4077 reales
1012 4026 1141 4075 bene
1162 4027 1411 4087 dicantur,
1518 4028 1629 4087 250,
1649 4031 1688 4075 t.
1715 4030 1778 4075 14

676 4105 744 4138 an
765 4089 959 4155 aliquid
979 4090 1186 4154 positivi
1208 4090 1443 4151 inferant,
1549 4090 1612 4140 ib.
1647 4095 1686 4139 t.
1716 4094 1775 4141 15

613 4153 757 4203 Mors
776 4168 880 4227 non
902 4159 982 4203 est
1004 4153 1211 4231 sequela
1230 4160 1444 4215 naturae,
1481 4154 1569 4203 sed
1592 4154 1776 4218 stipen-

741 4216 881 4266 dium
902 4224 1113 4282 peccam,
1334 4253 1347 4266 .
1543 4220 1654 4275 422,
1679 4222 1774 4268 423

676 4280 854 4330 mortis
876 4281 1126 4333 terminus
1148 4285 1229 4329 est
1248 4280 1384 4329 fixus
1406 4286 1460 4330 et
1488 4279 1774 4342 immobilis,

622 4388 627 4395 Ι
672 4408 885 4461 mortale
908 4390 1158 4457 est-omne
1174 4412 1439 4473 peccatum
1458 4413 1645 4459 natura
1667 4349 1776 4468 2281113

673 4554 777 4603 quo
800 4552 953 4589 sensu
975 4542 1207 4602 peccator
1238 4536 1437 4586 dicatur
1469 4476 1777 4587 mortuufig

741 4602 979 4666 peccatis,
1520 4604 1629 4662 608,
1655 4605 1691 4650 t.
1717 4606 1770 4651 11

1412 379 1574 414 mmm
1599 379 1772 413 RERUM
1799 379 1862 414 m·
1885 377 2178 414 vmmomm.

1845 507 2029 556 Mosam
2067 521 2170 554 non
2209 503 2374 554 fuisse
2401 505 2746 570 impostorem,
2783 505 2877 555 sed
2901 506 3034 556 1‘1'0-

1972 569 2178 635 phetam
2202 585 2234 618 a
2256 571 2366 618 Deo
2388 571 2601 619 missum
2622 569 2882 635 probatur,

2833 638 2920 694 63,
2961 637 3026 684 64

1905 698 2177 748 authentia
2198 697 2467 748 Librorum
2489 698 2600 762 ejus
2622 699 2930 760 adstruitur,
2959 697 3024 747 ib.

1845 762 2061 814 Mundus
2083 763 2178 812 nec
2199 763 2299 811 suit
2321 761 2386 812 ab
2408 768 2613 824 aeterno,
2647 779 2745 812 nec
2783 777 2902 813 esse
2935 779 3026 828 po-

1973 826 2103 887 tuit,
2148 827 2347 876 Creatio
2386 828 2498 891 ejus
2533 833 2588 876 et
2627 827 2834 876 novitas
2875 842 3027 876 asse·

1972 891 2118 953 ritur,
2283 925 2296 940 .
2495 927 2508 940 .
2705 929 2717 940 .
2919 895 3024 942 389

1908 955 2065 1004 varim
2119 954 2386 1004 sententia
2429 954 2492 1004 de
2535 955 2660 1003 anni
2706 961 3024 1020 tempestate

1973 1035 2077 1082 qua
2097 1025 2300 1068 creatus
2321 1025 2416 1080 est,
2668 1056 2680 1068 .
2915 1023 3024 1070 394

1909 1082 2164 1134 sententia
2205 1083 2268 1132 de
2303 1084 2569 1133 Autumno
2611 1083 2876 1148 profertur
2923 1099 3022 1197 cg-

1973 1147 2112 1208 teris,
2310 1184 2323 1195 .
2522 1184 2535 1196 .
2799 1183 2814 1196 .
3004 1185 3018 1196 .

1908 1227 2012 1261 non
2033 1217 2112 1262 est
2145 1215 2347 1260 creatus
2377 1216 2647 1271 momente,
2682 1211 2771 1260 sed
2791 1227 2886 1260 sex
2916 1211 3022 1262 die-

1973 1275 2086 1337 bus,
2111 1275 2200 1325 sed
2223 1275 2429 1339 singula
2449 1277 2695 1388 offasque
2725 1275 2826 1325 diei
2860 1291 3023 1341 opera

1975 1344 2230 1390 momento
2252 1345 2375 1388 sunt
2395 1355 2491 1389 eon
2525 1340 2615 1400 ita,
2917 1344 3020 1392 396

1913 1404 2095 1453 Mundi
2113 1419 2215 1452 vox
2237 1418 2340 1452 non
2365 1419 2565 1468 semper
2585 1404 2806 1454 sumitur
2827 1403 2882 1452 in
2905 1409 3022 1454 tota

1976 1484 2071 1518 sua
2091 1467 2364 1517 latitudine
2385 1483 2476 1533 pro
2507 1467 2898 1517 universalitate
2932 1468 3019 1518 ho—

1975 1533 2188 1593 minum,
2228 1531 2318 1581 sed
2357 1547 2489 1597 saepe
2527 1532 2772 1594 restricte,
2805 1532 2890 1581 vel
2925 1549 3018 1598 pro

1975 1597 2167 1658 electis,
2191 1595 2276 1645 vel
2296 1610 2388 1661 pro
2407 1594 2648 1661 reprobis,

2749 1663 2861 1720 361,
2885 1665 2928 1710 t.
2955 1665 3017 1712 30

1912 1741 2012 1791 quo
2033 1740 2186 1775 sensu
2211 1725 2352 1775 Deus
2374 1725 2574 1775 dicatur
2607 1723 2848 1774 dilexisse
2867 1741 3020 1776 mun-

1976 1790 2114 1851 dum,
2324 1825 2337 1838 .
2568 1825 2582 1839 .
2779 1791 2892 1850 360,
2920 1793 3016 1841 &c.

1847 1853 2086 1921 Mysten‘a
2120 1852 2236 1902 fidei
2274 1857 2397 1902 sunt
2431 1867 2585 1918 supra
2622 1853 2888 1914 rationem,
2927 1857 3019 1905 sed

1977 1934 2080 1968 non
2101 1922 2280 1968 contra
2301 1933 2428 1976 eam,
2595 1954 2608 1966 .
2741 1922 2821 1979 27,
2846 1925 2885 1968 t.
2911 1924 2963 1978 4,
2986 1924 3018 1970 5

1885 2033 1900 2042 ,
1914 1989 2036 2033 sunt
2077 1981 2622 2044 incomprehensibilia,
2664 1981 2754 2031 sed
2795 1997 2904 2032 non
2943 1985 3018 2032 in-

1977 2043 2365 2112 compossibilia,
2829 2046 2891 2096 ib.
2919 2053 2961 2097 t.
2988 2052 3018 2098 9

2399 2268 2454 2326 N

1847 2422 2058 2478 Naturoe
2079 2443 2220 2494 purae
2245 2433 2414 2480 status
2435 2427 2559 2490 quid
2581 2426 2666 2485 sit,

2361 2496 2472 2552 412,
2497 2495 2536 2539 t.
2565 2495 2608 2551 1,
2633 2495 2680 2551 2,
2703 2498 2757 2540 et
2779 2493 2891 2551 413,
2917 2495 2958 2539 t.
2983 2495 3014 2541 8

1909 2556 2141 2607 nattuale
2163 2562 2290 2623 quot
2309 2555 2471 2606 modis
2493 2555 2703 2616 dicatur,

2432 2624 2542 2681 412,
2567 2627 2606 2669 t.
2630 2623 2677 2678 2,
2701 2624 2755 2669 et
2775 2622 2888 2679 419,
2913 2624 2953 2667 t.
2977 2624 3007 2669 2

1911 2686 2158 2748 quomodo
2192 2686 2229 2737 J
2233 2685 2409 2735 ustitia
2443 2684 2704 2748 originalis
2739 2684 2896 2733 fuerit
2922 2700 3010 2733 na-

1973 2750 2170 2800 turalis.
2238 2750 2366 2801 Vide
2387 2748 2605 2799 Justitia.

1846 2812 2121 2863 Necessitas
2139 2815 2290 2875 datur
2321 2812 2606 2877 multipleX‚
2629 2811 2878 2871 absoluta,
2915 2810 3010 2875 hy-

1973 2877 2245 2942 pothetica,
2437 2880 2544 2938 197,
2569 2882 2608 2925 t.
2632 2880 2680 2939 2,
2705 2885 2757 2926 et
2777 2880 2889 2935 287,
2913 2882 2952 2925 t.
2976 2880 3006 2925 2

1910 2940 2138 3006 physica,
2163 2948 2216 2991 et
2237 2941 2528 3001 coactionis,
2777 2944 2888 3001 287,
2911 2946 2952 2989 t.
2977 2944 3006 2989 2

1909 3006 2066 3055 variae
2105 3006 2297 3071 species
2331 3005 2652 3056 necessitatis
2687 3004 3010 3069 distinguun-

1975 3076 2073 3131 tur,
2113 3077 2166 3121 et
2203 3085 2438 3134 quoenam
2470 3085 2589 3119 cum
2625 3068 2858 3119 libertate
2879 3083 3009 3132 pug-

1975 3140 2384 3249 netxiet,dqpuaenam
2420 3148 2541 3184 cum
2577 3133 2669 3183 illa
2701 3132 3010 3247 mvmiggg

1975 3212 2034 3247 os
2087 3214 2121 3247 n
2155 3214 2174 3246 1
2236 3214 2275 3257 r,
2523 3234 2536 3247 .
2733 3234 2745 3245 .

1909 3263 2156 3325 quomodo
2198 3261 2392 3325 aliquid
2428 3260 2592 3327 possit
2628 3276 2740 3311 esse
2779 3274 3009 3311 necessa-

1973 3326 2106 3375 rium
2129 3330 2182 3377 et
2202 3325 2433 3385 liberum,

2399 3392 2510 3449 199,
2535 3394 2573 3437 t.
2602 3393 2678 3451 11,
2703 3393 2757 3438 et
2777 3390 2889 3447 288,
2911 3395 2951 3454 t.
2977 3392 3008 3439 9

1845 3453 1926 3501 Ex
1951 3452 2119 3501 Nihilo
2141 3454 2311 3505 omnia
2331 3454 2469 3503 facta
2491 3458 2628 3513 sunt,
2775 3454 2886 3511 385,
2909 3458 2950 3501 t.
2975 3454 3008 3504 5

1909 3531 2008 3581 quo
2030 3532 2187 3568 sensu
2207 3534 2274 3567 ex
2293 3517 2456 3567 nihilo
2485 3516 2617 3566 nihil
2651 3516 2759 3566 fieri
2782 3517 3008 3631 ᾆξαι-[11,

1842 3642 1996 3695 Nous
2016 3645 2140 3708 quid
2163 3644 2418 3710 signifieat
2438 3646 2494 3694 in
2517 3644 2721 3707 divinis,
2745 3648 2857 3707 231,
2881 3619 2918 3694 ἱ.
2949 3648 3010 3694 14

1909 3710 2032 3773 quid
2053 3710 2160 3760 sint
2179 3716 2326 3761 aetus
2347 3709 2646 3773 notionales,
2745 3712 2858 3771 232,
2881 3714 2919 3759 t.
2949 3712 3009 3761 15

2403 4000 2453 4059 O

1849 4153 2085 4220 Oly’ectum
2107 4156 2332 4206 scientim
2356 4156 2606 4219 quomodo
2645 4170 2670 4205 s
2765 4156 2864 4205 tari
2901 4171 3012 4221 pos-

1971 4220 2056 4282 sit,
2076 4220 2160 4270 vel
2181 4220 2525 4282 materialiter,
2549 4217 2632 4269 vel
2670 4218 2944 4279 ormaliter,

1907 4345 2092 4411 objecti
2113 4348 2286 4397 unitas
2308 4348 2443 4397 unde
2466 4347 2713 4397 sumenda
2735 4286 2890 4423 sit,1·6'
2913 4290 2954 4333 t·
2985 4288 3006 4333 ¹

1908 4473 2163 4549 obj0qtum
2187 4474 2494 4589 Theoloqge.
2542 4474 2691 4552 ‘vide
2718 4412 3010 4553 maiia&

1851 4537 2124 4588 Obscuram
2144 4539 2348 4616 duplegt,
2373 4544 2573 4655 oszioet¹³
2609 4547 2664 4591 et
2686 4541 2916 4606 subJeen,
2939 4557 3012 4591 re—

1973 4618 2086 4654 rum
2109 4608 2162 4653 et
2183 4604 2319 4655 modi
2341 4610 2392 4654 tr
2455 4604 2592 4667 endi,
2712 4610 2820 4669 129,
2844 4611 2883 4656 t.
2905 4608 2954 4668 2,
2979 4609 3010 4655 3

2281 4722 2294 4733 0
