3300 5225
565 346 684 409 846
1407 360 1427 387 ’-
1511 360 1695 405 noces
1718 361 2013 413 ausurus.
2556 340 2811 425 [Qussr.
2838 365 2966 407 nv.

559 505 732 567 libitu
757 523 1045 582 exercere,
1075 504 1173 565 vel
1197 523 1316 563 non
1341 522 1612 565 exercere
1639 521 1781 583 erga
1820 513 2143 567 creaturam
2168 501 2567 584 peccatricem,
2592 524 2706 567 nec
2742 514 2974 569 tenetur

561 586 626 647 in
651 604 850 646 omnes
877 586 1038 645 illam
1064 582 1384 643 diffundere
1406 606 1424 662 3
1469 584 1573 644 sed
1600 592 1666 645 ut
1692 586 1853 645 illam
1872 585 2195 663 patefacere
2214 586 2279 645 in
2298 586 2661 664 quorundam
2686 586 2970 647 electione

557 666 748 727 voluit
769 688 784 743 ;
830 666 926 724 Ita
951 666 1154 725 statuit
1181 665 1352 723 etiam
1375 665 1665 743 justitiam
1687 686 1852 725 suam
1878 666 1941 725 in
1960 666 2203 726 aliorum
2223 665 2624 744 reprobatione
2645 666 2969 727 ostendere.

643 746 944 805 XXVII.
974 746 1029 803 N
1032 765 1109 804 on
1133 744 1360 805 laborat
1385 746 1516 822 ejus
1542 744 1845 821 Sanctitas,
1888 745 2057 823 quasi
2082 746 2307 825 peccati
2334 746 2644 807 causalitas
2672 746 2760 805 illi
2786 748 2970 826 possit

558 826 829 902 adscribi,
858 826 998 903 quia
1024 824 1302 903 peccandi
1341 825 1657 884 necessitas
1686 827 1996 903 conjuncta
2036 834 2126 885 est
2162 846 2296 886 cum
2336 825 2717 903 denegatione
2744 828 2966 905 gratiae,

557 916 618 967 et
645 905 954 966 indurandi
983 906 1278 965 decretum
1297 903 1530 964 videtur
1555 906 1820 965 homines
1860 905 2269 983 praedestinare
2298 906 2375 965 ad
2454 915 2733 966 eccatum.
2816 907 2969 966 Nam

553 994 936 1067 praeterquam
963 985 1122 1063 quod
1149 985 1310 1044 Dens
1337 984 1400 1042 in
1419 984 1653 1044 homine
1679 985 1924 1063 reprobo
1943 995 2244 1063 peccatum
2264 1006 2383 1047 non
2466 986 2563 1062 cit,
2592 986 2698 1047 sed
2724 986 2966 1064 invenit,

553 1068 653 1127 vel
677 1065 960 1145 praevidet
986 1064 1242 1124 futurum
1269 1084 1346 1122 ex
1372 1064 1751 1142 permissione
1780 1085 1923 1125 sua:
1967 1066 2297 1126 Necessitas
2314 1066 2595 1145 peccandi
2616 1086 2747 1145 quse
2774 1087 2965 1145 repro-

551 1147 842 1207 bationem
873 1145 1150 1223 sequitur,
1192 1163 1311 1202 non
1351 1151 1544 1221 potest
1583 1146 1811 1222 peccati
1850 1146 2247 1205 causalitatem
2292 1147 2421 1205 Deo
2460 1145 2797 1224 impingere,
2840 1156 2966 1207 tum

548 1227 688 1305 quia
709 1227 1015 1289 ἔπεστιν-τὶς
1033 1232 1138 1300 est,
1169 1232 1229 1282 et
1252 1223 1579 1283 voluntaria
1603 1224 1669 1283 in
1694 1225 1928 1284 homine
1954 1235 2264 1304 peccante;
2306 1222 2433 1287 tum
2459 1226 2597 1304 quia
2616 1226 2877 1304 sequitur
2890 1226 2969 1287 ad

547 1305 1025 1384 reprobationem,
1055 1312 1122 1363 ut
1147 1323 1480 1380 consequens
1506 1312 1750 1381 tantum,
1782 1305 1887 1364 sed
1914 1326 2033 1365 non
2060 1314 2125 1365 ut
2152 1308 2422 1381 effectum.
2507 1304 2793 1365 Effectum
2819 1326 2967 1384 prse-

545 1386 819 1465 supponit
845 1404 1094 1461 causam,
1127 1383 1231 1443 sed
1257 1403 1616 1463 consequens
1641 1392 1867 1445 tantum
1895 1386 2282 1447 antecedens:
2317 1386 2469 1446 inter
2491 1386 2841 1446 antecedens
2866 1406 2968 1446 au-

548 1477 668 1527 tem
694 1474 754 1526 et
781 1484 1142 1543 consequens
1168 1483 1286 1523 non
1313 1463 1620 1525 intercedit
1646 1466 1975 1526 causalitas.
2060 1466 2145 1527 Ut
2168 1466 2269 1527 Sol
2306 1486 2423 1525 non
2449 1472 2645 1543 potest
2662 1465 2779 1525 dici
2806 1474 2963 1526 tene-

549 1547 784 1606 brarum
811 1564 1001 1622 causa,
1033 1544 1171 1623 quia
1197 1544 1274 1603 ad
1299 1545 1428 1623 ejus
1455 1545 1777 1604 absentiam
1820 1553 2139 1623 sequuntur
2164 1546 2435 1623 tenebrae,
2467 1547 2551 1605 sic
2580 1546 2837 1606 succedit
2874 1566 2966 1607 re·

545 1625 875 1705 probationi
927 1634 1244 1703 peccatum,
1289 1624 1396 1683 sed
1433 1644 1550 1683 non
1591 1634 1863 1685 causatur
1901 1646 1938 1685 a
1962 1625 2380 1703 reprobatione.
2462 1628 2588 1685 Nec
2632 1646 2967 1703 consequens

549 1716 646 1782 est,
669 1704 762 1785 (ut
786 1706 936 1765 bene
965 1706 1105 1764 olim
1125 1704 1285 1781 Aug.
1310 1704 1371 1762 in
1397 1704 1499 1764 lib.
1531 1704 1604 1763 de
1631 1705 1761 1765 arti.
1790 1705 1936 1765 falso
1964 1706 2266 1783 impositis,
2287 1706 2364 1765 ad
2382 1705 2545 1765 artic.
2569 1704 2693 1786 15.)
2775 1709 2964 1766 Deum

549 1787 745 1865 quibus
762 1786 1146 1863 poenitentiam
1171 1804 1285 1843 non
1311 1786 1428 1859 dat,
1449 1785 1886 1861 resipiscentiam
1904 1788 2153 1863 auferre,
2174 1795 2229 1845 et
2252 1806 2390 1863 quos
2416 1806 2529 1845 non
2556 1786 2821 1845 levaverit
2836 1787 2964 1845 alli-

549 1871 686 1927 dere
705 1890 725 1925 .·
764 1866 902 1925 hinc
929 1872 1154 1925 tantum
1173 1864 1322 1923 bene
1341 1865 1600 1941 colligas,
1622 1864 1915 1924 hominem
1932 1866 2257 1925 necessario
2274 1885 2457 1941 ruere,
2476 1866 2591 1924 nisi
2620 1865 2783 1925 Deus
2796 1866 2963 1925 illum

551 1954 870 2023 sustentet3
918 1944 1023 2004 sed
1049 1958 1410 2021 nequaquam
1440 1945 1630 2003 Deum
1659 1964 1913 2021 peccare,
1944 1945 2083 2022 quia
2127 1945 2349 2005 homini
2374 1965 2493 2003 non
2518 1944 2635 2021 dat,
2667 1945 2825 2022 quod
2848 1966 2966 2005 non

553 2026 745 2087 debet.
829 2026 996 2085 Licet
1021 2044 1161 2082 vero
1182 2024 1344 2083 Deus
1369 2024 1556 2101 possit
1571 2023 1688 2083 dici
1704 2025 2145 2102 pradestinasse
2160 2025 2425 2084 homines
2453 2024 2529 2083 ad
2544 2024 2967 2085 indurationem

553 2115 832 2183 tanquam
871 2124 1118 2183 poenam,
1150 2123 1266 2180 quo
1295 2122 1470 2163 sensu
1492 2103 1851 2182 immorigeri
1878 2105 2149 2165 dicuntur
2186 2104 2363 2183 positi
2390 2112 2453 2171 εἰς
2480 2106 2739 2180 ἀπείθειαν,
2774 2108 2805 2163 1
2837 2106 2964 2165 Pet.

551 2187 613 2246 ii.
645 2188 701 2246 8.
725 2194 784 2245 et
810 2185 972 2263 impii
998 2182 1317 2261 praescripti
1344 2183 1421 2242 ad
1440 2184 1744 2261 judicium,
1776 2186 1820 2245 J
1822 2184 1919 2245 ud.
1950 2188 1989 2243 4
2013 2208 2029 2262 ς
2088 2186 2221 2244 Νοιι
2249 2186 2509 2262 sequitur
2528 2185 2968 2263 praedestinasse

552 2267 633 2326 ad
659 2286 804 2341 eam,
833 2285 952 2342 qua
977 2273 1068 2323 est
1093 2264 1290 2340 :zv-pla,
1335 2270 1394 2322 et
1421 2264 1474 2322 si
1513 2264 1645 2341 quis
1686 2263 1749 2323 id
1790 2264 2102 2339 affirmarit,
2146 2266 2454 2324 anathema
2492 2265 2685 2325 dicere
2724 2265 2815 2323 ini
2848 2286 2968 2324 non

549 2346 883 2406 dubitamus
910 2364 1043 2403 cum
1087 2342 1326 2421 Synodo
1355 2342 1753 2404 Arausicana:
1796 2345 1919 2405 Nec
1948 2364 2187 2405 necesse
2214 2353 2304 2405 est
2329 2354 2397 2405 ut
2424 2344 2674 2405 destinet
2698 2366 2769 2404 eo
2795 2344 2968 2405 modo

553 2426 632 2486 ad
655 2425 864 2501 media,
896 2424 1186 2502 quomodo
1207 2424 1284 2483 ad
1309 2422 1484 2483 finem
1503 2445 1518 2499 3
1562 2442 1699 2483 nam
1715 2443 1820 2501 pro
1840 2423 2161 2485 mediorum
2181 2433 2388 2484 natura
2407 2424 2795 2484 diversimode
2816 2426 2969 2484 circa

555 2528 628 2565 ea
653 2512 918 2565 versatur
944 2504 1006 2562 in
1034 2503 1418 2564 destinatione
1445 2524 1662 2580 eorum,
1692 2505 1877 2564 velut
1903 2504 2019 2563 alia
2044 2504 2271 2579 efficiat,
2316 2505 2414 2564 vel
2439 2514 2507 2564 ut
2533 2506 2647 2563 alia
2672 2505 2969 2583 permittat

553 2593 800 2661 tantum,
829 2591 890 2644 et
915 2583 1161 2662 dirigat3
1205 2601 1322 2661 quo
1345 2604 1518 2643 sensu
1555 2591 1749 2662 potest
1775 2583 1891 2645 dici
1918 2584 2328 2663 praedestinare
2354 2585 2432 2644 ad
2466 2594 2765 2663 peccatum
2792 2594 2853 2645 et
2878 2585 2965 2645 in—

557 2665 936 2741 durationem,
965 2685 1084 2723 non
1111 2663 1392 2740 effective,
1425 2663 1530 2723 sed
1554 2664 1895 2742 permissive
1924 2673 1985 2725 et
2010 2665 2307 2743 directive,
2337 2673 2622 2743 quatenus
2648 2667 2808 2724 illam
2834 2687 2965 2744 per·

563 2746 791 2806 mittere
819 2753 880 2804 et
905 2743 1170 2803 ordinare
1199 2741 1476 2802 decrevit.

639 2824 961 2885 XXVIII.
1006 2823 1120 2899 Qui
1144 2822 1278 2882 ideo
1304 2822 1555 2901 aliquem
1582 2822 1766 2901 punit,
1797 2824 1895 2884 vel
1930 2823 2135 2904 punire
2161 2825 2435 2902 decernit,
2478 2845 2547 2885 eo
2569 2825 2727 2902 quod
2754 2844 2823 2885 ca
2846 2845 2967 2885 non

557 2906 695 2966 fecit
721 2925 850 2982 quae
878 2904 1066 2963 facere
1094 2903 1257 2962 nullo
1281 2902 1458 2961 modo
1484 2901 1693 2980 potuit,
1735 2903 1835 2963 vel
1860 2924 1963 2981 per
1990 2905 2471 2966 substractionem
2511 2905 2724 2965 virium
2750 2906 2968 2983 injuste

554 2986 782 3061 factam,
811 2983 910 3042 vel
936 3003 1040 3061 per
1065 2982 1537 3060 impedimentum
1558 2984 1851 3042 actionum
1878 2992 2265 3061 externarum,
2294 2994 2565 3046 manente
2590 2985 2967 3045 nihilominus

555 3065 928 3124 inclinatione
955 3062 1032 3121 ad
1057 3062 1205 3139 illas,
1238 3062 1302 3120 Is
1343 3070 1534 3140 potest
1561 3061 1677 3122 dici
1704 3063 1900 3142 inique
1933 3083 2105 3143 agere
2130 3087 2146 3125 ι
2192 3065 2311 3125 Sed
2363 3066 2531 3142 absit,
2575 3075 2641 3126 ut
2682 3065 2798 3125 tale
2824 3065 2967 3143 quid

555 3153 875 3204 statuamus
903 3143 964 3202 in
994 3143 1154 3219 Deo;
1199 3141 1444 3202 dicimus
1473 3143 1665 3201 Deum
1685 3143 1747 3201 in
1766 3152 2025 3222 tempore
2060 3145 2282 3222 punire,
2320 3153 2381 3205 et
2408 3145 2483 3204 ab
2510 3153 2725 3205 aeterno
2752 3145 2963 3205 consti-

551 3224 734 3285 tuisse
759 3224 963 3302 punire
989 3232 1336 3301 peccatores,
1361 3221 1518 3300 quod
1544 3241 1663 3281 non
1689 3222 1949 3284 fecerunt
1975 3244 2105 3302 quse
2132 3225 2319 3284 facere
2347 3224 2685 3300 debuerunt,
2718 3245 2785 3286 ac
2800 3225 2966 3284 initio

551 3304 728 3364 ctiam
754 3310 1080 3381 potueruut,
1113 3301 1216 3362 sed
1230 3310 1432 3380 postea
1449 3321 1554 3362 sua
1581 3302 1767 3381 culpa,
1790 3323 1901 3362 nec
1916 3313 2229 3382 potuerunt
2244 3305 2493 3383 amplius
2509 3325 2617 3364 nec
2638 3305 2963 3364 voluerunt.

553 3385 678 3444 Nec
706 3383 757 3442 si
780 3385 942 3443 Deus
957 3381 1172 3442 deserit
1195 3381 1486 3441 hominem
1507 3382 1568 3440 in
1595 3391 1777 3459 reatu,
1802 3403 1975 3460 quem
1990 3385 2222 3462 proprio
2250 3405 2357 3444 suo
2376 3385 2521 3445 vitio
2542 3385 2605 3443 in
2624 3404 2689 3445 se
2706 3385 2963 3460 attraxit,

553 3474 614 3525 et
635 3464 886 3542 denegat
903 3463 1148 3557 gratiam
1164 3463 1546 3556 necessariam
1567 3461 1644 3520 ad
1664 3462 1792 3556 ejus
1808 3464 2171 3540 erectionem,
2190 3473 2385 3542 potest
2398 3464 2720 3542 iniquitatis
2735 3465 2961 3524 incusa-

551 3543 1212 3702 {320333‘55333252233
1232 3550 1542 3681 &2523ss
1561 3541 1947 3700 3⁰1¹1¹²u¹1¹¹¹v²510⁰3
1948 3543 2962 3702 312212‘2233.²3¹3?3;¹..10¹²}2;·AEAE⁸;3

549 3715 617 3766 ut
637 3704 960 3785 justissime
986 3710 1178 3780 potest
1204 3702 1279 3761 ab
1304 3701 1538 3761 homine
1564 3702 1723 3780 quod
1748 3701 1923 3762 debet
1950 3723 2177 3782 semper
2190 3713 2465 3782 repetere,
2496 3711 2556 3764 et
2576 3713 2810 3782 propter
2834 3703 2965 3781 ejus

551 3787 922 3846 omissionem
949 3783 1113 3842 illum
1139 3782 1360 3859 punire,
1403 3781 1542 3841 licet
1567 3782 1723 3842 vires
1751 3783 1828 3841 ad
1865 3783 2013 3842 illud
2054 3783 2458 3862 exequendum
2496 3784 2788 3861 amiserit;
2830 3803 2963 3842 cum

551 3864 812 3926 debitum
839 3882 958 3922 non
983 3861 1172 3939 magis
1198 3868 1352 3921 esset
1377 3869 1510 3937 post
1536 3861 1903 3922 amissionem
1932 3863 2163 3940 virium,
2204 3883 2379 3942 quam
2406 3863 2666 3924 debitum
2692 3863 2963 3942 pecunia-

549 3945 702 4004 rium
729 3950 918 4001 cessat
943 3949 1077 4016 post
1103 3939 1574 4017 dilapidationem
1599 3941 1903 4002 bonorum.

633 4021 894 4080 XXIX.
925 4019 1071 4079 Cum
1099 4017 1502 4100 πςοσοποληψίι
1527 4021 1757 4098 propt-Ie
1786 4021 1955 4081 cadat
1980 4022 2042 4080 in
2070 4022 2116 4084 J
2116 4022 2360 4100 udicem,
2380 4023 2498 4100 qui,
2522 4022 2793 4101 neglecto
2816 4021 2964 4100 legi-

550 4103 694 4163 timo
729 4101 880 4178 juris
907 4098 1297 4174 fundamentO,
1341 4099 1576 4176 respicit
1601 4099 1665 4158 in
1700 4100 1924 4178 judicio
1964 4101 2041 4161 ad
2095 4103 2421 4182 qualitates,
2465 4103 2564 4162 vel
2604 4102 2965 4162 conditiones

551 4189 840 4256 externas,
863 4197 996 4256 quse
1021 4179 1169 4237 nihil
1186 4178 1408 4237 faciunt
1427 4177 1503 4236 ad
1529 4199 1763 4238 causam
1788 4202 1802 4240 ε
1844 4191 2144 4260 perperam
2170 4183 2233 4241 in
2262 4183 2775 4242 Praedestinatione
2802 4183 2963 4241 incu-

553 4269 713 4321 satur
740 4260 902 4318 Deus
929 4265 1204 4336 tanquam
1225 4260 1671 4338 reon-ommim&
1694 4259 1833 4318 dum
1850 4281 2028 4320 unum
2056 4283 2174 4340 prae
2195 4262 2311 4322 alio
2328 4263 2523 4340 elegit,
2544 4263 2682 4340 quia
2700 4282 2819 4321 non
2840 4261 2966 4339 agit

549 4349 690 4400 tunc
705 4339 750 4398 J
751 4338 996 4412 udicem,
1029 4337 1132 4396 scd
1161 4339 1474 4397 Dominum
1515 4348 1575 4398 et
1605 4339 1950 4418 Principem,
1994 4341 2095 4420 qui
2122 4351 2315 4420 potest
2352 4342 2671 4401 indebitam
2716 4343 2963 4418 gratiam

549 4420 686 4480 huic
713 4419 851 4477 dare
879 4429 939 4477 et
965 4416 1054 4475 illi
1079 4436 1292 4496 negare
1335 4418 1458 4477 sine
1493 4419 1835 4497 cujusquam
1874 4421 2103 4500 injuria,
2133 4423 2271 4500 quia
2306 4429 2497 4500 potest
2524 4421 2715 4481 facere
2756 4421 2829 4480 de
2844 4437 2964 4480 'suo

551 4498 710 4579 quod
749 4498 914 4562 libet,
943 4517 1052 4556 nec
1092 4499 1271 4556 ullam
1301 4498 1362 4556 in
1389 4499 1575 4560 salute
1623 4497 1971 4560 destinanda
2012 4502 2270 4580 respexit
2296 4501 2707 4563 conditionem.
2794 4501 2966 4576 Quod

551 4582 807 4659 August.
825 4578 993 4656 epist.
1015 4579 1147 4653 105,
1169 4577 1244 4636 ad
1275 4578 1522 4655 Sixtum,
1541 4579 1690 4639 bene
1718 4580 2004 4659 explicat3
2039 4583 2075 4615 “
2099 4581 2267 4657 Quod
2298 4582 2682 4642 Personarum
2700 4589 2966 4658 accepto-

549 4679 670 4721 rem
701 4659 892 4719 Deum
920 4679 984 4720 se
1011 4657 1243 4720 credere
1271 4657 1633 4737 existimant3
1666 4659 1715 4718 si
1736 4659 1973 4722 credant
1989 4661 2147 4740 quod
2168 4660 2293 4722 sine
2321 4661 2459 4721 ullis
2501 4660 2967 4739 praecedentibus
