3300 5225
321 304 557 354 QuAEs‘r.
586 283 682 365 11.]
1008 302 1087 343 m:
1118 302 1305 344 srA'ru
1333 304 1581 346 nonnus
1610 302 1770 345 Asa-s
1799 304 2050 346 ursuli.
2374 296 2380 303 '
2613 293 2730 351 515

319 444 471 504 Nam
500 446 729 504 libertas
749 444 953 521 qlorioe
978 442 1039 503 in
1066 443 1254 503 beatis
1278 451 1371 504 est
1412 465 1525 505 non
1540 464 1712 521 posse
1742 466 2005 522 peceare.
2090 446 2348 506 Libertas
2363 457 2730 523 peecatorum

314 524 378 583 in
406 532 562 584 stetu
588 524 813 602 peceati
838 531 928 583 est
953 544 1067 583 non
1081 544 1251 600 posse
1276 545 1389 583 non
1418 544 1682 601 peceare.
1765 526 2024 585 Libertas
2049 527 2311 605 fidelium
2336 527 2399 583 in
2425 527 2612 603 gratia
2638 538 2730 589 est

304 624 475 679 posse
492 624 755 681 peccare,
786 613 842 663 et
864 624 977 663 non
1006 623 1267 680 peccare.
1331 603 1449 663 Sed
1474 604 1716 665 libertas
1744 604 1964 665 Adami
1990 605 2101 664 fuit
2128 626 2298 682 posse
2324 627 2437 665 non
2462 626 2724 683 peecare.

314 683 513 742 Prima
541 684 650 743 fuit
678 684 945 743 absoluta
964 684 1288 758 impotentia
1303 684 1588 760 peccandi
1592 708 1619 758 ;
1664 684 1933 745 Secunda
1952 684 2218 744 absoluta
2245 686 2570 761 impotentia
2595 689 2728 749 bene

310 765 523 838 agendi
537 788 563 835 ;
605 764 802 822 Tertia
822 763 1081 839 potentia
1106 763 1391 839 peccandi
1413 772 1469 823 et
1492 765 1625 823 bene
1650 765 1874 840 agendi.
1946 763 2164 839 Quarta
2189 765 2301 825 fuit
2328 768 2588 842 potentia
2612 789 2725 827 non

299 844 597 917 peccandi.
683 842 853 916 Quod
881 841 1135 919 August.
1180 843 1391 901 eximie
1432 842 1687 921 explicat
1729 844 1832 903 lib.
1863 843 1936 903 de
1979 844 2255 923 Corrept.·
2277 854 2334 905 et
2364 846 2528 905 Grst.
2559 866 2610 907 c.
2641 848 2722 911 xi.

312 924 350 953 “
376 921 441 980 Si
480 923 633 981 bona
673 923 787 981 ista
814 921 1097 997 differant,
1129 922 1439 1000 diligenter
1464 930 1525 983 et
1550 922 1864 999 vigilanter
1902 923 2244 985 intuendum
2272 933 2376 1000 est,
2407 945 2578 1002 posse
2605 946 2724 991 non

306 1020 565 1077 peccare,
598 1008 659 1060 et
696 1020 815 1061 non
848 1021 1020 1079 posse
1046 1020 1301 1079 peccare,
1331 1020 1502 1079 posse
1529 1021 1648 1061 non
1675 1003 1839 1077 mori,
1869 1010 1929 1063 et
1957 1022 2074 1061 non
2112 1024 2284 1080 posse
2311 1005 2474 1080 mori,
2505 1005 2724 1065 bonum

306 1100 477 1159 posse
504 1101 625 1139 non
652 1080 933 1157 deserere,
964 1089 1023 1139 et
1062 1081 1277 1140 bonum
1306 1101 1424 1139 non
1451 1100 1621 1158 posse
1650 1081 1933 1141 deserere.
2020 1082 2222 1141 Potuit
2247 1084 2402 1142 enim
2429 1104 2546 1143 non
2587 1105 2719 1162 pee-

306 1180 439 1219 care
486 1161 705 1237 primus
748 1160 941 1236 home,
986 1161 1176 1238 potuit
1216 1180 1335 1219 non
1372 1161 1534 1236 mori,
1580 1162 1772 1238 potuit
1811 1162 2029 1220 bonum
2071 1182 2190 1220 non
2235 1162 2556 1223 deserere.’'
2640 1166 2721 1224 Et

304 1247 542 1316 postea:
588 1242 628 1275 ‘⁴
651 1240 846 1297 Prima
872 1260 1011 1317 ergo
1037 1240 1275 1299 libertas
1294 1239 1613 1299 ⁷<relaxastis
1634 1248 1758 1301 erat
1783 1260 1954 1318 posse
1975 1260 2094 1302 non
2118 1261 2372 1319 peccare,
2402 1243 2722 1303 novissima

305 1319 415 1377 erit
441 1320 625 1379 multo
652 1320 855 1396 major,
886 1339 1005 1378 non
1030 1338 1201 1397 posse
1241 1339 1499 1397 peccare.
1585 1320 1782 1381 Prima
1819 1320 2222 1381 immortalitas
2250 1330 2374 1381 erat
2399 1342 2570 1399 posse
2599 1340 2717 1386 non

303 1398 467 1472 mori,
498 1398 817 1457 novissima
842 1398 952 1457 erit
978 1399 1161 1457 multo
1188 1399 1391 1475 major,
1432 1418 1553 1457 non
1590 1419 1766 1477 posse
1801 1400 1966 1459 mori.
2051 1400 2248 1459 Prima
2283 1410 2408 1461 erat
2445 1421 2713 1479 perseve-

302 1477 805 1570 rantiae-potestas,
835 1477 1054 1536 bonum
1080 1496 1251 1555 posse
1278 1497 1397 1536 non
1423 1477 1708 1555 deserere,
1735 1478 2056 1539 novissima
2087 1480 2197 1540 erit
2237 1480 2482 1540 felicitas
2522 1501 2713 1559 perse·

300 1565 595 1635 versutus,
624 1558 842 1617 bonum
868 1576 985 1615 non
1012 1577 1182 1638 posse
1208 1556 1493 1617 deserere.

1246 1794 1637 1872 QUAESTIO
1677 1795 1764 1858 11.

719 1952 814 2011 An
840 1953 1096 2011 Adamas
1121 1952 1267 2011 vires
1293 1954 1551 2011 habuerit
1576 1954 1845 2013 credendi
1869 1954 1928 2013 in
1958 1904 2241 2013 Christum
2259 1958 2288 2013 ,ἲ

381 2113 432 2171 Ι.
477 2110 732 2186 Questio
775 2111 900 2169 haec
936 2110 1106 2170 nobis
1148 2110 1455 2170 intercedit
1494 2103 1625 2170 cum
1655 2109 2030 2187 Armininnis‚
2073 2112 2192 2189 qui,
2235 2119 2302 2171 ut
2340 2113 2710 2190 hypothesim

300 2212 465 2251 suam
510 2198 809 2250 tuerentur
848 2190 923 2249 de
970 2191 1313 2250 necessitate
1359 2190 1561 2267 gratiae
1610 2190 1912 2267 cujusdam
1958 2190 2304 2249 universalis
2352 2192 2706 2271 sufficientis,

298 2272 449 2330 hanc
496 2269 845 2329 invexerunt
886 2269 1233 2349 opinionem,
1276 2268 1571 2329 Adamum
1616 2289 1736 2327 non
1775 2270 2048 2329 habuisse
2093 2290 2350 2348 unquam
2389 2272 2545 2331 vires
2585 2294 2706 2334 cre-

298 2350 475 2409 dendi
500 2350 561 2407 in
590 2350 917 2427 Christum3
964 2349 1223 2427 Ideoque
1252 2369 1351 2409 eas
1378 2368 1495 2407 non
1520 2349 1779 2425 potuisse
1801 2348 2062 2410 amittere
2090 2370 2194 2427 per
2219 2360 2554 2428 peccatum;
2598 2373 2706 2414 nec
2732 2363 2740 2371 '

296 2430 539 2507 proinde
568 2431 759 2489 Deum
785 2449 957 2506 posse
982 2429 1157 2489 fidem
1184 2430 1245 2486 in
1274 2428 1567 2488 Christum
1586 2448 1623 2487 s
1650 2428 1821 2487 nobis
1839 2448 1994 2487 nunc
2016 2430 2252 2507 exigere
2277 2430 2341 2489 in
2363 2430 2705 2509 Evangelio,

295 2510 409 2567 nisi
450 2518 621 2569 antea
648 2509 1024 2568 sufficientem
1050 2509 1127 2567 ad
1170 2528 1297 2567 eam
1338 2508 1583 2586 gratiam
1626 2508 1874 2584 largitus
1915 2508 2008 2583 sit,
2052 2508 2190 2585 quia
2231 2509 2310 2569 ad
2349 2509 2708 2587 impossibile

296 2608 467 2649 nemo
492 2596 739 2649 tenetur.
824 2588 983 2648 Hinc
1010 2587 1359 2666 pertendunt
1388 2588 1579 2648 Deum
1606 2594 1709 2647 aut
1735 2586 1890 2664 dare,
1920 2596 2022 2648 aut
2049 2588 2254 2649 saltem
2286 2597 2550 2667 paratum
2577 2612 2706 2652 esse

296 2670 565 2729 omuibus
588 2669 725 2728 dare
744 2668 1061 2747 potentiam
1084 2668 1354 2728 credendi
1375 2667 1425 2727 si
1445 2666 1646 2726 velint.
1678 2668 1774 2726 Ita
1793 2667 1909 2729 duo
1929 2667 2103 2728 simul
2128 2669 2372 2746 probare
2394 2679 2704 2736 conentur:

298 2749 511 2825 Primo,
542 2749 690 2808 falso
718 2769 754 2807 a.
780 2749 949 2808 nobis
986 2748 1167 2808 asseri
1194 2748 1489 2807 Adsmum
1516 2747 1778 2806 amisisse
1805 2747 1960 2807 vires
1987 2747 2263 2806 credendi
2299 2749 2362 2808 in
2391 2749 2702 2827 Christum,

292 2829 435 2906 quin
458 2848 753 2906 nunquam
782 2848 880 2888 eas
920 2827 1220 2903 habuerit3
1268 2828 1553 2902 Secunde,
1586 2827 1850 2888 Gratiam
1889 2826 2028 2886 fidei
2068 2827 2279 2888 debere
2315 2847 2444 2888 esse
2471 2829 2703 2890 univer-

293 2909 475 2968 salem
503 2929 579 2968 ex
598 2908 828 2986 justitia
848 2915 908 2967 et
927 2909 1199 2985 aequitate
1217 2909 1361 2967 novi
1384 2907 1635 2967 foederis.
1705 2906 1928 2966 Armin.
1949 2927 2101 2986 resp.
2124 2908 2200 2966 ad
2219 2916 2325 2967 art.
2353 2911 2446 2967 19.
2500 2910 2536 2942 “
2556 2909 2705 2969 Dico

294 2994 353 3045 et
381 2987 618 3064 adime,
648 3007 935 3062 assevero,
966 2988 1238 3065 profiteor
1258 2995 1318 3046 et
1345 2987 1542 3062 doce0,
1568 2985 1865 3045 Adamum
1885 2994 2018 3045 ante
2045 2987 2272 3065 lapsum
2293 3007 2412 3047 non
2429 2988 2704 3049 habuisse

290 3067 611 3143 potentiam
651 3066 923 3125 credendi
964 3067 1026 3124 in
1068 3067 1377 3142 Christum,
1418 3067 1555 3143 quia
1600 3065 1716 3125 fide
1765 3067 1826 3124 in
1869 3067 2160 3127 Christum
2207 3087 2326 3126 non
2373 3076 2496 3127 erat
2539 3089 2702 3146 opus,

290 3143 539 3221 ideoque
568 3147 758 3204 Deum
786 3165 903 3203 non
930 3145 1189 3222 potuisse
1226 3147 1301 3204 ab
1342 3146 1443 3204 illo
1484 3145 1660 3204 fidem
1699 3145 1861 3204 illam
1889 3144 2123 3223 exigere
2160 3153 2293 3224 post
2318 3147 2562 3224 lapsum,
2594 3149 2706 3209 hoo

290 3224 563 3282 nimirum
584 3225 734 3301 jure,
765 3225 903 3300 quia
930 3223 1199 3284 Adamus
1222 3225 1541 3303 potentiam
1568 3224 1729 3284 illam
1757 3225 2030 3284 credendi
2058 3245 2163 3288 sua
2190 3226 2360 3303 culpa
2387 3227 2702 3292 amiseriw

293 3302 461 3362 Idem
488 3303 693 3362 statuit
719 3311 779 3362 et
803 3303 1049 3380 probare
1076 3304 1291 3380 satagit
1321 3302 1613 3379 Corvinus,
1642 3303 1707 3361 in
1735 3303 2019 3379 Tilenum,
2051 3313 2111 3366 et
2139 3305 2497 3369 Molinaeum.

374 3382 459 3441 II.
504 3383 635 3441 Non
665 3383 957 3460 quaeritur,
988 3381 1091 3440 An
1134 3381 1401 3443 Adamus
1445 3380 1716 3439 habuerit
1743 3381 1916 3440 fidem
1944 3382 2252 3444 Actualem
2280 3383 2344 3441 in
2373 3385 2701 3461 Christum;

292 3461 527 3521 Certum
570 3462 724 3521 enim
765 3468 856 3522 est
896 3461 1125 3538 objecto
1150 3481 1269 3520 non
1296 3459 1552 3520 revelato
1579 3479 1699 3522 non
1725 3460 2038 3523 credidisse
2065 3469 2237 3538 κοίτας
2294 3461 2427 3538 Sed,
2459 3462 2558 3521 An
2600 3484 2701 3540 po-

289 3542 465 3601 tuerit
506 3541 667 3600 illam
710 3541 940 3618 habere,
977 3541 1029 3599 si
1069 3540 1181 3599 hoc
1223 3539 1313 3598 illi
1357 3540 1678 3602 revelatum
1717 3539 1938 3615 fuisset,
1967 3539 2049 3600 id.
2091 3537 2192 3598 An
2219 3540 2488 3600 habuerit
2525 3541 2700 3602 fidem

286 3621 677 3698 potentialem,
726 3641 845 3680 non
885 3627 1112 3680 tantum
1155 3619 1233 3678 ad
1276 3619 1548 3694 revelata,
1594 3619 1699 3678 sed
1739 3627 1799 3678 et
1844 3618 1921 3677 ad
1958 3617 2271 3680 revelanda
2288 3623 2318 3678 5>
2357 3618 2458 3678 An
2499 3641 2700 3698 quem-

286 3701 599 3761 admodum
646 3720 751 3781 per
791 3700 967 3760 fidem
1014 3700 1297 3759 actualem
1344 3699 1617 3758 credebat
1660 3697 1816 3756 omni
1863 3697 1976 3758 Dei
2002 3699 2201 3758 Verbo
2245 3707 2380 3758 actu
2421 3701 2699 3777 revelato,

288 3781 385 3840 Ita
425 3801 530 3859 per
570 3780 943 3858 potentialem
989 3780 1241 3858 potuerit
1286 3778 1518 3838 eredere
1558 3797 1678 3837 non
1703 3776 1877 3837 modo
1905 3778 2104 3840 Verbo
2125 3779 2249 3854 jam
2275 3778 2550 3854 revelate,
2595 3781 2700 3842 sed

287 3861 461 3919 etiam
488 3860 731 3920 ulterius
773 3860 1105 3934 revelanda,
1152 3859 1203 3918 si
1250 3859 1333 3918 ita
1367 3859 1495 3917 Deo
1540 3857 1810 3917 libuisset
1823 3861 1852 3916 Ρ
1933 3857 2260 3919 Orthodoxi
2287 3858 2370 3918 sic
2401 3861 2695 3937 sentiunt3

287 3939 583 3999 Adamum
610 3940 847 4017 quidem
872 3940 935 3998 in
964 3939 1257 3999 Christum
1284 3947 1559 4015 tanusm
1589 3937 2038 4014 Redemptorem
2077 3946 2212 3997 actu
2237 3957 2356 3996 non
2383 3938 2697 4000 credidisse

284 4027 419 4079 ante
446 4020 691 4098 lapsum,
734 4021 873 4097 quia
899 4019 1164 4080 Christus
1202 4018 1495 4078 revelatus
1520 4017 1609 4076 illi
1645 4037 1762 4076 non
1805 4016 1932 4093 fuit,
1975 4037 2083 4076 nec
2122 4026 2262 4076 tunc
2304 4017 2699 4096 redemptione

283 4098 373 4157 illi
400 4107 524 4159 erat
550 4119 733 4177 opus;
780 4099 884 4158 sed
929 4107 1125 4159 tamen
1165 4098 1229 4156 in
1264 4098 1553 4157 creatione
1590 4097 1748 4156 vires
1789 4097 2138 4158 sufficientes
2167 4117 2203 4155 a
2230 4098 2358 4157 Deo
2387 4099 2694 4176 accepisse,

282 4179 495 4255 quibus
542 4179 701 4238 omni
742 4178 943 4238 Verbo
986 4177 1245 4237 revelato
1296 4184 1399 4237 aut
1450 4177 1764 4240 revelando
1811 4175 2043 4238 eredere
2089 4177 2296 4254 potuit,
2341 4197 2410 4236 ac
2455 4177 2698 4256 proinde

283 4259 457 4317 etiam
486 4259 547 4316 in
577 4259 869 4318 Christum
896 4257 1153 4317 futurum
1182 4257 1644 4334 Redemptorem,
1696 4257 1748 4315 si
1775 4257 1832 4316 ei
1856 4257 1968 4316 hoc
1996 4277 2032 4316 s
2060 4257 2186 4316 Deo
2229 4256 2434 4318 fuisset
2471 4257 2694 4318 revele-

280 4345 424 4412 tum,
454 4338 613 4416 quod
640 4346 699 4398 et
723 4339 992 4416 lapsurus
1018 4345 1187 4411 esset,
1219 4344 1279 4396 et
1303 4344 1436 4415 post
1460 4337 1689 4414 lapsum
1713 4337 1876 4398 Deus
1903 4336 2120 4400 Filium
2147 4356 2316 4400 suum
2342 4337 2405 4400 in
2431 4337 2692 4420 redemp-

280 4418 456 4477 tionis
483 4419 732 4496 pretium
760 4426 915 4478 esset
932 4416 1267 4476 traditurus.

362 4498 484 4556 ΙΙΙ.
530 4498 809 4558 Rationes
856 4504 1007 4570 sunt,
1057 4499 1110 4555 1.
1154 4496 1307 4572 Qum
1348 4495 1546 4556 Adam
1572 4471 1817 4574 'accepit
1868 4455 2024 4556 vires
2070 4495 2344 4556 credendi
2381 4495 2540 4554 omni
2581 4494 2692 4555 Dei

280 4577 516 4638 Verbo}
560 4579 719 4655 Ergo
760 4578 935 4638 etiam
962 4577 1163 4638 Verbo
1205 4575 1515 4654 Evangelii
1554 4575 1605 4636 si
1631 4575 1722 4634 illi
1745 4576 2064 4642 revelatum
2091 4574 2327 4651 fuisset3
2371 4573 2510 4654 quie.
2527 4574 2692 4646 ¹fides
