3300 5225
371 341 612 391 QuAEs‘r.
641 322 758 402 nn]
1349 342 1428 381 nn
1455 342 1809 384 emmona.
2676 334 2796 393 413

369 502 548 557 num,
581 489 642 541 et
665 500 820 540 reme
867 481 983 541 ‘um
1008 481 1276 560 languori
1304 490 1363 542 et
1402 483 1604 542 morbo
1645 491 1883 559 naturae,
1915 484 2016 561 qui
2056 504 2132 545 ex
2178 484 2507 546 conditione
2542 489 2798 550 materies

377 562 714 637 oriebatur3
758 582 837 620 un
881 582 912 620 e
929 570 1194 621 naturam
1221 581 1440 639 puram,
1465 571 1524 620 et
1548 563 1789 639 lapsam,
1814 582 1931 621 non
1952 564 2119 622 aliter
2139 563 2369 623 differre
2389 567 2609 643 volunt,
2624 588 2801 645 quam

375 644 604 701 nudum
630 662 666 699 a
690 641 945 717 spoliato,
977 650 1043 700 ut
1067 644 1289 701 Bellar.
1318 641 1574 718 loquitur
1600 642 1673 700 de
1704 643 1907 701 Gratia.
1932 643 2104 719 primi
2130 644 2379 704 hominis
2408 665 2457 705 c.
2481 648 2536 721 5,
2560 648 2661 723 qui
2680 667 2801 710 non

379 722 562 779 aliter
587 722 739 780 inter
767 740 828 779 se
857 720 1199 798 discrepant,
1231 721 1344 779 nisi
1371 721 1528 798 quod
1548 721 1643 780 hic
1666 721 1936 797 amiserit,
1957 722 2115 798 quod
2135 723 2280 781 alter
2299 725 2555 783 nondum
2570 727 2797 803 habuit,

377 808 460 861 ut
485 800 726 879 proinde
745 820 906 877 pura
931 809 1143 859 natura
1169 820 1231 859 se
1258 801 1469 860 habeat
1495 801 1678 859 instar
1693 820 1765 859 ne
1844 800 2033 876 tionis,
2060 804 2225 877 lapsa
2240 822 2379 861 vero
2400 804 2582 863 instar
2607 806 2798 883 priva-

380 880 589 955 tionis,
620 887 792 957 atque
819 880 902 938 ita
928 881 1135 939 volunt
1162 878 1456 939 Adamum
1483 889 1739 939 creatum
1833 881 1943 942 'sse
1971 880 2034 938 in
2059 882 2219 958 puris
2239 883 2615 949 naturalibus.
2680 886 2799 945 Ve-

381 980 523 1019 rum
550 968 654 1034 est,
685 979 802 1017 non
830 979 1029 1018 omnes
1055 960 1117 1019 in
1144 980 1214 1019 ea
1241 979 1367 1019 esse
1395 960 1696 1036 sententia,
1721 967 1779 1019 et
1806 960 2115 1019 nonnullos
2135 981 2279 1038 esse,
2304 970 2450 1022 teste
2478 965 2717 1025 Medina
2736 966 2800 1023 in

383 1040 433 1098 i.
467 1044 522 1098 2.
553 1059 608 1116 q.
643 1041 735 1116 18,
767 1048 872 1098 art.
903 1043 958 1115 2,
989 1040 1090 1117 qui
1121 1041 1281 1117 “per
1306 1040 1596 1098 hominem
1625 1039 2001 1099 constitutum
2029 1040 2091 1097 in
2116 1041 2277 1118 puris
2304 1044 2679 1119 naturalibus,
2708 1045 2798 1103 in-

385 1119 668 1195 telligunt
693 1118 984 1177 hominem
1013 1119 1388 1179 constitutum
1415 1118 1476 1177 in
1502 1126 1710 1177 natura
1748 1119 1991 1195 integra,
2022 1140 2153 1178 cum
2196 1120 2348 1180 dono
2392 1132 2451 1181 et
2476 1123 2679 1200 vigore
2708 1144 2799 1183 sa-

387 1208 570 1257 nante
597 1206 878 1275 naturam,
911 1198 1056 1257 adeo
1100 1207 1166 1258 ut
1205 1198 1265 1255 in
1291 1198 1445 1257 bono
1489 1207 1549 1257 et
1585 1198 1771 1257 officio
1798 1197 2079 1257 virtutum
2122 1207 2318 1276 posset
2344 1220 2695 1277 permanere,
2742 1212 2800 1262 et

388 1297 764 1355 perseverare
809 1279 859 1337 si
886 1279 1079 1354 vellet,
1120 1298 1249 1356 quae
1293 1279 1578 1337 sententia
1617 1278 1742 1336 sine
1784 1276 1961 1336 dubio
1988 1278 2219 1337 videtur
2259 1298 2386 1339 esse
2416 1280 2796 1358 Augustini.”

393 1357 570 1432 Quod
593 1359 898 1417 Jamenim
923 1358 985 1415 in
1013 1378 1118 1416 suo
1145 1359 1454 1434 Anqustino
1481 1358 1608 1416 fuse
1648 1356 1903 1416 ostendit
1928 1357 2114 1415 tribus
2153 1357 2317 1417 libris
2346 1358 2419 1418 de
2458 1369 2612 1419 statu
2639 1381 2799 1439 purae

391 1446 656 1512 naturae;
720 1438 837 1496 Sed
879 1438 1138 1514 plerique
1183 1438 1265 1496 sic
1308 1438 1577 1514 sentiunt,
1621 1445 1689 1496 ut
1728 1438 1961 1512 Mensis,
1992 1439 2417 1514 Bonaventura,
2460 1448 2520 1499 et
2545 1442 2798 1500 Jesuitoe.

397 1516 504 1575 Ad
549 1536 694 1594 quos
741 1517 836 1577 hic
863 1517 1145 1577 acceth
1196 1517 1488 1577 Sociniani
1531 1525 1591 1576 et
1632 1516 2125 1593 Remonstrantes,
2160 1517 2382 1595 Pelagii
2412 1520 2662 1597 vestigia
2708 1540 2797 1579 se-

397 1605 661 1674 quentes.

398 1710 562 1756 Homo
573 1725 670 1755 non
686 1714 882 1757 moon.
1005 1677 1081 1737 V.
1127 1678 1249 1737 Nos
1275 1698 1416 1737 vero
1445 1677 1759 1737 Hominem
1785 1696 2083 1754 nunquam
2124 1677 2187 1737 in
2232 1677 2393 1755 puris
2440 1678 2801 1738 namralibus

458 1770 591 1813 ditus
640 1770 692 1813 in
749 1770 884 1827 puris
925 1777 1028 1816 seu
1055 1758 1116 1815 in
1144 1765 1298 1817 statu
1324 1778 1484 1835 purae
1510 1766 1731 1817 naturae
1758 1757 1841 1815 ita
1867 1756 2191 1833 intellectae,
2236 1757 2531 1817 conditum
2570 1767 2800 1835 perten-

460 1827 779 1872 naturalibus.
923 1838 1130 1912 dimus,
1178 1857 1284 1896 nec
1326 1856 1467 1895 vero
1515 1837 1687 1896 condi
1733 1856 1903 1914 posse
1946 1844 2235 1914 putamus·
2320 1837 2599 1897 Rationes
2646 1847 2798 1914 sunt,

405 1920 460 1978 1.
504 1918 654 1994 Quia
678 1918 851 1977 homo
879 1916 1147 1975 conditus
1175 1924 1264 1975 est
1289 1915 1366 1973 ad
1404 1916 1729 1992 Imaginem
1775 1916 1903 1991 Dei,
1952 1916 2165 1975 Genes.
2211 1916 2249 1975 i.
2300 1919 2395 1993 26,
2442 1926 2617 1994 atque
2654 1918 2801 1976 adeo

400 1999 588 2058 bonus
617 2006 675 2057 et
702 2006 892 2056 rectus
919 1996 1230 2067 moraliter,
1261 1994 1486 2053 Eccles.
1515 1995 1616 2053 vii.
1648 1996 1745 2053 29.
1830 1995 1975 2053 Cum
1998 1996 2151 2053 enim
2180 1996 2386 2073 Imago
2415 1996 2543 2073 ista,
2574 2005 2640 2056 ut
2667 2014 2800 2074 pos-

400 2086 498 2137 tea
525 2077 762 2151 dicetur,
793 2076 856 2132 in
883 2075 927 2135 J
929 2074 1128 2133 ustitia
1154 2073 1422 2149 originali
1447 2073 1810 2149 potissimum
1838 2074 1949 2131 sita
1976 2073 2067 2150 sit,
2099 2093 2217 2131 non
2242 2083 2435 2151 potest
2482 2075 2597 2133 dici
2640 2096 2799 2135 crea-

400 2166 498 2217 tus
524 2157 588 2215 in
612 2156 774 2233 puris
801 2153 1174 2227 naturalibuS,
1208 2152 1308 2229 qui
1335 2172 1404 2210 ea
1432 2160 1667 2211 ornatus
1694 2172 1729 2209 a
1770 2151 2053 2229 principio
2094 2152 2221 2211 fuit.
2306 2158 2363 2212 2.
2407 2153 2557 2227 Quia
2600 2155 2798 2212 condi-

401 2245 498 2295 tus
527 2244 616 2294 est
642 2234 718 2292 ad
744 2233 988 2309 gloriam
1013 2240 1075 2290 et
1102 2230 1321 2290 cultum
1350 2230 1462 2289 Dei
1501 2230 1675 2289 Prov.
1704 2230 1827 2289 xvi.
1856 2234 1913 2306 4,
1962 2231 2133 2291 Rom.
2178 2231 2259 2289 xi.
2308 2235 2404 2307 36,
2452 2252 2565 2307 quo
2614 2232 2802 2293 officio

399 2334 518 2373 non
543 2313 830 2391 potuisset
857 2311 1110 2388 defungi,
1142 2310 1256 2369 nisi
1283 2309 1516 2370 dotibus
1543 2308 1883 2369 necessariis
1929 2310 2246 2371 instructus
2288 2310 2525 2386 fixisset3
2570 2312 2794 2388 sapien-

401 2394 487 2452 tia
514 2394 737 2451 scilicet
762 2400 822 2450 et
849 2391 1170 2451 sanctitate.

501 2472 613 2532 VI.
677 2475 736 2531 3.
779 2470 928 2545 Quia
970 2470 1072 2529 ubi
1115 2469 1230 2529 duo
1259 2477 1394 2529 sunt
1439 2468 1769 2527 immediate
1813 2468 2093 2546 opposita,
2139 2489 2287 2547 quae,
2318 2469 2581 2547 subjecto
2628 2470 2803 2530 alicui

403 2559 754 2630 competunt,
799 2570 997 2609 eorum
1023 2548 1361 2609 alterutrum
1402 2568 1636 2609 necesse
1664 2556 1754 2607 est
1792 2548 1881 2607 illi
1920 2550 2127 2608 inesse.
2211 2547 2298 2608 At
2340 2549 2557 2608 ‘ustitia
2584 2558 2643 2609 et
2669 2570 2801 2629 pec-

403 2640 596 2692 catum
637 2633 710 2691 de
751 2631 982 2690 homine
1022 2629 1422 2708 praedicantur,
1466 2638 1741 2707 tanquam
1782 2629 2045 2705 subjecto
2086 2649 2285 2690 eorum
2354 2635 2549 2707 απαξ,
2592 2639 2652 2690 et
2692 2630 2805 2690 sibi

404 2711 595 2788 ἀμία-ος
621 2719 1004 2790 opponuntur.
1089 2710 1248 2786 Ergo
1279 2728 1515 2768 necesse
1557 2716 1647 2768 est
1694 2708 2032 2768 alterutrum
2076 2709 2163 2768 illi
2206 2710 2413 2786 inesse,
2459 2730 2568 2770 nec
2612 2717 2806 2788 potest

404 2793 532 2852 dari
557 2794 748 2868 homo,
779 2791 920 2869 quin
949 2790 1026 2850 sit
1052 2790 1148 2848 vel
1168 2790 1382 2867 justus,
1411 2789 1508 2847 vel
1534 2797 1822 2866 peccator.
1906 2789 2150 2848 Frustra
2193 2787 2429 2848 affertur
2472 2790 2803 2867 exemplum

403 2872 726 2947 infantium,
757 2871 860 2948 qui
885 2889 993 2928 nec
1013 2867 1162 2947 justi
1188 2876 1433 2946 possunt
1459 2868 1591 2943 dici,
1611 2868 1750 2945 quia
1767 2868 1927 2945 juste
1954 2887 2073 2928 non
2088 2877 2287 2945 agunt,
2319 2889 2427 2928 nec
2451 2878 2801 2946 peccatores,

405 2953 543 3030 quia
567 2971 804 3030 peccare
832 2970 948 3008 non
975 2957 1235 3027 possunt.
1320 2948 1472 3007 Nam
1499 2948 1767 3025 quamvis
1804 2947 1994 3006 infans
2040 2967 2158 3006 non
2204 2947 2389 3024 possit
2437 2947 2551 3006 dici
2587 2950 2801 3026 justus,

405 3041 508 3091 aut
533 3039 814 3108 peccator,
839 3029 1085 3107 justitia,
1115 3036 1216 3087 aut
1241 3036 1480 3106 peccato
1507 3026 1753 3102 actuali3
1796 3034 1989 3104 potest
2015 3035 2211 3086 tamen
2236 3027 2535 3104 habituali,
2566 3035 2625 3086 et
2668 3048 2802 3086 con-

409 3111 622 3188 genito,
653 3117 718 3170 ut
745 3118 900 3168 recte
927 3108 1139 3168 dicitur
1165 3107 1478 3183 rationalis,
1510 3108 1648 3185 quia
1675 3107 1957 3168 rationem
1982 3107 2161 3167 habet
2186 3107 2249 3165 in
2276 3115 2409 3167 actu
2434 3107 2641 3185 prime,
2667 3107 2807 3168 lieet

407 3197 542 3248 actu
569 3189 824 3247 nondum
851 3188 1237 3263 ratiocinetur,
1268 3206 1376 3246 nec
1403 3186 1731 3246 ratiocinari
1756 3187 1957 3263 possit.

489 3268 656 3327 V11.·
685 3271 743 3326 4.
787 3268 936 3344 Quia
963 3275 1146 3326 status
1173 3267 1283 3325 iste
1309 3286 1470 3343 purae
1497 3273 1735 3341 natmrae,
1766 3285 1988 3324 merum
2016 3274 2105 3325 est
2131 3265 2487 3343 figmentum,
2518 3267 2677 3344 quod
2703 3287 2809 3326 nec

407 3347 518 3408 fuit
543 3367 814 3426 unquam,
843 3367 950 3406 nec
978 3365 1104 3406 esse
1131 3345 1356 3422 potuit:
1387 3345 1598 3403 Nonin
1616 3352 1774 3404 statu
1799 3345 2044 3421 integro,
2058 3346 2195 3422 quia
2210 3347 2273 3404 in
2291 3366 2360 3405 eo
2388 3347 2615 3423 integer
2644 3355 2702 3405 et
2718 3347 2805 3406 in-

404 3447 620 3487 nocens
647 3447 775 3486 esse
802 3426 1034 3501 debuit;
1079 3425 1214 3482 Non
1239 3425 1302 3484 in
1329 3432 1486 3483 statu
1510 3423 1750 3501 peccati,
1781 3424 1919 3499 quia
1938 3425 2195 3483 nascitur
2220 3425 2377 3483 filius
2404 3425 2542 3500 irae,
2586 3426 2720 3484 Non
2746 3426 2808 3484 in

405 3514 561 3568 statu
605 3507 822 3585 gratiae,
855 3506 990 3582 quia
1030 3504 1348 3564 renascitur
1374 3503 1530 3562 filius
1571 3503 1720 3578 Dei3
1780 3501 1914 3561 Non
1953 3502 2017 3562 in
2058 3510 2215 3562 statu
2254 3503 2473 3580 glorioe,
2505 3504 2644 3582 quia
2670 3513 2809 3564 tunc

407 3586 898 3646 consummabitur
923 3584 1051 3662 ejus
1080 3583 1356 3643 sanctitas
1383 3591 1442 3642 et
1469 3581 1731 3640 felicitas.

1006 3662 1190 3722 VIII.
1233 3663 1427 3722 Status
1451 3671 1675 3720 παίωνας
1702 3680 1891 3736 purae,
1920 3679 2038 3718 non
2064 3659 2276 3718 dicitur
2316 3661 2576 3738 opposite
2604 3660 2679 3718 ad
2706 3661 2807 3720 im-

437 3729 616 3778 Fontes
639 3729 844 3777 3⁰¹¹¹fi⁰
921 3762 1156 3818 purum‚
1189 3742 1272 3800 sic
1314 3741 1465 3800 enim
1493 3761 1610 3800 non
1636 3747 1923 3818 repugnat
1964 3746 2177 3798 statum
2212 3739 2563 3817 integritatis
2591 3741 2806 3817 vocari,

583 3805 715 3836 num.
933 3823 1070 3899 quia
1085 3841 1230 3899 pura
1238 3823 1387 3880 “tunc
1416 3827 1474 3880 et
1493 3820 1721 3896 integra
1740 3818 1849 3877 fuit
1868 3826 2091 3893 natura,
2115 3818 2218 3876 sed
2246 3819 2505 3897 opposite
2534 3818 2611 3877 ad
2638 3822 2806 3896 dona,

404 3909 459 3958 et
483 3898 699 3958 habitus
723 3900 1046 3976 spirituales
1066 3901 1312 3979 justitiae
1341 3909 1398 3960 et
1425 3899 1765 3975 sanctitatis,
1805 3918 1953 3975 quos
1993 3898 2283 3958 Pontificii
2310 3899 2515 3958 volunt
2542 3919 2669 3958 esse
2712 3920 2807 3959 su-

403 3979 814 4056 pernaturales,
845 3981 1259 4057 patrocinaturi
1285 3979 1454 4039 liberi
1481 3979 1705 4039 arbitrii
1730 3977 2067 4056 integritati,
2107 3985 2169 4038 et
2192 3985 2259 4038 ut
2285 3978 2809 4056 concupiscentiam

409 4057 629 4117 faciant
655 4060 981 4119 naturalem
1008 4062 1072 4119 in
1097 4060 1283 4138 primo
1309 4060 1562 4118 homine.

487 4135 608 4196 IX.
653 4138 816 4197 Deus
842 4149 1068 4215 poterat
1095 4139 1330 4218 quidem
1358 4140 1653 4198 hominem
1680 4157 1798 4197 non
1835 4157 2045 4212 creare,
2076 4136 2179 4196 sed
2204 4136 2395 4215 posito
2424 4137 2581 4215 quod
2609 4137 2808 4197 volue-

404 4214 482 4273 rit
509 4235 718 4292 creare,
762 4238 882 4277 non
908 4228 1134 4297 poterat
1161 4219 1325 4278 illum
1353 4239 1547 4278 creare
1575 4219 1858 4296 exlegem,
1889 4225 1948 4276 et
1982 4217 2205 4276 homini
2232 4226 2425 4277 creato
2453 4237 2569 4276 non
2596 4238 2810 4295 ponere

408 4293 644 4370 Legem,
675 4296 814 4372 quia
839 4306 906 4357 ut
933 4298 1316 4376 dependentia
1343 4299 1586 4375 physica
1612 4297 1939 4356 essentialis
1962 4297 2252 4356 Creaturae
2280 4316 2316 4355 a
2344 4296 2613 4358 Creatore
2641 4297 2811 4357 datur

408 4392 635 4450 semper
674 4375 735 4432 in
777 4396 988 4452 genere
1030 4378 1196 4452 entis,
1239 4377 1322 4436 ita
1363 4386 1422 4435 et
1462 4377 1652 4436 ethica
1693 4375 1819 4434 dari
1860 4375 2033 4434 debet
2072 4376 2133 4433 in
2175 4395 2385 4453 genere
2426 4377 2635 4453 moris3
2694 4377 2810 4436 imo

406 4453 674 4529 quamvis
704 4454 866 4514 Deus
893 4457 1114 4516 nullam
1153 4457 1345 4534 legem
1372 4464 1670 4515 externam
1712 4455 1799 4513 illi
1838 4454 2145 4532 posuisset,
2176 4455 2527 4514 conscientia
2554 4463 2613 4514 et
2639 4464 2811 4514 rectae

404 4532 651 4670 rsstionis·
673 4533 965 4673 d{c5tamen
991 4536 1080 4594 illi
1106 4545 1259 4596 esset
1297 4536 1478 4595 instar
1507 4533 1701 4610 Legis,
1726 4532 1885 4611 quod
1911 4534 2233 4611 Apostolus
2259 4542 2432 4594 vocat
2457 4554 2596 4610 opus
2622 4535 2807 4609 Leqis,

469 4631 582 4672 om.
613 4633 674 4672 u.
786 4658 802 4675 .
