3300 5225
532 349 645 408 136
1466 374 1650 419 meus
1679 374 2003 419 saevimus.
2517 356 2771 439 [Quas-r.
2801 378 2930 421 xxx.

525 506 763 585 plicatio
788 517 985 586 potest
1010 532 1137 573 esse
1165 514 1399 576 diversa
1433 525 1559 577 tum
1595 517 1672 576 ad
1709 515 2057 594 'dac-naalon,
2087 512 2309 593 ἔλεγχοι,
2335 516 2665 598 §rurigena-n,
2697 516 2806 579 &a
2835 520 2938 597 qui

527 606 669 647 usus
686 597 823 649 sunt
846 590 1156 669 Scripturoe
1185 596 1511 657 Theoretici
1532 606 1591 658 et
1608 598 1895 673 Practici3
1928 598 2023 656 Ita
2049 598 2367 674 Allegoria,
2384 597 2691 677 Anagoge,
2721 600 2934 660 etTro-

523 665 663 744 polo
707 668 720 680 ‘
805 688 925 728 non
950 680 1069 731 tam
1098 686 1234 735 sunt
1260 696 1463 737 sensns
1489 678 1725 751 diversi,
1753 696 1925 753 quam
1945 677 2362 756 applicationes
2381 678 2554 737 unius
2575 698 2780 739 sensus
2805 680 2936 739 lite-

524 687 1038 828 ralisffiegoria
1064 762 1125 814 et
1150 755 1457 835 Anagoge,
1487 776 1619 835 quae
1646 757 1724 816 ad
1750 753 2098 834 διδασκαλίαν,
2123 756 2477 835 Tropologia
2500 778 2659 836 vero,
2703 779 2833 837 quae
2861 758 2938 818 ad

524 826 840 909 iratique-u
866 830 1205 895 referuntur.

608 907 756 968 VII.
798 909 1093 987 Alkyonia
1120 915 1218 974 vel
1234 923 1325 975 est
1340 915 1553 991 innata,
1585 915 1685 976 vel
1711 915 1892 991 illata,
1921 915 2018 975 vel
2044 935 2081 975 a
2111 914 2332 993 Spiritu
2363 915 2422 976 S.
2451 916 2692 993 intenta,
2719 918 2820 977 vel
2859 919 2936 978 ab

523 985 855 1047 hominibus
880 991 1150 1070 inventa3
1193 996 1496 1073 posteriori
1524 1014 1699 1055 sensu
1724 1015 1844 1055 non
1868 994 2192 1073 ingreditur
2217 1015 2452 1055 sensum
2483 996 2607 1055 Scri
2647 1006 2809 1073 turae,
2829 998 2936 1058 sed

524 1068 945 1128 consectarium
972 1080 1064 1131 est
1089 1075 1248 1150 quod
1273 1075 1502 1134 elicitur
1518 1094 1595 1135 ex
1612 1076 1862 1135 hominis
1883 1075 2095 1151 studio,
2113 1095 2218 1154 per
2233 1075 2468 1135 modum
2495 1096 2609 1155 app
2635 1078 2933 1156 'cationis;

527 1146 649 1207 Sed
672 1148 831 1226 prior
853 1148 915 1207 in
940 1168 1117 1211 sensu
1142 1155 1460 1232 composito
1486 1156 1814 1216 continetur
1837 1164 2112 1232 tanquam
2154 1155 2283 1233 ejus
2308 1176 2460 1234 pars,
2491 1156 2628 1233 quia
2668 1156 2934 1217 dubitan-

523 1224 665 1285 dum
691 1246 809 1287 non
836 1237 926 1289 est
951 1232 1093 1308 quin
1112 1252 1150 1293 a
1180 1234 1399 1311 Spiritu
1420 1234 1632 1295 Sancto
1659 1235 1883 1294 intenta
1909 1236 2001 1310 sit,
2026 1244 2200 1313 atque
2217 1235 2362 1295 adeo
2379 1235 2452 1295 de
2469 1236 2596 1313 ejus
2613 1246 2838 1313 mente;
2867 1246 2935 1297 ut

523 1306 683 1381 quod
710 1306 937 1385 dicitur,
970 1310 1103 1371 Gal.
1134 1313 1213 1373 iv.
1244 1313 1317 1374 de
1344 1313 1571 1375 duabus
1603 1314 1902 1375 Uxoribus
1944 1314 2268 1373 Abrahami
2309 1316 2556 1375 trahitur
2582 1316 2659 1375 ad
2684 1316 2801 1377 duo
2829 1316 2932 1375 soe-

523 1383 695 1464 dera3
740 1388 899 1465 quod
926 1389 1151 1469 dicitur,
1185 1393 1321 1453 Heb
1347 1394 1428 1453 iv.
1456 1393 1531 1453 de
1556 1395 1750 1473 requie
1790 1394 2038 1454 trahitur
2064 1394 2140 1453 ad
2165 1395 2422 1472 requiem
2449 1396 2756 1456 coelcstem.
2841 1396 2936 1456 Ita

522 1484 703 1541 quum
729 1487 766 1528 a
792 1468 962 1546 signo
988 1470 1067 1529 ad
1092 1492 1215 1531 rem
1242 1474 1530 1552 signatam
1571 1473 1991 1552 progredimur,
2021 1492 2140 1533 non
2165 1492 2383 1534 novum
2421 1494 2652 1535 sensum
2696 1474 2931 1536 adduci-

520 1563 686 1623 mus,
730 1548 834 1607 sed
860 1549 1019 1626 quod
1046 1554 1155 1611 sub
1182 1553 1351 1631 signo
1377 1554 1595 1613 latebat
1621 1554 1938 1631 educimus,
1966 1561 2033 1613 ut
2079 1573 2312 1614 sensum
2351 1554 2640 1633 integrum
2680 1564 2741 1615 et
2779 1576 2934 1615 com-

520 1624 743 1703 pletum
771 1646 808 1685 a
837 1628 1057 1705 Spiritu
1087 1632 1147 1693 S.
1176 1632 1461 1693 intentum
1489 1633 1823 1694 habeamus.

550 1744 557 1751 ·
604 1704 789 1765 VIII.
834 1706 1000 1768 Licet
1026 1709 1356 1771 intellectus
1386 1713 1497 1771 Dei
1541 1713 1619 1771 sit
1661 1713 1936 1789 infinitus,
1988 1712 2090 1790 qui
2132 1712 2300 1791 plura
2343 1714 2460 1773 imo
2485 1712 2713 1773 infinita
2737 1724 2928 1793 potest

523 1782 698 1844 simul
726 1788 1047 1864 complecti,
1100 1808 1217 1851 non
1262 1792 1522 1869 sequitur
1564 1812 1796 1852 sensnm
1844 1792 2154 1870 Scriptura}
2199 1812 2328 1852 esse
2351 1794 2747 1872 multiplicem,
2793 1797 2930 1872 quia

522 1862 599 1923 ab
624 1864 923 1927 intellectu
952 1867 1081 1945 Dei,
1113 1870 1189 1929 ad
1214 1871 1395 1930 verba
1423 1872 1537 1931 Dei
1561 1890 1682 1931 non
1708 1872 1879 1931 datur
1903 1873 2350 1949 consequentia3
2391 1892 2500 1933 nec
2526 1874 2816 1933 metienda
2841 1883 2930 1934 est

520 1942 809 2003 dictorum
836 1946 1181 2024 significatio
1208 1969 1245 2008 a
1270 1951 1561 2028 loquentis
1586 1951 1960 2012 foecunditate
1988 1970 2118 2028 quae
2145 1952 2241 2010 hic
2267 1952 2508 2034 infinita,
2540 1952 2646 2013 sed
2671 1974 2747 2013 ex
2773 1962 2931 2014 certa

520 2030 583 2081 et
608 2023 989 2095 determinata
1015 2030 1145 2107 ejus
1170 2030 1505 2105 intentione,
1535 2032 1834 2095 hominum
1874 2031 2086 2109 quibus
2111 2032 2457 2108 loquebatur
2482 2034 2676 2111 captui
2704 2054 2926 2092 accom-

520 2104 771 2164 modata.
857 2106 1021 2167 Deus
1046 2128 1227 2185 quum
1254 2110 1529 2188 intelligit
1555 2111 1670 2170 sibi
1709 2110 1999 2188 intelligit,
2043 2118 2112 2171 ut
2149 2110 2411 2171 infinitus
2437 2120 2544 2188 est,
2581 2121 2756 2191 atque
2782 2112 2928 2173 adeo

519 2182 777 2261 infinite;
822 2186 927 2245 sed
954 2206 1134 2265 quum
1162 2189 1420 2267 loquitur
1444 2210 1563 2249 non
1590 2190 1706 2249 sibi
1739 2190 2013 2267 loquitur,
2043 2190 2148 2249 sed
2172 2190 2359 2267 nobis,
2389 2190 2468 2249 id.
2499 2192 2927 2253 accommodate

518 2262 595 2321 ad
622 2282 691 2322 ca
870 2266 1163 2343 nostrum,
1194 2270 1297 2347 qui
1320 2270 1521 2329 finitus
1540 2264 1648 2345 est,
1679 2288 1787 2330 nec
1811 2268 2008 2347 plures
2037 2288 2241 2329 sensus
2269 2271 2568 2349 concipere
2593 2280 2803 2349 potest.

600 2342 633 2399 I
705 2388 722 2402 .
767 2344 979 2408 Ezech.
1008 2345 1067 2406 ii.
1104 2352 1196 2426 10,
1244 2351 1431 2427 Apoc2
1459 2369 1519 2409 v.
1553 2352 1604 2425 1,
1650 2369 1756 2428 per
1781 2350 1994 2408 librum
2023 2350 2299 2426 scriptum
2325 2370 2362 2409 a
2389 2348 2574 2410 fronte
2602 2360 2660 2410 et
2677 2371 2712 2409 a
2739 2360 2922 2428 tergo,

516 2422 674 2482 intus
712 2431 775 2483 et
810 2425 985 2503 foris;
1029 2447 1149 2489 non
1197 2429 1558 2507 significatur
1594 2428 1814 2507 duplex
1841 2429 2014 2488 unius
2045 2428 2354 2507 Scripturas
2383 2448 2602 2504 sensus,
2647 2429 2749 2488 sed
2776 2432 2923 2489 mul-

516 2502 705 2562 titudo
734 2522 931 2563 eorum
958 2526 1088 2583 quse
1114 2508 1422 2586 utrobique
1450 2510 1666 2586 scripta
1691 2516 1888 2586 erant;
1931 2507 2050 2567 illic
2077 2507 2378 2587 plagarum
2403 2509 2450 2570 J
2450 2508 2632 2569 udaeis
2657 2504 2923 2587 infligen-

517 2581 738 2659 darum,
767 2582 865 2643 hic
890 2603 1030 2645 vero
1058 2586 1419 2650 decretorum
1450 2588 1579 2648 Dei.

598 2661 685 2722 X.
730 2663 1015 2724 Locorum
1042 2666 1367 2744 difficultas,
1418 2687 1537 2728 non
1576 2667 1772 2745 arguit
1809 2667 2184 2746 multiplicem
2229 2669 2343 2728 Dei
2381 2668 2775 2745 intentionem,
2819 2669 2926 2728 sed

515 2741 771 2819 aliquam
812 2744 1119 2806 verborum
1160 2747 1613 2824 ambiguitatem,
1661 2756 1721 2806 et
1759 2747 2160 2826 intelligentiae
2199 2757 2411 2808 nostrae
2450 2748 2922 2808 imbecillitatem.

518 2821 685 2882 Licet
710 2841 886 2882 voces
912 2826 1077 2884 varia
1102 2825 1427 2904 significare
1454 2827 1680 2904 possint
1705 2827 1768 2885 in
1793 2827 1962 2904 thesi,
1982 2836 2175 2886 tamen
2201 2828 2262 2886 in
2288 2829 2600 2906 hypothesi
2624 2829 2800 2905 huJus
2827 2829 2926 2888 vel

513 2900 673 2960 illius
698 2901 829 2978 loci,
859 2904 936 2963 ad
960 2923 1142 2965 unum
1187 2912 1414 2965 tantum
1461 2905 1848 2982 significatum
1888 2926 1964 2965 ex
2004 2906 2097 2966 his
2137 2927 2174 2965 a
2217 2907 2437 2984 Spiritu
2479 2908 2540 2968 S.
2583 2906 2920 2984 referuntur,

514 2981 617 3072 qni
640 2980 818 3118 33th
842 3002 925 3077 ⁰¹.
946 2985 1408 3046 antecedentium
1434 2993 1497 3046 et
1520 2985 1994 3064 consequentium
2021 2986 2496 3065 consideratione,
2539 2995 2600 3047 et
2625 3007 2701 3046 ex
2727 2987 2921 3046 analo-

515 3079 617 3136 gia
722 3080 777 3120 ei
804 3081 946 3122 erm.
1863 3105 1868 3108 -

598 3138 717 3198 XI.
760 3141 967 3202 Βεπεηε
992 3146 1229 3205 literalis
1254 3145 1567 3223 aliquando
1590 3147 1768 3207 latius
1796 3145 2042 3207 sumitur
2065 3165 2171 3224 pro
2207 3154 2332 3206 toto
2372 3146 2679 3224 complexu
2719 3163 2924 3205 sensus

512 3217 723 3278 intenti
748 3239 785 3279 a
814 3221 1033 3299 Spiritu
1063 3225 1124 3285 S.
1154 3225 1279 3285 sive
1305 3226 1366 3284 in
1394 3235 1553 3304 typo,
1602 3226 1726 3285 sive
1753 3227 1816 3284 in
1841 3225 2124 3304 antitypo,
2169 3233 2230 3286 et
2273 3226 2356 3285 sic
2383 3226 2493 3285 sub
2521 3245 2584 3286 se
2611 3226 2922 3302 mysticum

512 3298 689 3356 etiam
732 3301 1021 3379 continet3
1092 3303 1429 3382 Aliquando
1484 3306 1740 3365 strictius
1788 3325 1893 3383 pro
1935 3325 2006 3365 eo
2053 3324 2228 3382 quem
2269 3306 2452 3364 verba
2492 3304 2823 3364 immediate
2861 3311 2922 3362 et

510 3377 775 3456 proxime
801 3400 922 3458 prae
950 3400 1012 3441 se
1039 3381 1249 3460 ferunt,
1280 3393 1341 3444 et
1368 3384 1451 3444 sic
1478 3383 1856 3462 distinguitur
1893 3403 1930 3442 a
1956 3385 2220 3462 mystico,
2264 3385 2366 3462 qui
2405 3403 2524 3442 non
2551 3392 2668 3443 tam
2699 3383 2918 3460 signifi-

512 3464 677 3517 catur
710 3477 817 3537 per
842 3461 1038 3537 verba,
1069 3481 1245 3539 quam
1270 3483 1376 3541 per
1400 3483 1494 3523 res
1520 3463 1718 3523 verbis
1745 3463 2116 3541 significatas,
2159 3463 2262 3542 qui
2300 3461 2548 3522 mediate
2575 3471 2802 3521 tantum
2843 3481 2920 3521 ex

508 3537 829 3598 intentione
856 3539 1101 3601 dicentis
1128 3543 1379 3621 exurgit.

592 3617 748 3678 XII.
792 3619 1073 3694 Quamvis
1100 3640 1333 3682 sensum
1361 3621 1741 3701 compositum
1767 3641 2066 3700 ponamus,
2109 3640 2228 3681 non
2273 3621 2532 3681 tollimus
2557 3626 2751 3679 tamen
2789 3619 2920 3677 uni-

507 3703 686 3756 tatem
706 3699 985 3776 veritatis,
1016 3709 1077 3760 et
1108 3701 1417 3780 Scripturae
1458 3701 1877 3776 certitudinem,
1921 3701 2080 3780 quod
2122 3700 2441 3760 Pontificiis
2467 3699 2916 3778 exprobramus;

506 3776 645 3851 quia
686 3779 901 3838 veritas
943 3798 1075 3856 quae
1116 3781 1179 3839 in
1220 3782 1350 3841 istis
1392 3781 1655 3843 Oraculis
1681 3781 2036 3859 proponitur,
2065 3781 2258 3840 varias
2285 3780 2476 3856 mim
2501 3778 2924 3855 complectitur,

508 3873 639 3932 quae
666 3875 865 3916 omnes
893 3877 927 3915 a
958 3858 1177 3935 Spiritu
1208 3861 1271 3920 S.
1298 3861 1694 3921 intenduntur.

590 3931 781 3992 XIII.
827 3935 912 3996 Ut
944 3937 1239 4014 Scriptura
1264 3948 1356 3998 est
1380 3939 1829 4013 foecundissima,
1873 3958 2004 4015 quse
2029 3939 2226 4016 plures
2251 3957 2344 3997 res
2372 3955 2546 4014 quam
2573 3935 2755 3995 verba
2781 3953 2917 3994 con-

506 4009 693 4071 tinetz
736 4011 831 4071 Ita
868 4015 1015 4072 nihil
1040 4015 1277 4076 absurdi
1316 4026 1407 4077 est
1447 4018 1637 4076 dicere
1684 4016 1960 4094 Spiritum
2007 4019 2066 4078 S.
2111 4018 2220 4078 sub
2260 4036 2378 4076 una
2415 4016 2733 4093 eademque
2772 4033 2920 4072 voce

505 4090 690 4149 multa
717 4091 889 4150 simul
916 4103 1225 4154 connotare
1252 4096 1421 4155 nobis
1446 4096 1720 4170 voluisse,
1765 4095 1869 4154 sed
1897 4097 2008 4156 sibi
2035 4097 2427 4170 subordinate,
2471 4097 2555 4154 ita
2579 4103 2648 4154 ut
2671 4095 2919 4153 alterum

504 4169 743 4230 alterins
770 4171 847 4230 sit
874 4171 1103 4248 signum
1130 4181 1191 4234 et
1215 4173 1419 4252 figura,
1461 4175 1559 4234 vel
1599 4175 1854 4252 aliquam
1893 4175 2045 4234 inter
2071 4196 2137 4235 se
2173 4175 2592 4235 connexionem
2621 4182 2681 4232 et
2706 4172 2919 4250 depen-

504 4249 760 4308 dentiam
785 4250 1073 4312 habeant:
1119 4252 1217 4312 Sic
1254 4254 1559 4330 promissio
1596 4254 1736 4314 data
1783 4253 2038 4314 Abrahae
2079 4254 2151 4314 de
2193 4254 2428 4330 semine,
2460 4262 2520 4313 et
2549 4253 2816 4312 Isaacum
2855 4251 2919 4308 in

502 4337 646 4405 typo
674 4336 733 4387 et
761 4329 1054 4390 Christum
1094 4332 1438 4410 respiciebat
1476 4333 1537 4391 in
1573 4333 1856 4410 antitypo,
1889 4333 2021 4394 Gal.
2049 4334 2133 4394 iii.
2168 4336 2261 4394 16.
2345 4332 2658 4394 oraculum
2685 4331 2760 4390 de
2799 4349 2918 4388 non

503 4405 937 4486 confringendis
990 4411 1221 4471 ossibus
1276 4411 1455 4490 Agni‚
1516 4411 1707 4471 Exod.
1757 4413 1860 4472 xii.
1904 4421 1966 4472 et
2018 4412 2094 4472 ad
2136 4433 2352 4490 agnum
2400 4411 2742 4482 Paschalem
2777 4428 2915 4502 per-

501 4486 725 4549 tinebat
776 4488 839 4548 in
892 4489 1097 4567 figura,
1156 4499 1217 4551 et
1268 4491 1345 4550 ad
1400 4492 1693 4553 Christum
1747 4491 1809 4550 in
1861 4493 2156 4570 mysterio,
2201 4492 2244 4554 J
2248 4493 2344 4552 oh.
2385 4491 2513 4551 xix.
2599 4489 2916 4549 Promissio

501 4566 639 4626 data
692 4568 927 4643 Davidi,
976 4573 1014 4628 2
1067 4569 1223 4630 Sam.
1272 4571 1374 4630 vii.
1417 4573 1545 4631 Ero
1588 4571 1679 4630 illc·
1727 4573 1789 4631 in
1831 4573 2082 4648 Patrem,
2131 4570 2242 4631 ἆυ.
2305 4579 2366 4631 et
2413 4571 2782 4630 Salomonem
2827 4585 2915 4626 re-

502 4648 709 4726 spexit,
756 4656 814 4707 et
860 4649 1169 4726 Christum,
1202 4649 1357 4712 Heb.
1386 4651 1425 4710 i.
1510 4651 1819 4712 Praedictio
1861 4652 1958 4710 Ps.
1989 4651 2112 4710 xvi.
2154 4651 2230 4711 de
2275 4652 2490 4712 Sancto
2533 4668 2652 4708 non
2679 4647 2916 4707 vidente
