3300 5225
40 1031 47 1068 t

246 356 503 406 Qufflsr.
534 334 699 420 xus]
1309 357 1388 398 nu
1417 357 1704 400 recca-ro.
2583 341 2700 400 581

342 498 545 560 XVI.
590 499 795 577 Longe
823 499 1181 560 commodius
1208 508 1269 560 et
1308 499 1503 560 verius
1550 501 1884 579 loquuntur,
1913 499 2016 578 qui
2041 499 2391 579 pertendunt
2427 500 2540 559 hoc
2581 519 2700 560 non

244 577 391 637 fieri
419 599 535 656 per
560 582 833 640 actionem
858 581 1111 658 aliquam
1136 582 1392 658 corporis
1418 582 1479 642 in
1504 582 1773 658 animam,
1803 581 1970 659 quasi
1997 599 2206 658 corpus
2233 579 2478 659 agendo,
2507 579 2703 641 anima

248 677 410 718 vero
438 661 723 737 patiendo
748 661 1029 739 paulatim
1076 661 1439 739 depravetur,
1486 662 1626 740 quia
1672 670 1974 740 peccatum
2017 661 2300 740 originale
2341 669 2562 721 naturae
2589 670 2698 739 est,

244 758 379 798 non
409 741 686 818 actionis,
716 761 824 801 nec
844 761 1053 820 corpus
1080 762 1254 820 supra
1281 743 1565 820 sphaeram
1612 742 1928 802 activitatis
1975 761 2095 802 suae
2143 761 2447 820 assurgere
2487 750 2699 820 potest,

244 827 321 878 ιιι
350 829 511 898 agat
536 821 599 880 in
628 822 892 900 spiritum
918 822 1250 882 immediate
1277 832 1337 882 et
1362 822 1603 901 physice
1626 845 1643 900 ς
1688 823 1823 882 Non
1850 821 2024 881 etiam
2066 842 2172 900 per
2217 832 2531 882 contactum
2551 823 2696 900 phy·

248 899 469 977 sicum,
502 902 691 980 qualis
718 911 807 962 est
832 903 1077 980 liquoris
1104 903 1165 961 in
1192 922 1349 978 vase,
1381 903 1482 980 qui
1514 923 1633 962 non
1661 903 1868 962 cadere
1894 911 2088 980 potest
2111 901 2174 960 in
2215 904 2468 961 animam
2495 903 2696 962 imma-

252 980 582 1043 terialem:
630 981 747 1042 Sed
774 1003 876 1060 per
917 984 1292 1043 arctissimam
1338 982 1543 1042 animoe
1568 992 1625 1042 ct
1663 983 1919 1060 corporis
1961 984 2398 1059 conjunctionem
2439 984 2500 1043 in
2525 1004 2701 1044 unam

256 1061 638 1140 hypostasim,
663 1072 723 1122 et
742 1063 1005 1124 intimam
1032 1063 1333 1142 utriusque
1360 1063 1690 1140 evm-denar,
1718 1071 2098 1140 mutuumque
2125 1062 2202 1121 ad
2229 1083 2292 1123 se
2319 1063 2572 1124 invicem
2599 1085 2698 1142 ap·
2711 1109 2754 1150 9

258 1142 545 1219 petitum,
576 1151 636 1203 et
659 1147 823 1238 ῥοπὴν,
854 1164 971 1222 qua
994 1144 1063 1204 fit
1088 1153 1155 1203 ut
1184 1164 1245 1203 se
1287 1144 1607 1204 arctissime
1650 1143 2106 1220 complectantur
2148 1151 2208 1203 et
2248 1143 2517 1221 afficiant,
2548 1153 2608 1204 et
2635 1153 2702 1205 ut

258 1240 487 1300 corpus
516 1224 703 1284 tendit
728 1225 791 1282 in
818 1224 1069 1284 animam
1096 1232 1371 1302 tanquam
1400 1225 1462 1282 in
1486 1224 1899 1302 perfectionem
1927 1232 1986 1282 et
2001 1223 2216 1282 bonum
2247 1243 2433 1301 suum,
2463 1225 2547 1284 ita
2574 1224 2696 1284 ani-

260 1321 369 1360 ma
398 1303 605 1364 tendat
630 1305 691 1362 in
719 1325 927 1382 corpus
955 1314 1227 1382 tanquam
1272 1305 1335 1364 in
1376 1305 1672 1383 proprium
1699 1302 2056 1363 domicilium
2097 1322 2283 1381 suum,
2327 1312 2389 1364 et
2415 1325 2697 1382 organum

263 1382 573 1444 actionum
602 1405 863 1460 suarum;
910 1385 989 1444 Et
1014 1393 1083 1446 ut
1121 1386 1315 1444 anima
1354 1385 1583 1462 corpori
1630 1403 1766 1444 suas
1809 1383 2145 1443 affectiones
2185 1385 2589 1461 communicat,
2617 1384 2701 1443 ita

262 1481 488 1541 corpus
516 1484 653 1523 suas
680 1465 1087 1543 dispositiones
1114 1466 1339 1542 animae,
1388 1464 1544 1524 unde
1590 1465 1767 1525 etiam
1813 1464 2057 1524 resultat
2103 1463 2414 1525 diversitas
2455 1464 2694 1524 inclina-

258 1541 499 1602 tionum
526 1545 589 1602 in
616 1545 864 1604 diversis
898 1545 1246 1604 hominibus.

356 1623 578 1684 XVII.
610 1625 745 1684 Hoc
771 1645 911 1684 vero
939 1645 1009 1684 eo
1036 1624 1265 1686 facilius
1280 1624 1407 1684 fieri
1430 1631 1639 1702 potest,
1659 1623 1818 1703 quod
1843 1643 1976 1683 cum
2003 1623 2197 1683 anima
2221 1625 2450 1702 privata
2477 1624 2554 1685 sit
2571 1625 2700 1704 jus-

266 1703 411 1762 titia
437 1705 723 1782 originali,
755 1726 871 1764 non
885 1706 1145 1784 ,amplius
1172 1725 1383 1784 corpus
1409 1725 1610 1783 regere
1637 1714 1698 1764 et
1725 1704 1837 1764 sibi
1867 1704 2195 1783 subjectum
2221 1705 2468 1764 retinere
2495 1706 2696 1783 possit,

269 1784 441 1860 quod
465 1785 528 1842 in
556 1794 713 1845 statu
752 1785 1103 1863 integritatis
1138 1785 1307 1844 facile
1334 1785 1620 1863 potuisset
1648 1807 1665 1861 ;
1710 1785 1814 1844 sed
1848 1785 1974 1862 jam
2017 1785 2230 1844 amissa
2271 1785 2386 1844 Dei
2424 1785 2696 1864 imagine,

269 1883 413 1940 quae
438 1865 529 1922 illi
554 1865 705 1924 hanc
735 1868 975 1948 ὒπςοχὺι
1000 1865 1289 1944 praecipue
1315 1865 1690 1944 largiebatur,
1719 1865 2002 1924 naturalis
2028 1865 2170 1924 ordo
2209 1865 2578 1944 perturbatus
2607 1866 2701 1941 sit,

270 1952 345 2004 ut
376 1965 511 2004 caro
538 1966 669 2022 quae
698 1965 897 2024 parere
925 1946 1127 2005 debuit
1167 1945 1291 2023 jam
1321 1945 1582 2022 imperet,
1611 1945 1806 2004 anima
1832 1965 1971 2004 vero
2001 1965 2131 2022 quse
2179 1946 2256 2004 ad
2302 1945 2704 2023 imperandum

270 2023 433 2084 facta
460 2036 601 2102 erat,
622 2027 749 2104 jam
774 2027 836 2084 in
862 2025 1099 2086 alterius
1125 2033 1469 2103 potestatem
1498 2024 1924 2102 quodammodo
1951 2025 2260 2100 transierit,
2290 2034 2351 2085 et
2377 2026 2538 2084 carni
2565 2026 2700 2086 sub-

261 2105 527 2182 jiciatur,
558 2126 627 2166 ac
654 2105 923 2165 deorsum
950 2106 1229 2166 trahatur.
1314 2105 1437 2166 Ubi
1461 2125 1579 2164 non
1605 2113 1727 2164 tam
1755 2103 1898 2164 ordo
1937 2112 2176 2180 naturae,
2207 2124 2380 2182 quam
2426 2106 2554 2166 Lex
2571 2107 2698 2183 jus-

274 2185 425 2245 titiae
452 2185 667 2246 divinae
714 2186 1084 2265 agnoscenda
1126 2195 1215 2246 est
1244 2193 1304 2245 et
1338 2185 1669 2264 justissima
1711 2185 1840 2262 ejus
1869 2185 2108 2261 sanctio,
2159 2185 2272 2244 hoc
2318 2185 2473 2244 malo
2513 2206 2701 2263 poenae

274 2266 615 2326 ulciscentis
641 2268 859 2326 malum
886 2267 1035 2326 illud
1082 2267 1285 2344 culpae,
1334 2286 1451 2344 quo
1500 2265 1721 2343 primus
1747 2285 1956 2344 parens
1997 2274 2194 2325 noster
2235 2264 2499 2344 spiritum
2543 2265 2702 2325 carni

278 2347 671 2424 subigendum
698 2348 851 2407 ultro
876 2347 1190 2425 prostituit.

290 2489 295 2494 ,
364 2427 617 2487 XVIII.
661 2428 794 2486 Hoc
822 2436 1015 2487 autem
1042 2435 1212 2505 pacto
1242 2427 1403 2486 Deus
1431 2445 1549 2486 non
1574 2433 1768 2504 potest
1809 2425 2032 2485 censeri
2065 2425 2273 2485 author
2311 2426 2552 2504 peccati,
2596 2426 2702 2486 sed

278 2506 520 2566 vindex.
566 2507 799 2568 Author
842 2515 933 2567 est
960 2506 1387 2586 conjunctionis
1430 2515 1709 2585 tanquam
1753 2505 1944 2585 operis
1993 2505 2120 2582 sui;
2167 2505 2272 2565 sed
2313 2526 2433 2565 non
2477 2507 2702 2584 peccati

278 2595 557 2666 tanquam
605 2588 735 2650 vitii
762 2587 974 2665 alieni3
1006 2587 1283 2647 Animam
1319 2587 1624 2665 conjungit
1653 2586 1878 2665 corpori
1919 2586 1996 2645 ad
2043 2587 2546 2647 conservationem
2573 2607 2700 2665 spe-

280 2668 425 2745 ciei;
470 2677 531 2728 et
572 2670 823 2728 animam
858 2669 1145 2747 privatam
1189 2668 1419 2746 justitia
1460 2667 1686 2746 corpori
1728 2674 1998 2745 corrupto
2039 2667 2342 2746 conjungit
2381 2668 2444 2726 in
2469 2688 2704 2746 poenam

280 2749 523 2827 peccati.
609 2750 732 2809 Nec
776 2750 939 2809 Deus
980 2759 1072 2810 est
1097 2748 1479 2827 corruptionis
1508 2768 1700 2823 causa,
1732 2748 1782 2806 si
1809 2747 1872 2805 in
1899 2748 2306 2825 conjunctione
2333 2747 2541 2807 animae
2569 2768 2701 2807 cum

280 2848 520 2907 corpore
547 2839 767 2889 naturae
795 2830 1119 2890 institutam
1145 2830 1337 2907 legem
1376 2837 1589 2906 tuetur,
1633 2849 1671 2888 a
1696 2848 1813 2906 qua
1838 2828 2068 2906 proprie
2093 2827 2286 2904 homo,
2315 2847 2392 2886 ex
2419 2828 2706 2888 accidenti

280 2930 421 2969 vero
448 2918 676 2971 tantum
700 2918 988 2989 peccator,
1018 2911 1217 2969 oritur.

364 2990 556 3050 XIX.
602 2991 881 3066 Quamvis
924 3010 1064 3051 vero
1108 3010 1225 3049 non
1270 2989 1459 3049 omnis
1500 2989 1730 3049 sublata
1768 2987 2065 3048 videretur
2103 2987 2428 3065 difficultas,
2471 3008 2602 3067 quse
2643 2988 2706 3047 in

280 3069 395 3128 isto
421 3070 595 3129 modo
620 3071 1055 3149 propagationis
1082 3069 1429 3148 explicando
1458 3070 1741 3146 occurrit;
1789 3068 1918 3147 ejus
1953 3069 2162 3128 veritas
2202 3077 2396 3128 tamen
2421 3089 2552 3147 quse
2580 3076 2701 3127 tam

283 3150 437 3208 clare
478 3150 540 3207 in
572 3152 868 3227 Scriptura
894 3151 1159 3227 traditur,
1204 3158 1264 3209 et
1310 3170 1415 3228 per
1457 3150 1872 3229 experientiam
1917 3148 2304 3223 confirmatur,
2347 3169 2466 3207 non
2512 3149 2706 3209 minus

283 3237 441 3289 certo
468 3228 771 3289 retinenda
796 3239 983 3307 esset3
1030 3231 1153 3290 Nec
1182 3230 1233 3288 si
1258 3234 1315 3287 τὶ
1342 3233 1445 3295 σῦς
1468 3230 1699 3307 assequi
1739 3249 1856 3287 non
1884 3228 2191 3306 possimus,
2219 3234 2275 3287 τὶ
2303 3227 2377 3288 ὅτι
2402 3238 2706 3308 propterea

280 3309 613 3385 negandum
656 3316 763 3385 est,
814 3310 913 3369 vel
956 3310 1017 3368 in
1062 3309 1301 3369 dubium
1354 3308 1765 3369 revocandum.
1869 3308 2064 3368 Satius
2111 3308 2208 3367 hic
2255 3318 2346 3368 est
2393 3328 2526 3367 cum
2574 3307 2700 3367 Au-

284 3389 519 3465 gustino
546 3392 773 3449 modum
820 3390 993 3465 hunc,
1044 3388 1461 3467 qualiscunque
1510 3388 1602 3463 sit,
1634 3390 1852 3463 jutum
1895 3406 2228 3464 agnoscere,
2267 3391 2537 3448 occultum
2564 3408 2705 3448 vero

283 3469 467 3530 fateri.

1175 3707 1563 3785 QUAESTIO
1604 3706 1798 3767 XIII.

750 3871 846 3929 De
872 3872 1113 3931 Peccato
1137 3871 1383 3947 Actuali,
1414 3879 1467 3929 et
1490 3869 1668 3929 variis
1694 3871 1814 3946 ejus
1840 3866 2235 3927 Divisiombus.

369 4095 381 4109 ,
455 4096 467 4109 .
890 4032 941 4091 Ι.
984 4033 1284 4091 Peccatum
1312 4033 1533 4091 actuale
1560 4038 1650 4090 est
1678 4028 1964 4089 aberratio
1993 4048 2028 4087 a
2056 4028 2218 4105 Lege
2248 4025 2362 4085 Dei
2387 4025 2452 4084 in
2477 4026 2704 4087 actibus

286 4096 767 4201 Qundzttgfizoatum
807 4112 1051 4171 internis
1095 4120 1154 4171 et
1196 4112 1469 4187 externis,
1515 4108 1837 4189 procedens
1885 4128 1921 4167 a
1962 4116 2201 4187 peccato
2246 4106 2532 4185 originali,
2574 4116 2702 4167 tan-

614 4188 627 4201 “
808 4212 981 4269 quam
1030 4190 1269 4253 effectus
1296 4212 1331 4250 a
1359 4210 1550 4267 cansa,
1600 4191 1766 4249 rivus
1792 4210 1827 4248 a
1869 4189 2046 4266 fonte,
2077 4184 2138 4248 et
2163 4194 2328 4247 actus
2356 4188 2644 4247 secundus
2671 4208 2708 4247 a

282 4274 485 4353 primo.
572 4274 686 4334 Vel
714 4280 781 4332 ιιι
807 4272 924 4343 alii,
955 4272 1341 4350 concupitum,
1373 4271 1611 4348 dictum,
1652 4270 1886 4347 factum,
1918 4278 2020 4330 aut
2052 4269 2330 4329 omissum
2363 4277 2564 4328 contra
2592 4268 2702 4328 Le-

284 4375 433 4433 gem,
464 4354 603 4433 quia
642 4364 763 4413 tam
811 4352 1121 4411 omissione
1168 4352 1577 4425 faciendorum,
1610 4371 1786 4428 quam
1833 4350 2236 4409 commissione
2283 4348 2704 4426 prohibitorum

282 4443 559 4513 patratur,
589 4434 685 4493 vel
713 4435 883 4491 corde
908 4452 1013 4510 per
1040 4432 1419 4509 cogitationes
1448 4439 1507 4489 et
1548 4430 1836 4490 desideria
1879 4431 2101 4505 illicita,
2132 4429 2230 4487 vel
2271 4448 2371 4487 ore
2395 4446 2502 4505 per
2525 4426 2706 4486 verba

284 4516 525 4593 impura,
555 4514 655 4574 vel
680 4532 850 4590 opere
876 4532 981 4591 per
1006 4512 1263 4572 actiones
1290 4530 1517 4589 pravas·
1577 4511 1816 4569 Actuale
1844 4509 2055 4570 dicitur
2079 4529 2198 4568 non
2224 4516 2345 4567 tam
2385 4506 2543 4583 quod
2569 4514 2706 4565 actu

284 4596 514 4669 existat,
546 4596 683 4673 quia
708 4594 821 4653 hoc
848 4613 965 4651 non
992 4592 1184 4652 minus
1210 4600 1447 4671 peccato
1498 4591 1768 4669 originali
1812 4590 2102 4669 competit,
2143 4606 2318 4667 quam
2344 4586 2504 4665 quod
2540 4586 2617 4646 sit
2643 4586 2706 4645 in

283 4676 623 4759 actionibus,
653 4695 771 4735 non
798 4675 859 4734 in
885 4672 1104 4755 habitu.
