3300 5225
381 369 600 418 Qums'r.
633 348 792 430 vnn]
1237 367 1315 406 nn
1345 365 1935 407 Pnssnssrmarloss.
2674 353 2790 411 303

381 510 728 586 demptionis,
759 507 864 568 sed
903 507 1380 584 Roeservatt‘onis,
1417 506 1885 588 Gonfimnatiomh,
1918 515 1976 568 et
2011 507 2489 576 ἆνωιιφαλσιιόαας
2524 508 2795 569 recollec-

379 591 574 665 tionis,
605 599 670 650 ut
697 590 798 667 qui
824 597 1030 648 natura
1057 596 1219 648 erant
1244 589 1466 665 labiles,
1511 589 1574 646 in
1616 588 1805 666 gratia
1832 588 2306 647 confirmarentur
2332 608 2405 647 ne
2446 588 2792 666 laberentur,

382 679 442 730 et
470 671 566 748 qui
607 691 644 728 a
678 670 848 746 lapsu
878 670 1168 746 praeterito
1197 689 1314 727 non
1347 676 1511 728 erant
1550 668 1888 743 redimendi,
1930 669 2133 727 saltem
2172 689 2207 726 a
2247 668 2439 728 futuro
2480 688 2795 746 proeserva-

381 760 600 810 rentur.
685 751 832 808 Haec
872 749 984 809 fuit
1018 769 1182 808 mens
1211 749 1512 824 Bernardi,
1549 749 1731 808 Serm.
1762 753 1837 807 22
1878 749 1939 806 in
1979 749 2183 824 Canti.,
2216 749 2317 826 qui
2344 749 2473 807 vult
2502 749 2796 809 Christum

383 830 750 909 Angelorum
791 829 972 888 fuisse
1017 829 1482 906 Redemptorem,
1531 831 1567 861 ‘⁴
1585 827 1714 902 Quo
1758 838 1929 906 pacto
1972 829 2127 886 enim
2168 839 2235 888 tu
2280 828 2437 888 dices
2482 829 2555 886 D.
2586 830 2629 888 J
2633 846 2795 888 esum

385 911 678 970 Christum
705 910 876 969 bonis
896 909 1146 987 Angelis
1172 909 1352 968 fuisse
1375 908 1823 985 Redemptorem
1838 913 1867 967 ⁸?
1900 909 1999 985 qui
2021 909 2209 967 erexit
2227 910 2519 967 hominem
2546 909 2792 986 lapsum,

385 991 547 1050 dedit
573 992 749 1050 stanti
778 990 1014 1067 Angelo
1043 1009 1115 1049 ne
1141 989 1449 1064 laberetur,
1481 988 1562 1046 sic
1591 987 1755 1046 illum
1784 1008 1819 1045 a
1840 989 2420 1065 captivitate-eruens,
2454 990 2603 1048 sicut
2630 990 2795 1048 illum

382 1091 419 1129 a
445 1071 780 1148 captivitate
809 1069 1142 1144 defendens,
1181 1078 1242 1128 et
1281 1069 1390 1127 hac
1429 1069 1649 1126 ratione
1690 1067 1803 1126 fuit
1835 1088 1997 1145 oeque
2024 1069 2255 1147 utrique
2285 1069 2648 1148 RedemptiO,
2680 1070 2795 1130 sol-

381 1170 528 1210 vens
556 1151 720 1209 illum
749 1150 1055 1224 hominem,
1087 1167 1328 1208 servans
1353 1149 1530 1206 istum
1559 1147 1916 1224 Angelum,”
1948 1145 2055 1206 &c.

464 1232 548 1290 X.
595 1230 874 1306 Quamvis
900 1249 1040 1288 vero
1089 1228 1378 1288 sententia
1421 1226 1534 1286 ista
1579 1228 1727 1285 nihil
1766 1228 1979 1287 habeat
2004 1227 2161 1305 quod
2186 1236 2471 1306 repugnet
2513 1229 2797 1308 analogias

380 1310 534 1385 fidei,
564 1319 834 1388 putamus
861 1317 1054 1368 tamen
1079 1309 1364 1368 veriorem
1393 1327 1536 1382 esse,
1568 1317 1628 1366 et
1658 1308 1969 1385 Scripturae
1997 1309 2191 1366 verbis
2218 1309 2405 1386 magis
2448 1309 2797 1366 conformem

381 1409 578 1449 eorum
609 1390 966 1463 sententiam,
989 1388 1088 1465 qui
1115 1396 1332 1464 negant
1350 1386 1710 1446 Electionem
1729 1388 2090 1464 Angelorum
2113 1387 2322 1447 factam
2340 1407 2468 1448 esse
2489 1388 2549 1445 in
2569 1388 2798 1447 Christo

381 1470 720 1530 Mediatore.
803 1470 1082 1527 Fatemur
1124 1466 1360 1545 quidem
1403 1467 1853 1526 confirmationis
1895 1469 2139 1545 gratiam
2188 1469 2305 1526 illis
2331 1488 2435 1544 per
2468 1469 2620 1539 Ao'qou
2648 1469 2794 1527 obti-

380 1549 552 1626 gisse,
583 1559 650 1610 ut
675 1568 712 1608 a
739 1569 854 1626 quo
883 1549 1182 1606 entitatem
1209 1556 1564 1624 acceperant,
1585 1546 1659 1605 ab
1676 1547 1879 1606 eodem
1896 1549 2025 1625 ejus
2052 1549 2546 1606 conservationem
2570 1556 2795 1608 mutua-

379 1638 615 1707 rentur3
659 1630 795 1708 quia
826 1629 1000 1687 Pater
1023 1627 1254 1687 nonnisi
1297 1647 1402 1704 per
1429 1627 1646 1685 Filium
1676 1635 1959 1704 operatur,
1992 1633 2109 1686 tarn
2151 1628 2211 1685 in
2246 1628 2515 1705 operibus
2556 1637 2794 1704 naturae,

379 1729 554 1786 quam
583 1710 642 1768 in
671 1709 941 1787 operibus
985 1709 1203 1784 gratiss,
1234 1707 1408 1767 Joan.
1438 1728 1496 1766 v,
1531 1711 1622 1780 17,
1656 1707 1755 1784 qui
1800 1707 1929 1765 fons
1973 1715 2061 1767 est
2090 1708 2277 1766 omnis
2304 1708 2443 1766 vitas
2484 1715 2543 1766 et
2576 1709 2797 1785 gratiss.

384 1789 501 1848 Sed
528 1791 640 1848 hoc
663 1809 834 1868 posse
861 1788 1078 1866 pariter
1101 1788 1174 1846 de
1205 1787 1432 1846 Christo
1459 1787 1757 1868 Surae-im,-
1786 1796 1844 1846 et
1870 1786 2194 1847 Mediatore
2222 1788 2337 1846 dici
2366 1807 2483 1846 non
2509 1797 2797 1866 putamus.

379 1902 460 1948 An
496 1904 560 1948 eli
605 1918 701 1948 non
753 1907 867 1950 sunt
989 1867 1110 1925 XI.
1155 1867 1435 1926 Rationes
1480 1878 1630 1942 sunt,
1667 1873 1719 1925 1.
1752 1867 1901 1940 Quia
1931 1867 2226 1944 Scriptura
2265 1887 2559 1946 nunquam
2588 1869 2673 1926 sic
2713 1869 2797 1927 lo-

439 1977 466 2006 e
488 1962 584 2006 euti
623 1962 676 2006 iu
705 1961 870 2007 chria-
909 1948 1121 2024 quitur,
1167 1967 1298 2024 quae
1344 1945 1727 2006 Mediatorem
1772 1947 2065 2006 Christum
2108 1957 2283 2007 vocat
2320 1949 2473 2007 inter
2508 1949 2695 2007 Deum
2740 1958 2799 2009 et

439 2024 507 2066 *0-
904 2027 1186 2101 homines,
1233 2026 1336 2085 sed
1373 2046 1669 2103 nunquam
1699 2026 2081 2104 Angelorum,
2119 2030 2147 2083 1
2182 2029 2329 2085 Tim.
2360 2029 2419 2085 ii.
2451 2030 2506 2104 5,
2538 2028 2655 2086 imo
2696 2049 2797 2086 ex-

378 2123 576 2182 presse
603 2113 781 2182 negat
809 2105 1098 2165 Christum
1139 2107 1518 2183 assumpsisse
1546 2105 1831 2182 Angelos,
1862 2105 1965 2164 sed
2008 2125 2203 2164 semen
2232 2106 2505 2181 Abrahae,
2540 2107 2692 2165 Heb.
2738 2109 2797 2166 ii.

386 2187 459 2244 16
483 2206 498 2259 ;
543 2189 600 2244 2.
623 2185 760 2261 qnia
788 2185 1080 2245 Mediator
1107 2186 1292 2244 omnis
1320 2187 1593 2263 supponit
1619 2193 1813 2262 partes
1840 2184 2205 2260 dissidentes,
2230 2194 2321 2244 est
2348 2187 2499 2244 enim
2526 2186 2793 2262 duorum,

383 2265 515 2322 Gal.
545 2264 626 2323 iii.
658 2268 753 2338 20,
783 2274 846 2326 at
869 2265 1094 2323 nullum
1121 2273 1244 2324 erat
1271 2264 1575 2324 dissidium
1601 2267 1755 2324 inter
1782 2265 1973 2324 Deum
2002 2273 2060 2322 et
2082 2265 2379 2342 Angelos3
2426 2268 2481 2324 3.
2513 2266 2649 2342 quia
2672 2267 2797 2325 Me-

380 2341 660 2402 diatorem
688 2346 916 2422 utrique
943 2346 1094 2422 parti
1137 2346 1506 2422 conjunctum
1549 2365 1677 2404 esse
1704 2353 1948 2421 oportet,
1978 2344 2135 2421 quod
2177 2345 2249 2403 de
2279 2346 2507 2404 Christo
2535 2355 2801 2424 respectu

379 2423 745 2501 Angelorum
773 2424 890 2483 dici
916 2424 1153 2501 nequit;
1199 2428 1258 2483 4.
1287 2425 1423 2501 quia
1449 2443 1695 2501 quorum
1724 2424 1988 2483 Christus
2016 2433 2105 2484 est
2134 2424 2439 2499 Mediator,
2470 2445 2668 2484 eorum
2709 2435 2799 2486 est

379 2504 612 2579 ἔλυμος,
645 2513 706 2563 et
731 2504 1091 2579 Advocatus,
1123 2504 1260 2581 quia
1285 2504 1384 2562 isti
1411 2516 1547 2564 sunt
1573 2513 1738 2563 actus
1778 2503 2051 2563 formales
2076 2505 2458 2580 mediationis,
2494 2509 2523 2563 1
2556 2506 2706 2564 Tim.
2737 2507 2795 2565 ii.

381 2587 436 2659 ὃ,
469 2589 523 2660 6,
555 2595 616 2645 et
646 2587 676 2643 1
708 2585 752 2646 J
755 2605 882 2645 oan.
915 2584 973 2643 ii.
1009 2586 1060 2659 1,
1092 2589 1148 2643 2.
1235 2583 1352 2645 Sed
1379 2605 1510 2644 cum
1539 2593 1705 2644 actus
1730 2584 1819 2643 illi
1847 2583 1999 2643 circa
2024 2594 2355 2663 peccatores
2376 2593 2600 2647 tantum
2630 2606 2797 2647 occu-

378 2674 602 2742 pentur,
632 2686 750 2725 non
776 2672 1018 2744 possunt
1043 2664 1236 2723 locum
1265 2665 1476 2724 habere
1501 2673 1769 2743 respectu
1796 2664 2178 2741 Angelorum.

766 2801 777 2812 ,
983 2744 1140 2803 XII.
1185 2746 1450 2805 Christus
1490 2754 1646 2804 recte
1689 2754 1881 2821 potest
1924 2744 2041 2803 dici
2086 2747 2277 2822 Caput
2298 2746 2661 2823 Angelorum,
2706 2766 2795 2805 ra-

421 2798 829 2903 Fontgzgolutno-
902 2825 1058 2884 tione
1107 2826 1341 2884 dominii
1364 2834 1422 2884 et
1447 2826 1749 2901 reyimimh,
1791 2825 1929 2902 quia
1976 2826 2087 2903 ipsi
2130 2827 2320 2899 etiam,
2352 2835 2417 2885 ut
2466 2827 2793 2904 Mediatori,

903 2905 1150 2965 subsunt
1179 2904 1415 2982 Angeli,
1445 2914 1720 2985 tanquam
1752 2905 2004 2964 Domino
2048 2914 2107 2965 et
2136 2906 2305 2984 Regi,
2338 2907 2433 2965 cui
2472 2906 2534 2964 in
2568 2926 2795 2965 conser-

379 2984 572 3043 vanda
600 2992 659 3043 et
701 2984 918 3044 tuenda
946 2986 1211 3044 Ecclesia
1253 2986 1598 3061 ministrant,
1632 2985 1786 3044 Heb.
1816 2986 1855 3044 i.
1891 2988 1982 3060 14,
2015 2996 2075 3045 et
2112 2987 2224 3045 hoc
2270 3006 2442 3045 sensu
2471 2986 2691 3063 Angeli
2738 2995 2797 3047 et

382 3066 708 3123 Potestates
735 3064 1006 3124 dicuntur
1047 3066 1134 3123 illi
1163 3066 1386 3143 subjici,
1423 3068 1452 3123 1
1487 3065 1613 3124 Pet.
1641 3065 1724 3124 iii.
1756 3070 1868 3141 223
1914 3065 2016 3124 sed
2042 3086 2161 3125 non
2186 3067 2334 3125 bene
2368 3066 2577 3125 dicitur
2608 3067 2801 3143 Caput

379 3145 625 3222 influxus
653 3154 708 3202 et
729 3146 1154 3219 sustentationis,
1185 3152 1250 3203 ut
1275 3154 1542 3222 respectu
1567 3144 1845 3220 fidelium,
1868 3164 2015 3222 quos
2042 3155 2108 3205 ut
2135 3148 2393 3211 membra
2414 3147 2682 3224 Corporis
2706 3147 2796 3205 sui

379 3223 614 3299 mystici
656 3222 768 3281 sibi
807 3223 936 3281 unit
976 3232 1034 3282 et
1061 3224 1352 3300 vivificat3
1395 3225 1550 3284 unde
1597 3225 1832 3300 PauluS,
1863 3226 1964 3301 qui
1995 3226 2143 3302 Eph.
2174 3226 2211 3284 i.
2242 3230 2337 3301 21,
2372 3227 2663 3285 Christum
2692 3248 2792 3285 ex·

377 3302 624 3361 altatum
652 3320 824 3378 super
850 3322 1077 3361 omnem
1102 3311 1447 3379 potestatem
1475 3305 1696 3380 asserit,
1724 3306 1834 3363 soli
1856 3306 2125 3363 Ecclesiae
2156 3309 2351 3365 datum
2378 3327 2491 3365 esse
2519 3308 2576 3365 in
2608 3308 2799 3383 Caput

380 3390 641 3456 testatur,
673 3400 733 3439 v.
763 3386 858 3457 22,
891 3384 986 3457 23,
1018 3402 1144 3458 quae
1184 3391 1267 3439 est
1305 3386 1423 3458 qius
1454 3383 1692 3458 Corpus,
1738 3394 1793 3442 et
1830 3388 2283 3460 complementum
2328 3389 2444 3459 ejus
2484 3388 2585 3462 qui
2606 3388 2801 3463 implet

382 3461 572 3519 omnia
597 3461 657 3519 in
685 3462 947 3537 omnibus,
978 3480 1094 3519 non
1124 3481 1262 3519 sane
1289 3462 1350 3519 in
1377 3463 1644 3521 omnibus
1674 3464 1981 3539 Creaturis,
2014 3464 2199 3523 sedin
2219 3464 2485 3523 omnibus
2504 3464 2793 3540 fidelibus,

379 3540 482 3617 qui
508 3540 798 3618 pertinent
824 3541 900 3599 ad
945 3540 1092 3599 illud
1121 3541 1342 3619 Corpus
1391 3560 1575 3616 suum,
1606 3542 1765 3618 quod
1804 3546 2258 3618 complementum
2300 3546 2425 3620 ejus
2452 3553 2639 3617 vocat,
2670 3553 2792 3602 tum

381 3622 574 3697 active,
605 3621 742 3698 quia
769 3621 916 3679 illud
942 3621 1144 3698 implet
1171 3621 1374 3698 gratiis
1401 3622 1538 3695 suis,
1567 3630 1695 3679 tum
1710 3623 1954 3697 passive,
1986 3623 2123 3698 quia
2151 3624 2372 3699 Corpus
2407 3622 2565 3681 istud
2591 3623 2793 3700 mysti-

381 3720 530 3774 cum,
562 3720 638 3759 ex
663 3702 936 3760 membris
965 3702 1092 3760 istis
1119 3710 1555 3778 coagmentatur
1581 3710 1640 3759 et
1666 3702 2003 3777 completur.

461 3780 653 3838 XIII.
697 3780 830 3839 Non
857 3782 1046 3859 magis
1085 3782 1396 3859 requiritur
1435 3780 1727 3840 Mediator
1764 3779 1841 3839 ad
1882 3780 2331 3839 confirmandam
2360 3782 2691 3841 Creaturam
2734 3782 2795 3840 in

381 3861 570 3939 gratia
597 3862 900 3937 Creatoris,
931 3882 1104 3939 quam
1134 3861 1530 3938 requirebatur
1557 3859 1632 3918 ad
1660 3880 1786 3919 eam
1828 3860 2131 3919 creandam
2162 3869 2220 3920 et
2258 3861 2525 3939 primitus
2552 3879 2683 3921 cum
2724 3882 2797 3921 eo

380 3940 692 4000 uniendam
717 3963 732 4001 ε
774 3942 910 4017 quia
937 3942 1138 4001 eadem
1167 3950 1257 4000 est
1299 3940 1604 4018 utrobique
1631 3941 1818 4017 ratio;
1863 3941 1913 3999 si
1953 3960 2093 4017 ergo
2122 3941 2413 4000 Mediator
2450 3962 2566 4000 non
2604 3952 2797 4019 potest

379 4020 494 4079 dici
525 4021 700 4081 fuisse
727 4021 804 4080 ad
829 4040 1028 4081 eorum
1058 4021 1434 4097 Creationem,
1467 4040 1606 4098 ergo
1633 4040 1821 4097 neque
1850 4020 1924 4078 ad
1952 4040 2148 4079 eorum
2178 4022 2683 4081 confirmationem.

461 4102 642 4160 XIV.
685 4103 892 4177 Anqeli
915 4102 1184 4161 dicuntur
1209 4102 1496 4176 immundi,
1528 4110 1586 4160 et
1610 4102 1801 4159 stolidi
1824 4120 2014 4159 coram
2045 4100 2188 4177 Dee,
2214 4102 2257 4161 J
2260 4102 2358 4160 obi
2385 4101 2463 4161 iv.
2498 4105 2588 4179 18,
2610 4112 2668 4161 et
2690 4123 2793 4163 xv.

385 4184 476 4257 15,
507 4201 624 4239 non
652 4183 912 4255 absolute,
944 4181 1110 4259 quasi
1137 4180 1396 4241 defectus
1423 4182 1631 4259 aliquis
1674 4181 1977 4258 culpabilis
2016 4182 2077 4239 in
2119 4182 2261 4260 ipsis
2306 4182 2470 4257 foret,
2516 4183 2598 4241 sie
2640 4184 2793 4241 enim

313 4270 320 4277 ’
378 4262 562 4320 sancti
583 4280 700 4320 non
725 4271 965 4339 possent
991 4262 1204 4335 vocari,
1235 4260 1338 4319 sed
1367 4270 1693 4338 comparate
1719 4261 1910 4338 quoad
1953 4260 2158 4338 Deum,
2189 4264 2367 4322 relate
2395 4262 2471 4321 ad
2510 4262 2793 4322 infinitam

381 4342 510 4419 ejus
552 4342 978 4419 perfectionem,
1017 4342 1156 4418 quia
1202 4342 1599 4415 essentialiter,
1629 4340 2080 4419 immutabiliter,
2112 4352 2171 4401 et
2213 4342 2666 4420 independenter
2705 4353 2796 4404 est

386 4422 651 4481 Sanctus.
736 4422 859 4481 Nec
887 4422 935 4481 si
981 4440 1126 4499 opus
1153 4421 1478 4481 habuerunt
1520 4422 1675 4479 Filio
1705 4421 1817 4479 Dei
1844 4431 2245 4481 conservatore
2272 4431 2333 4481 et
2374 4423 2793 4499 confirmatore,

379 4510 446 4560 ut
472 4501 534 4560 in
562 4502 688 4579 ipso
717 4510 774 4560 et
801 4522 905 4579 per
929 4502 1119 4579 ipsum
1149 4502 1543 4574 subsisterent,
1574 4522 1678 4579 per
1704 4520 1876 4578 quem
1898 4502 2073 4560 creati
2100 4502 2342 4578 fuerant,
2369 4502 2491 4561 col.
2516 4503 2553 4560 i.
2582 4504 2672 4577 16,
2699 4507 2793 4577 17,

386 4584 477 4657 18,
510 4581 702 4641 statim
733 4602 878 4660 opus
904 4582 1232 4641 habuerunt
1259 4580 1488 4641 Christo
1519 4582 1938 4659 Redemptor-03
1984 4582 2127 4642 alias
2154 4584 2325 4643 etiam
2355 4583 2527 4642 homo
2555 4602 2624 4641 eo
2652 4601 2794 4659 egu-

379 4660 522 4722 isset
547 4662 608 4720 in
637 4670 793 4723 statu
819 4662 1188 4741 integritatis,
1219 4662 1376 4740 quod
1403 4682 1572 4721 nemo
1601 4671 1796 4721 tamen
1824 4662 2055 4722 dixerit.
