3300 5225
363 365 589 415 QuAEs’r.
622 345 712 428 v.]
1339 366 1419 408 ns
1447 360 1819 409 cnmrrozms
2665 352 2779 411 397

358 507 501 567 timo
529 507 839 585 quievisse,
870 514 936 566 ut
963 527 1032 566 eo
1075 508 1342 588 exemplo
1383 510 1632 587 populus
1677 508 1753 568 ad
1779 510 2032 587 quietem
2074 508 2319 587 septimo
2361 508 2455 568 die
2497 509 2782 587 agendam

358 596 705 663 moveretur,
725 608 856 664 quae
885 587 1030 645 ratio
1057 588 1272 648 nullius
1302 598 1455 648 esset
1481 590 1775 666 momenti,
1809 590 1859 647 si
1882 590 2045 648 Deus
2072 590 2266 648 omnia
2292 590 2464 648 unico
2492 599 2784 649 momento

361 677 631 727 creasset.
713 671 771 725 4.
795 666 950 744 quod
979 668 1139 727 nulla
1165 670 1310 729 ratio
1339 677 1535 747 posset
1561 668 1727 728 reddi
1757 669 1975 728 ordinis
2003 689 2176 746 quem
2204 678 2437 729 secutus
2466 677 2556 729 est
2585 670 2784 729 Moses

360 748 423 806 in
449 748 778 806 narratione
807 766 928 823 sua,
961 748 1008 805 si
1039 751 1364 808 successive
1393 769 1510 807 non
1537 750 1691 808 facta
1721 758 1855 809 sunt
1884 749 2092 807 omnia.

443 827 566 886 III.
612 828 804 902 Quum
831 827 1172 906 'Syracides‚
1219 851 1269 888 e.
1299 829 1462 888 xviii.
1499 832 1550 904 1,
1584 830 1777 888 Deum
1818 830 2011 888 omnia
2052 848 2275 888 creasse
2316 833 2452 911 κοιυῇ·
2477 829 2636 904 dicit,
2666 848 2785 887 non

362 906 436 965 de
465 907 756 967 simultate
785 909 1060 986 temporis
1085 910 1358 987 loquitur,
1391 910 1558 986 quasi
1601 910 1796 967 omnia
1836 911 2005 967 simul
2042 910 2265 986 crearit,
2298 910 2457 988 quod
2480 929 2783 987 perperam

363 986 660 1065 Vulgatus
689 988 770 1046 ita
797 989 1082 1065 exposuit,
1104 989 1206 1047 sed
1234 989 1306 1047 de
1329 988 1668 1047 collectione
1687 989 1942 1048 omnium
1963 998 2351 1048 creaturarum
2365 989 2784 1067 intelligendus

363 1075 470 1143 est,
501 1087 632 1145 quae·
661 1068 874 1145 pariter
901 1076 960 1127 et
1001 1068 1380 1128 communiter
1423 1089 1458 1127 a
1488 1069 1614 1127 Deo
1658 1069 1906 1128 conditae
1948 1077 2120 1146 sunt;
2164 1078 2230 1129 ut
2270 1070 2419 1128 nihil
2460 1071 2537 1129 sit
2563 1070 2722 1148 quod
2750 1090 2785 1128 a

368 1148 495 1206 Deo
524 1156 782 1207 creatum
808 1168 925 1206 non
955 1149 1048 1209 sit.

448 1228 556 1288 IV.
604 1228 882 1303 Quamvis
909 1237 1103 1287 autem
1125 1228 1286 1288 Deus
1313 1228 1598 1306 potuisset
1625 1228 1819 1287 omnia
1838 1236 2129 1287 momento
2151 1248 2361 1304 creare,
2375 1228 2563 1289 voluit
2591 1237 2783 1288 tamen

364 1307 602 1385 aliquod
629 1308 690 1365 in
719 1308 989 1386 operibus
1017 1309 1137 1367 suis
1164 1308 1530 1385 perficiendis
1573 1309 1825 1386 spatium
1864 1309 2245 1386 interponere,
2282 1312 2334 1368 1.
2364 1317 2429 1369 ut
2455 1309 2783 1367 libertatem

363 1407 527 1445 suam
555 1395 880 1446 testaretur.
963 1393 1020 1447 2.
1050 1396 1114 1447 ut
1142 1389 1499 1466 sapientiam,
1530 1389 1865 1465 potentiam,
1897 1396 1955 1447 et
1994 1388 2313 1448 bonitatem
2340 1408 2506 1448 suam
2533 1388 2594 1445 in
2621 1407 2784 1466 mag-

363 1466 536 1526 nifico
563 1467 674 1525 hoc
705 1486 876 1544 opere
904 1487 1006 1545 per
1033 1477 1225 1545 partes
1270 1467 1600 1527 distinctius
1645 1468 1979 1546 explicaret,
2010 1477 2070 1528 et
2110 1488 2303 1528 rerum
2347 1469 2783 1543 connexionem,
2856 1512 2863 1517 .

366 1546 824 1624 dependentiam,
858 1556 916 1606 et
944 1548 1203 1607 ordinem
1233 1548 1384 1607 inter
1412 1568 1474 1608 se
1504 1549 1717 1607 clarius
1744 1548 2043 1608 indicaret.
2129 1552 2183 1607 3.
2214 1557 2280 1608 ut
2306 1568 2413 1607 nos
2442 1548 2513 1606 ad
2546 1548 2785 1607 distinc-

365 1635 484 1685 tam
513 1627 1056 1705 contemplationem
1083 1648 1320 1706 operum
1350 1627 1679 1687 divinorum
1709 1628 2006 1687 excitaret.
2090 1632 2149 1687 4.
2176 1637 2243 1688 ut
2270 1629 2561 1688 hominem
2591 1648 2785 1687 exem·

365 1707 463 1784 plo
493 1726 597 1765 suo
627 1706 877 1783 doceret,
910 1728 1015 1767 sex
1043 1708 1248 1767 diebus
1277 1708 1364 1765 illi
1403 1708 1786 1767 laborandum
1814 1727 1959 1785 esse,
1992 1716 2051 1766 et
2079 1709 2323 1788 septimo
2353 1707 2785 1786 quiescendum,
2836 1726 2844 1733 ·

368 1795 426 1845 et
456 1787 639 1845 cultui
667 1785 868 1845 divino
895 1788 1220 1847 vacandum
1248 1788 1309 1847 in
1339 1788 1663 1847 Creationis
1690 1789 2045 1847 memoriam.

971 1869 1048 1927 V.
1093 1868 1260 1927 Licet
1291 1888 1431 1927 vero
1476 1865 1673 1946 plures
1721 1868 1847 1927 dies
1890 1869 2179 1927 insumere
2222 1867 2473 1928 voluerit
2513 1868 2576 1927 in
2618 1887 2791 1945 opere

369 1943 502 2003 09³⁵
515 1945 744 2048 cujusquo
755 1945 858 2046 {liei
901 1948 1237 2024 Creationis,
1282 1948 1415 2006 Non
1457 1948 1592 2008 inde
1633 1957 1827 2007 tamen
1868 1956 2062 2025 potest
2098 1948 2314 2023 inferri,
2356 1948 2514 2027 quod
2554 1947 2792 2026 quidam

454 2016 643 2106 affin
777 2018 850 2047 ’ω’
890 2028 1126 2103 vellent,
1156 2028 1218 2085 in
1261 2028 1531 2105 operibus
1579 2028 1941 2105 singulorum
1988 2028 2228 2105 dierum,
2262 2029 2452 2087 Deum
2500 2029 2791 2105 integrum

895 2106 1049 2165 diem
1092 2107 1460 2185 impendisse,
1511 2116 1685 2184 atque
1734 2107 1880 2166 adeo
1928 2126 1998 2165 ea
2045 2108 2371 2166 successive
2426 2107 2789 2185 produxisse.

373 2186 522 2261 Quia
553 2186 851 2264 Scriptura
875 2195 1121 2246 testatur
1161 2188 1236 2245 ad
1266 2187 1378 2246 Dei
1405 2195 1606 2246 nutum
1639 2196 1699 2247 et
1724 2186 2029 2265 imperium
2055 2206 2149 2246 res
2176 2187 2333 2245 illico
2362 2187 2641 2264 extitisse,
2683 2207 2791 2245 nec

370 2266 551 2326 ullam
579 2286 798 2325 moram
827 2267 1101 2345 temporis
1145 2267 1538 2325 intercessisse
1565 2266 1717 2326 inter
1742 2265 2079 2325 mandatum
2107 2273 2165 2326 et
2193 2267 2610 2341 executionem,
2656 2266 2793 2343 quia

371 2346 518 2404 nihil
543 2346 633 2404 illi
661 2346 926 2405 resistere
953 2348 1158 2425 potuit,
1193 2348 1468 2425 Deusque
1496 2367 1612 2405 non
1641 2347 1829 2425 magis
1858 2345 2109 2423 indiguit
2150 2354 2407 2423 tempore
2434 2345 2510 2405 ad
2538 2366 2631 2405 res
2658 2366 2787 2423 pro·
2811 2342 2817 2347 ’

373 2425 684 2501 ducendas,
717 2447 891 2504 quam
919 2427 994 2485 ad
1041 2426 1490 2505 praecipiendum
1518 2426 1636 2485 illis
1664 2422 1730 2485 ut
1757 2426 2072 2485 existerent
2095 2448 2109 2502 ;
2151 2427 2325 2485 Dixit
2352 2435 2405 2485 et
2434 2430 2603 2501 sacta
2644 2436 2788 2501 sunt,

373 2506 589 2564 Psalm.
619 2507 830 2580 xxxiii.
861 2509 918 2567 9.
1004 2508 1177 2567 Unde
1224 2508 1503 2565 Ambrosi.
1551 2506 1900 2581 hexaemeri,
1929 2505 2031 2565 lib.
2062 2506 2101 2565 i.
2147 2527 2197 2565 c.
2231 2509 2323 2582 12,
2365 2506 2442 2564 ad
2484 2506 2585 2564 illa
2613 2506 2793 2564 verba

373 2586 510 2645 Fiat
537 2585 688 2662 Lux,
714 2587 894 2647 “Non
923 2587 1053 2648 ideo
1083 2587 1234 2647 dixit
1259 2596 1326 2648 ut
1355 2596 1694 2664 sequeretur
1720 2586 1995 2665 operati0,
2028 2586 2131 2646 sed
2160 2585 2315 2646 dicto
2344 2586 2596 2646 absolvit
2612 2605 2789 2663 nego·

373 2666 536 2804 tilum,
569 2666 724 2804 miii-de
751 2669 992 2746 pulchre
1021 2669 1372 2728 Davidicum
1399 2668 1563 2744 illud,
1611 2668 1781 2727 Dixit
1822 2677 1881 2727 et
1908 2667 2060 2727 facta
2088 2675 2240 2744 sunt,
2271 2667 2409 2745 quia
2435 2666 2655 2726 dictum
2682 2667 2789 2726 im-

439 2748 558 2806 evit
586 2767 618 2805 e
663 2749 884 2807 ectu3.''

373 2767 414 2825 P
455 2826 567 2888 VI.
611 2831 668 2886 2:
723 2828 786 2887 Si
836 2829 1203 2890 Resurrectio
1245 2828 1310 2888 fit
1354 2837 1663 2905 moment0,
1715 2829 1756 2888 ἔν
1799 2833 1981 2904 ἀτόμῳ,
2034 2829 2073 2886 ἔν
2122 2831 2241 2908 ῥιπῇ
2282 2832 2560 2904 ὄφθωλμοῧ,
2595 2830 2626 2885 1
2660 2826 2790 2887 Cor.

373 2927 474 2965 xv.
507 2911 602 2985 52,
634 2907 838 2986 quidni
865 2918 924 2969 et
952 2911 1180 2970 Creatio
1199 2912 1230 2969 Ρ
1314 2910 1378 2970 Si
1410 2909 1588 2969 Satan
1614 2909 1804 2987 potuit
1841 2909 2034 2967 omnia
2060 2909 2263 2967 mundi
2306 2928 2486 2986 regna
2527 2909 2567 2967 ἐν
2595 2913 2799 2989 στιγμῇ*

375 2989 566 3068 nebron,
598 2988 742 3048 Luc.
771 2990 850 3048 iv.
882 2992 937 3066 5,
964 2991 1193 3050 Christo
1221 2989 1542 3066 ostendere,
1567 2989 1771 3068 quidni
1799 2998 1857 3048 et
1884 2989 1985 3047 illa
2015 2989 2177 3048 Deus
2205 3007 2396 3047 creare
2416 2991 2445 3047 P
2530 2989 2594 3048 Si
2620 2988 2791 3046 mira-

375 3069 506 3127 cula
531 3069 694 3127 varia
721 3080 1013 3129 momento
1042 3069 1193 3129 facta
1235 3079 1386 3146 sunt,
1431 3089 1534 3128 cur
1573 3089 1690 3129 non
1732 3077 1791 3128 et
1819 3069 2047 3128 Creatio
2067 3072 2096 3128 P
2180 3068 2260 3127 Et
2284 3078 2402 3128 tam
2432 3067 2600 3127 facile
2631 3069 2793 3128 Deus

375 3148 564 3225 potuit
590 3157 882 3207 momento
911 3169 1105 3209 creare
1134 3150 1368 3225 Lucem,
1418 3150 1629 3226 Solem,
1681 3149 1899 3224 Sidera,
1950 3158 2009 3209 et
2035 3149 2279 3227 plantas,
2328 3169 2395 3208 ac
2441 3147 2706 3226 Angelos
2735 3157 2795 3208 et

285 3283 294 3292 ,
374 3227 625 3285 animam
655 3227 888 3302 Adami,
937 3230 1060 3288 solo
1089 3249 1292 3306 nempe
1323 3249 1428 3288 suo
1465 3230 1636 3306 jussu
1664 3237 1725 3288 et
1764 3229 2003 3306 imperio
2026 3252 2041 3305 ;
2088 3229 2211 3288 Nec
2240 3229 2407 3289 aliter
2432 3229 2557 3288 fieri
2584 3229 2790 3306 potuit,

375 3306 514 3383 quia
541 3326 609 3365 eo
637 3314 928 3365 momento
958 3328 1073 3385 quo
1100 3309 1248 3366 nihil
1275 3307 1464 3382 desiit,
1495 3308 1718 3385 aliquid
1742 3309 1945 3388 incipit
1972 3329 2117 3385 esse,
2162 3317 2222 3368 et
2249 3328 2365 3386 quo
2394 3309 2531 3368 Lux
2578 3309 2789 3385 extitit,

383 3386 636 3444 tenebrae
665 3398 1041 3447 evanuerunt.

983 3467 1129 3527 VII.
1174 3466 1360 3525 Aliud
1407 3473 1498 3526 est
1541 3467 1732 3525 dicere
1776 3473 2004 3544 tempus
2048 3467 2109 3525 in
2138 3487 2253 3544 quo
2279 3486 2373 3526 res
2398 3467 2795 3545 producuntur

903 3567 1030 3607 esse
1060 3547 1468 3623 successivum,
1521 3545 1706 3604 Aliud
1735 3546 1919 3623 ipsam
1945 3545 2381 3624 productionem
2409 3566 2535 3604 esse
2565 3566 2789 3605 succes-

904 3629 1088 3700 sivam
1110 3650 1126 3705 ;
1169 3625 1565 3705 productionis
1591 3625 1799 3684 modus
1836 3626 2026 3704 potuit
2052 3645 2180 3683 esse
2206 3633 2657 3701 momentaneus,
2689 3625 2792 3684 sed

375 3730 495 3768 non
521 3709 729 3769 modus
756 3707 1080 3768 existentiae
1109 3708 1170 3765 in
1199 3714 1474 3784 tempore.

457 3791 641 3849 VIII.
687 3789 852 3848 Licet
899 3788 1146 3866 singulis
1193 3786 1398 3846 diebus
1442 3805 1608 3846 suum
1637 3801 1783 3862 opus
1812 3783 2147 3843 distinctum
2175 3783 2518 3860 assignetur,
2557 3802 2675 3841 non
2704 3803 2789 3843 se-

375 3871 572 3948 quitur
599 3878 781 3930 totam
809 3869 963 3928 diem
980 3869 1187 3946 cuique
1210 3867 1367 3945 operi
1389 3864 1735 3944 expoliendo
1763 3865 1941 3924 fuisse
1961 3863 2404 3942 impendendam
2426 3886 2441 3940 ;
2474 3872 2573 3923 aut
2602 3863 2793 3922 Deum

377 3971 446 4009 eo
474 3950 749 4028 temporis
777 3949 1084 4008 intervallo
1130 3946 1449 4024 indiguisse
1493 3945 1568 4004 ad
1606 3946 1719 4004 hoc
1757 3943 2188 4023 peragendum3
2233 3943 2336 4002 sed
2363 3943 2520 4022 quod
2548 3943 2794 4022 singulis

377 4030 495 4088 illis
539 4029 745 4089 diebus
789 4028 1076 4088 distinctis
1105 4027 1252 4085 nihil
1279 4035 1556 4104 praeterea
1585 4025 1748 4084 Deus
1776 4023 2147 4102 produxerit3
2192 4024 2353 4098 alias,
2386 4024 2436 4082 si
2464 4031 2649 4082 totum
2676 4025 2792 4102 pri-

375 4130 534 4168 mum
555 4109 710 4169 diem
730 4109 1108 4187 impendisset
1129 4106 1402 4167 creationi
1428 4106 1593 4182 lucis,
1619 4105 1967 4164 absolvisset
1988 4105 2220 4164 demum
2240 4104 2400 4162 illam
2430 4104 2537 4164 sub
2564 4104 2795 4164 initium

378 4190 566 4249 noctis
595 4191 905 4268 sequentis,
937 4188 1094 4267 quod
1123 4197 1212 4247 est
1237 4186 1569 4246 absurdum.
2124 4184 2131 4190 ’

459 4269 580 4329 ΙΧ.
625 4270 816 4345 Quum
846 4270 1007 4329 Deus
1049 4267 1274 4326 dicatur
1311 4267 1555 4347 septimo
1584 4265 1680 4324 die
1708 4264 1973 4325 absoluta
2011 4264 2297 4325 creatione
2326 4264 2634 4343 quievisse,
2659 4264 2797 4343 quia

377 4351 629 4426 cessavit
656 4370 692 4409 a
719 4349 966 4409 creanda
993 4347 1151 4408 omni
1189 4367 1344 4407 nova
1385 4347 1592 4426 specie,
1636 4366 1756 4405 non
1782 4345 1973 4423 potuit
2019 4344 2135 4404 dici
2161 4347 2273 4405 hoc
2302 4365 2477 4405 sensu
2504 4345 2796 4424 quievisse

377 4430 501 4490 ulla
529 4430 622 4489 die
649 4429 998 4504 hexaemeri,
1046 4448 1176 4487 cum
1222 4447 1418 4487 earum
1466 4426 1727 4505 qualibet
1775 4426 1996 4505 aliquid
2024 4435 2295 4504 operatus
2340 4426 2415 4485 sit
2465 4434 2523 4486 et
2570 4426 2795 4501 crearit,

377 4509 534 4589 quod
559 4509 886 4588 pertinebat
913 4509 989 4568 ad
1016 4508 1496 4586 complementum
1526 4506 1823 4567 Universi.

462 4591 548 4650 X.
594 4591 760 4651 Licet
803 4591 966 4649 varia
1009 4608 1182 4667 opera
1229 4596 1410 4648 sextae
1460 4586 1578 4646 diei
1625 4595 2158 4664 commemorentur,
2190 4606 2319 4665 quse
2346 4605 2463 4644 non
2490 4592 2801 4663 potuerunt

380 4671 554 4732 simul
597 4671 755 4750 fieri3
798 4691 917 4731 non
965 4669 1158 4730 obstat
1200 4668 1509 4748 quominus
1551 4667 2005 4748 unumquodque
2052 4676 2344 4728 momento
2372 4665 2545 4726 fuerit
2570 4664 2798 4726 absolu-

414 3524 416 3526 ’
449 3531 631 3578 Fontes
653 3531 789 3578 Solu·

511 3590 718 3635 tionum.
