3300 5225
371 376 834 460 quassu-xxm]
1290 399 1369 439 nn
1397 397 1516 439 nno
1545 397 1682 457 mm,
1714 397 1791 438 nr
1817 396 2015 438 raum.
2662 375 2779 434 261

367 539 602 618 ponitur
641 547 814 598 natus
853 557 930 598 ex
971 537 1218 616 VIrgine
1257 539 1320 598 in
1365 547 1641 617 tempore,
1685 547 1754 599 ut
1794 539 1871 600 sit
1911 537 2143 616 genitus
2183 535 2258 595 ab
2300 543 2514 594 aeterno
2554 553 2591 592 a
2631 533 2779 610 Deo,

371 619 546 695 Prov.
574 617 698 678 viii.
738 623 834 678 22.
919 619 1015 678 Ita
1053 629 1144 678 est
1185 619 1356 679 Patre
1398 620 1586 681 minor
1625 620 1848 679 ratione
1887 617 2231 678 voluntariae
2271 614 2683 675 exinanitionis
2722 621 2783 672 et

367 706 679 776 assumptae
728 697 932 774 carnis,
976 707 1044 758 ut
1086 700 1163 758 sit
1201 707 1397 760 tamen
1437 699 1492 759 ei
1531 720 1637 778 par
1676 707 1943 777 respectu
1982 705 2211 757 aeternae
2254 695 2505 755 Deitatis
2543 694 2658 772 ipsi
2706 692 2780 751 ab

368 787 583 838 aeterno
611 779 1064 854 communicatae,
1109 779 1153 839 J
1155 799 1210 839 o.
1237 799 1296 840 v.
1330 781 1403 839 18
1427 801 1444 857 ;
1487 778 1570 839 ita
1606 779 1984 840 mortificatus
2012 797 2209 855 carne;
2254 783 2320 836 ut
2346 775 2425 836 sit
2451 774 2781 834 vivificatus

371 855 609 934 Spiritu,
644 861 674 916 l
711 858 838 918 Pet.
867 857 948 918 iii.
983 860 1076 918 18.

1231 1095 1618 1174 QUAESTIO
1662 1096 1921 1156 XXIX.

1069 1274 1150 1315 nn
1175 1274 1436 1315 munna
1463 1275 1608 1316 mu
1635 1273 2077 1316 osunnnnoxn.

746 1414 842 1475 An
867 1416 1054 1474 Fiam
1078 1415 1199 1475 Dei
1219 1416 1292 1475 ab
1319 1425 1528 1476 caterno
1553 1415 1628 1475 sit
1646 1416 1867 1494 genitus
1892 1435 1933 1474 a
1959 1415 2139 1474 Patre
2157 1415 2187 1474 ,²
2268 1411 2388 1472 Aff.

448 1572 500 1632 Ι.
544 1573 800 1649 Quaestio
840 1573 1172 1652 praecedens
1213 1576 1486 1651 o‘poovo-s'oev,
1539 1581 1599 1634 et
1639 1574 2001 1633 identitatem
2044 1571 2413 1632 essentialem
2459 1570 2597 1629 Filii
2646 1589 2779 1630 cum

367 1651 540 1712 Patre
581 1653 864 1730 asseruit;
916 1654 1042 1713 Ista
1082 1655 1212 1733 ejus
1253 1655 1655 1714 distinctionem
1682 1655 2049 1713 Personalem
2086 1652 2161 1712 ab
2202 1671 2290 1725 eo,
2329 1650 2681 1710 ineffabilem
2722 1657 2781 1710 et

365 1734 794 1871 aeternambejus
818 1733 1281 1811 Generationem,
1301 1735 1581 1794 adversus
1607 1733 2223 1793 Anti-Trinitariorum
2247 1730 2653 1809 blasphemiae,
2680 1729 2779 1788 de-

367 1821 626 1872 monstra
667 1813 730 1872 it.
2550 1863 2558 1870 .

1017 1892 1102 1952 II.
1146 1893 1280 1952 Non
1319 1892 1610 1970 quaeritur,
1656 1892 1758 1951 An
1800 1892 2065 1952 Christus
2104 1890 2289 1970 possit
2328 1889 2445 1949 dici
2486 1888 2717 1966 genitus
2744 1907 2782 1948 a

896 1973 1024 2030 Deo
1063 1991 1168 2049 per
1192 1973 1594 2031 miraculosam
1627 1972 1877 2048 Spiritus
1922 1973 1981 2031 S.
2022 1971 2491 2048 conceptionem;
2538 1969 2633 2044 Et,
2678 1967 2779 2025 An

893 2051 1080 2110 Filius
1126 2052 1238 2109 Dei
1265 2051 1460 2109 vocari
1495 2051 1681 2128 possit
1706 2070 1809 2127 per
1850 2051 2161 2128 gratiosam
2204 2049 2779 2108 communicationem

367 2131 710 2208 existentiae,
741 2131 1060 2209 potestatis,
1093 2139 1152 2190 et
1179 2130 1377 2208 gloriae
1406 2130 1658 2189 divinaez
1697 2131 1809 2188 hoc
1836 2130 1990 2188 enim
2018 2130 2184 2188 facile
2205 2129 2531 2206 largiuntur
2548 2127 2777 2186 Adver-

368 2212 536 2288 sarii3
581 2219 640 2270 et
679 2212 900 2269 nullam
941 2209 1113 2268 aliam
1158 2209 1484 2268 Filiationis
1525 2210 1653 2286 ejus
1696 2228 1927 2267 causam
1968 2217 2309 2285 agnoscunt.
2397 2208 2529 2283 Sed,
2575 2207 2676 2265 An
2704 2207 2780 2265 sit

366 2290 600 2368 genitus
627 2291 702 2348 ab
729 2299 944 2349 aeterno
973 2309 1008 2347 a
1036 2287 1225 2364 Patre,
1256 2296 1330 2364 et,
1357 2289 1456 2346 An
1483 2297 1727 2348 vocetur
1754 2288 1942 2347 Filius
1968 2296 2202 2365 propter
2222 2307 2487 2346 arcanam
2504 2294 2563 2346 et
2578 2284 2777 2344 ineffa-

364 2370 543 2430 bilem
591 2390 668 2429 ex
710 2370 881 2428 Patre
920 2369 1348 2446 generationem
1363 2371 1394 2428 Ρ
1433 2367 1593 2446 quod
1638 2368 1975 2446 blaspheme
2018 2376 2237 2445 negant
2283 2365 2609 2444 Sociniani3
2655 2367 2779 2426 Nos

370 2448 737 2508 affirmamus.

447 2527 567 2586 111.
615 2529 699 2588 Ut
725 2547 866 2586 vero
893 2526 1108 2586 veritas
1151 2533 1378 2586 aeternae
1418 2526 1590 2588 istius
1630 2527 2023 2604 generationis
2064 2525 2271 2585 melius
2310 2524 2496 2604 possit
2536 2525 2773 2600 adstrui,

367 2607 587 2686 aliquid
613 2607 674 2666 in
701 2616 1062 2667 antecessum
1091 2606 1163 2665 de
1192 2607 1320 2685 ejus
1348 2616 1552 2667 natura
1579 2607 2026 2667 observandum.
2083 2605 2139 2665 N
2140 2627 2217 2665 on
2243 2605 2401 2683 quod
2442 2625 2511 2664 ea
2537 2627 2573 2664 a
2608 2605 2778 2665 nobis

367 2688 592 2765 concipi
638 2687 837 2765 possit,
887 2687 987 2745 vel
1027 2686 1290 2764 exprimi.
1373 2687 1492 2747 Hic
1511 2687 1657 2745 enim
1707 2708 1823 2745 vox
1870 2688 2008 2761 silet,
2062 2704 2213 2745 mens
2264 2686 2459 2765 deficit,
2498 2706 2611 2745 non
2653 2696 2775 2743 tan-

367 2777 484 2827 tum
511 2788 652 2843 mea,
681 2770 786 2825 scd
808 2768 976 2825 ettam
1015 2768 1378 2843 Anqelorum,
1419 2775 1483 2825 ut
1529 2766 1823 2825 Ambrosi.
1856 2767 1919 2825 li.
1964 2766 2037 2824 de
2076 2765 2192 2823 fide
2233 2786 2358 2843 cap.
2403 2768 2459 2823 5.
2502 2765 2775 2843 loquitur,

367 2855 427 2905 et
455 2846 668 2918 Grego.
701 2846 864 2905 Nazi.
893 2846 1132 2905 fibulam
1174 2846 1360 2921 injicit
1389 2846 1708 2904 curiositati
1736 2855 1964 2919 nostrae,
2010 2865 2189 2921 quum
2216 2846 2346 2903 vult
2378 2864 2505 2903 eam
2548 2844 2777 2904 silentio

367 2926 496 3001 coli,
513 2934 641 2985 Θεοῦ
661 2929 864 2997 &inno-u,-
893 2930 1057 3006 σ-ιυπξῖ
1077 2928 1315 3001 rapida,
1335 2924 1474 3002 μέγα
1495 2931 1570 2985 σοὶ
1597 2931 1650 2983 τὶ
1680 2932 1846 2984 ααδςῖι
1866 2926 1939 2984 ’ἔτι
1966 2924 2255 2999 γηένηιτιι,
2282 2935 2347 2983 ut
2374 2923 2467 2982 hic
2484 2924 2591 2983 rite
2613 2944 2777 2983 usur-

365 3006 492 3083 pari
517 3008 701 3084 possit
728 3006 890 3081 illud,
924 3008 1039 3065 Isa.
1067 3006 1172 3063 liii.
1212 3008 1267 3081 8,
1311 3006 1449 3064 licet
1488 3006 1602 3064 alio
1644 3006 1819 3065 etiam
1860 3006 2145 3082 respiciat,
2194 3004 2622 3065 Gener-ationem
2662 3008 2779 3079 ejus

367 3086 490 3162 quis
518 3086 809 3144 enarrabit
825 3088 854 3143 3
939 3084 1058 3144 Sed
1083 3092 1309 3143 tantum
1334 3094 1402 3144 ut
1428 3084 1820 3163 distinguatur
1846 3105 1881 3143 a
1908 3084 2376 3162 generationibus
2402 3084 2687 3161 humanis,
2720 3092 2780 3143 et

367 3165 640 3241 negative
667 3164 861 3241 potius
889 3184 1062 3240 quam
1089 3164 1337 3240 positive
1365 3166 1704 3242 explicetur.

453 3243 562 3301 IV.
607 3242 694 3302 Ut
719 3243 906 3300 omnis
934 3242 1228 3319 generatio
1265 3242 1408 3301 dicit
1448 3242 2023 3303 communicationem
2064 3244 2329 3303 essentias
2371 3264 2406 3302 a
2444 3252 2607 3321 parte
2648 3243 2777 3321 gig-

369 3320 560 3381 nentis
588 3320 802 3399 genito,
846 3341 950 3398 per
976 3340 1149 3398 quam
1177 3323 1409 3397 genitus
1434 3322 1536 3381 fiat
1565 3324 1769 3381 similis
1798 3324 2078 3400 gignenti,
2124 3333 2183 3383 et
2210 3323 2452 3381 eandem
2480 3344 2612 3383 cum
2650 3324 2779 3401 ipso

370 3410 636 3459 naturam
680 3400 1019 3478 participet3
1066 3400 1160 3459 Ita
1204 3400 1516 3460 Generatio
1555 3402 1669 3460 ista
1712 3402 2069 3461 admirabilis
2120 3410 2275 3461 recte
2329 3403 2639 3479 exponitur
2676 3423 2781 3480 per

371 3479 948 3539 communicationem
975 3479 1241 3538 essentiae
1268 3500 1303 3538 a
1330 3480 1520 3555 Patre,
1565 3500 1669 3557 per
1694 3500 1867 3557 quam
1896 3481 2138 3540 eandem
2166 3501 2296 3539 cum
2324 3481 2427 3539 illo
2469 3482 2779 3539 essentiam

373 3559 561 3618 Filius
587 3558 1017 3618 indivisibiliter
1042 3558 1316 3636 possidet,
1348 3568 1408 3619 et
1433 3560 1520 3617 ini
1547 3560 1614 3618 fit
1641 3559 1968 3618 simillimus
1992 3582 2007 3619 z
2094 3560 2210 3618 Sed
2251 3560 2668 3637 qualiscunque
2707 3560 2785 3619 sit

369 3638 522 3697 inter
562 3639 961 3715 generationes
1004 3640 1298 3697 naturales
1340 3647 1400 3698 et
1438 3639 1738 3712 humanas,
1783 3645 1843 3696 et
1883 3638 2375 3715 supernaturalem
2416 3646 2475 3696 et
2523 3638 2781 3696 divinam

371 3717 656 3795 analogia,
688 3718 821 3776 Non
849 3725 938 3776 est
965 3725 1158 3776 tamen
1185 3718 1300 3777 ista
1325 3737 1402 3776 ex
1428 3717 1546 3776 illis
1572 3716 1881 3793 metienda,
1912 3718 2010 3776 vel
2046 3718 2121 3775 ad
2147 3718 2277 3775 illas
2309 3717 2614 3795 exigenda,
2646 3718 2784 3795 quia

372 3816 648 3874 magnum
677 3797 828 3855 inter
853 3816 952 3856 eas
980 3796 1301 3857 discremen
1327 3796 1648 3871 intercedit,
1682 3796 1806 3854 sive
1836 3796 2201 3873 panc-apium,
2248 3798 2373 3855 sive
2399 3800 2611 3871 modus,
2656 3798 2781 3856 sive

371 3877 640 3935 terminus
665 3875 1014 3935 attendatur.
1099 3877 1250 3934 Nam
1277 3877 1338 3934 in
1363 3875 1607 3953 physica
1634 3876 2005 3951 generatione
2030 3876 2383 3953 Principium
2399 3896 2516 3934 non
2546 3887 2635 3938 est
2652 3885 2779 3936 tan-

369 3964 496 4015 tum
523 3956 795 4030 activum,
843 3957 948 4014 sed
973 3964 1033 4015 et
1072 3956 1368 4033 passivum
1395 3963 1454 4014 et
1482 3954 1811 4031 materiale;
1856 3954 1961 4013 sed
2000 3956 2061 4013 in
2106 3954 2321 4013 Divina
2360 3955 2531 4013 datur
2558 3963 2782 4015 tantum

371 4035 645 4095 activum.
732 4035 802 4091 In
831 4034 934 4093 illa
959 4034 1400 4094 communicatio
1427 4034 1494 4093 fit
1521 4054 1638 4093 non
1666 4035 1845 4094 totius
1871 4034 2155 4110 essentiae,
2201 4034 2304 4093 sed
2329 4034 2509 4111 partis
2536 4042 2779 4112 tantum,

371 4135 504 4192 quae
532 4112 816 4173 deciditur
843 4134 879 4172 a
905 4115 1181 4191 gignente
1222 4122 1282 4172 et
1321 4113 1398 4172 ab
1437 4133 1506 4173 eo
1548 4114 1870 4174 alienatur:
1917 4114 2036 4173 Sed
2074 4116 2137 4171 in
2176 4114 2290 4173 ista
2329 4116 2784 4176 communicatur

370 4194 574 4253 eadem
600 4213 839 4253 numero
866 4194 1116 4252 essentia
1142 4193 1265 4252 sine
1292 4192 1582 4252 decisione
1610 4202 1671 4253 et
1698 4193 2059 4253 alienatione.
2118 4193 2191 4252 In
2208 4194 2311 4253 illa
2334 4195 2649 4271 productus
2666 4216 2784 4255 non

369 4273 546 4333 modo
574 4272 881 4332 distinctus
909 4281 998 4331 est
1024 4291 1060 4330 a
1085 4273 1381 4350 gignente,
1424 4273 1528 4333 sed
1555 4274 1730 4333 etiam
1758 4280 2073 4351 separatus,
2118 4274 2255 4351 quia
2295 4294 2579 4351 generans
2620 4284 2789 4335 extra

370 4372 437 4413 se
465 4361 706 4429 generat
731 4352 1130 4429 terminative3
1177 4352 1280 4411 sed
1306 4353 1368 4410 in
1395 4352 1508 4412 ista
1535 4353 1782 4430 gignens
1810 4353 1871 4411 in
1900 4372 1961 4412 se
1990 4362 2051 4412 et
2076 4374 2194 4412 non
2222 4362 2389 4413 extra
2416 4374 2477 4413 se
2507 4364 2783 4433 generat3

373 4432 469 4492 Ita
499 4432 686 4492 Filius
714 4432 946 4507 genitus
987 4432 1124 4491 licet
1153 4433 1228 4491 sit
1255 4431 1578 4507 distinctus,
1623 4452 1919 4511 nunquam
1959 4441 2155 4493 tamen
2196 4442 2286 4493 est
2325 4433 2399 4491 ab
2428 4452 2496 4493 eo
2538 4432 2781 4511 divisus,

371 4532 492 4571 non
517 4511 692 4570 modo
722 4512 985 4588 ὄμοιοῦσίος
1015 4512 1120 4571 Sed
1146 4520 1206 4571 et
1233 4512 1492 4586 ὄμοοὺσ-ιος.
1790 4540 1795 4547 -

452 4592 531 4651 V.
576 4592 888 4651 Generatio
918 4592 1030 4651 ista
1055 4591 1208 4651 facta
1235 4598 1326 4650 est
1351 4596 1583 4685 ἁχςόως,
1617 4608 1733 4650 non
1758 4591 1821 4649 in
1841 4600 2115 4669 tempore,
2148 4591 2251 4651 sed
2266 4592 2341 4651 ab
2364 4599 2615 4666 aetern03
2652 4591 2784 4649 ideo

371 4670 534 4731 nulla
568 4671 664 4731 hic
705 4671 973 4750 prioritas
1011 4671 1110 4731 vel
1149 4671 1544 4750 posteriontas
1584 4670 1905 4731 durationis
1945 4672 2241 4732 observari
2280 4679 2487 4749 potest,
2531 4670 2669 4729 licet
2710 4670 2785 4732 sit

427 1955 596 2001 Status
618 1955 785 2008 Qum-

522 2013 688 2060 tionis.
