3300 5225
389 393 614 444 ansr.
642 373 777 455 xx.]
1013 436 1017 441 ,
1265 390 1346 432 m:
1370 388 1493 433 nso
1520 390 1658 449 nne,
1689 388 1768 432 m
1791 388 1994 434 remo.
2681 374 2798 436 217

386 532 719 595 ficationem
744 532 871 593 sine
896 531 1537 612 praejudieio'Justitiae,
1559 552 1692 611 quse
1718 532 1954 611 quidem
1982 533 2168 613 exigit
2191 524 2520 595 necessario
2544 542 2612 594 ut
2631 546 2802 595 omne

389 622 693 693 peccatum
719 614 1023 692 puniatur3
1057 612 1162 673 sed
1186 632 1305 677 non
1332 612 1527 673 stetim
1556 614 1744 672 omnis
1763 622 2049 691 peccator,
2078 615 2177 673 vel
2202 616 2314 674 hoc
2341 615 2439 674 vel
2465 615 2566 675 illo
2595 615 2799 692 gradu.

388 734 399 744 ·
476 694 633 755 XX„
678 693 959 770 Quamvis
988 693 1235 772 justitiae
1278 699 1339 753 et
1372 692 1784 752 misericordiae
1827 693 2034 753 effecta
2075 696 2302 773 possint
2345 714 2476 755 esse
2517 696 2805 755 contraria

388 782 627 853 propter
652 773 1046 833 diversitatem
1074 773 1432 851 objectorum
1458 772 1613 832 circa
1638 792 1770 849 quse
1797 782 2136 851 versantu13
2175 794 2293 834 non
2322 776 2582 853 sequitur
2608 784 2802 835 tamen

388 855 549 933 ipsas
568 854 816 913 virtutes
842 872 971 913 esse
996 853 1059 911 in
1076 872 1139 912 se
1168 852 1499 927 contrarias,
1522 871 1641 911 non
1669 854 1858 931 magis
1883 874 2058 931 quam
2084 854 2186 915 Sol
2207 855 2321 915 sibi
2346 856 2666 915 contrarius
2694 864 2800 932 est,

392 934 625 1013 quando
652 933 951 1013 liquefacit
977 953 1169 992 cerem
1195 941 1255 992 et
1290 932 1523 991 indurat
1547 932 1754 992 lutum.
2783 954 2788 965 ·

474 1014 668 1076 XXI.
710 1012 852 1071 Alia
889 1014 1037 1072 ratio
1078 1020 1170 1071 est
1194 1012 1239 1072 J
1240 1012 1460 1071 ustitia
1494 1019 1557 1070 et
1597 1010 2016 1071 Misericordiae
2045 1013 2158 1072 Dei
2190 1014 2252 1073 in
2289 1014 2606 1075 exercitio:
2649 1015 2802 1074 Nam

390 1093 788 1153 misericordia
812 1093 1048 1170 quidem
1090 1091 1418 1151 omnimode
1458 1100 1549 1150 est
1587 1091 1787 1168 libera,
1815 1100 1886 1152 ut
1909 1093 2094 1170 possit
2131 1113 2256 1154 sese
2286 1114 2520 1155 exerere
2546 1096 2645 1154 vel
2684 1114 2802 1154 non

392 1192 567 1233 exere
592 1174 739 1232 citra
762 1174 941 1232 ullius
967 1171 1257 1251 injuriam,
1287 1170 1425 1250 quia
1450 1172 1715 1231 consistit
1741 1172 1804 1230 in
1829 1182 1964 1232 actu
1989 1192 2146 1233 mere
2183 1175 2453 1251 gratuito,
2484 1194 2658 1252 quem
2684 1194 2803 1233 non

393 1262 625 1313 tenetur
664 1272 807 1331 erga
830 1253 1017 1312 ullum
1057 1269 1361 1327 exercet-03
1404 1270 1540 1309 nam
1578 1252 1704 1310 sive
1731 1251 2002 1311 misertus
2029 1254 2236 1313 fuisset
2265 1255 2466 1329 nostri,
2498 1255 2622 1314 sive
2663 1274 2800 1331 non,

392 1334 615 1393 millam
640 1332 873 1392 fecisset
912 1332 1183 1409 cuiquam
1220 1330 1511 1408 injuriam,
1552 1331 1692 1409 quia
1729 1332 1841 1390 hoc
1873 1332 2090 1393 nemini
2117 1332 2310 1393 debet.
2398 1333 2516 1393 Sed
2541 1334 2800 1393 «Iustitiae
2830 1352 2839 1365 ·

392 1421 557 1473 actus
582 1412 723 1472 licet
762 1413 839 1472 sit
863 1412 1207 1487 liberrimae,
1238 1418 1329 1469 est
1355 1418 1549 1469 tamen
1576 1412 1951 1488 necessarius,
1991 1412 2129 1489 quia
2155 1412 2385 1472 debitus
2408 1436 2423 1487 ς
2465 1432 2601 1471 nam
2629 1414 2690 1471 in
2731 1433 2801 1473 eo

393 1492 659 1553 consistit
684 1501 753 1571 nt
776 1491 1053 1570 reddatur
1079 1490 1287 1568 cuique
1314 1488 1472 1567 quod
1501 1508 1670 1549 sumn
1698 1499 1823 1568 est3
1866 1500 1928 1551 et
1953 1492 2220 1569 quamvis
2261 1493 2408 1551 nihil
2433 1492 2644 1552 debeat
2668 1512 2800 1571 pro-

388 1572 516 1651 prie
552 1581 847 1647 creaturae,
877 1570 1217 1647 nullumque
1260 1569 1336 1628 sit
1374 1570 1605 1648 proprie
1630 1570 1925 1647 loquendo
1951 1572 2061 1629 hac
2089 1572 2148 1629 in
2185 1581 2348 1649 parte
2382 1574 2484 1651 jus
2523 1582 2800 1632 creaturae

390 1651 455 1711 in
494 1652 704 1729 ipsum,
748 1660 943 1711 temen
982 1651 1095 1709 hoc
1139 1648 1313 1708 debet
1354 1648 1482 1723 sibi,
1528 1657 1589 1708 et
1628 1650 2058 1711 conservationi
2101 1650 2328 1729 Legum
2368 1672 2404 1711 a
2444 1672 2506 1712 se
2532 1653 2798 1729 latarum,

390 1731 475 1791 ita
500 1740 566 1791 ut
594 1732 645 1790 si
670 1732 781 1791 hoc
808 1750 929 1791 non
954 1729 1185 1805 faceret,
1210 1730 1406 1807 justus
1430 1748 1551 1787 non
1577 1737 1750 1789 esset.

476 1810 705 1871 XXII.
751 1810 815 1870 Si
840 1810 1005 1869 nulla
1028 1816 1292 1868 creatura
1317 1804 1628 1886 peccatrix,
1660 1810 1758 1869 vel
1784 1809 1994 1869 misera
2020 1809 2240 1887 fuisset,
2271 1811 2316 1871 J
2316 1810 2516 1871 ustitia
2542 1820 2602 1871 et
2621 1812 2800 1871 Mise-

390 1890 642 1951 ricordia
665 1909 785 1949 non
810 1889 1058 1949 fuissent
1084 1888 1279 1967 quoad
1318 1908 1432 1947 esee
1457 1892 1717 1965 relatum,
1749 1898 1809 1950 et
1847 1891 1908 1949 in
1934 1899 2066 1949 actu
2095 1891 2343 1951 aer-cito
2358 1916 2384 1965 ,·
2426 1891 2530 1951 sed
2553 1888 2803 1952 'fuissent

392 1978 591 2031 tamen
618 1990 845 2047 semper
868 1969 1063 2047 quoad
1090 1988 1205 2027 esee
1230 1970 1558 2044 absolutum,
1588 1978 1649 2029 et
1689 1970 1750 2026 in
1776 1979 1906 2029 actu
1945 1971 2180 2047 siquam,
2217 1972 2506 2048 quomodo
2540 1972 2800 2050 omnipo-

392 2050 576 2114 tentia
602 2050 713 2109 fuit
738 2051 801 2108 in
829 2050 957 2107 Deo
984 2050 1058 2108 ab
1087 2056 1319 2123 aeterne,
1348 2048 1459 2107 etsi
1484 2048 1631 2107 nihil
1657 2049 2014 2126 produxerit.

398 2176 403 2183 .
475 2128 739 2189 XXIII.
781 2129 1061 2205 Quamvis
1104 2130 1265 2187 Deus
1306 2128 1459 2187 circa
1504 2128 1750 2205 gradum
1785 2148 1973 2207 poenae
2016 2136 2214 2207 posset
2257 2128 2509 2207 aliquam
2553 2130 2802 2190 ἔπιιᾶιιεαν

392 2209 735 2286 admitter03
778 2227 897 2268 non
940 2208 1201 2286 sequitur
1239 2216 1372 2267 eum
1412 2208 1625 2284 pariter
1661 2228 1834 2285 posse
1871 2226 2072 2268 omnes
2113 2208 2328 2285 gradus
2364 2228 2550 2286 poenae
2577 2211 2799 2285 tollere,

392 2290 530 2367 quia
550 2288 782 2367 justitia
798 2288 1093 2368 quandam
1120 2286 1407 2367 graduum
1424 2286 1789 2346 latitudinem
1815 2288 2008 2364 habet,
2033 2298 2200 2347 extra
2225 2308 2399 2365 quam
2427 2288 2477 2347 si
2503 2290 2707 2365 exiret,
2727 2310 2802 2350 ne

385 2370 617 2447 justitia
641 2369 878 2447 quidem
904 2377 1095 2445 esset3
1138 2368 1277 2427 licet
1302 2386 1443 2427 vero
1482 2367 1617 2425 talis
1655 2367 1870 2445 gradus
1898 2367 2124 2427 definiri
2159 2387 2278 2427 non
2317 2370 2503 2446 possit
2541 2389 2578 2427 a
2609 2370 2796 2447 nobis,

396 2450 559 2511 Deus
586 2458 781 2508 tamen
807 2448 1023 2527 optime
1050 2448 1215 2507 illum
1244 2446 1544 2507 definitum
1571 2456 1631 2506 et
1663 2447 1979 2525 perfeetum
2005 2447 2200 2507 habet.

477 2528 727 2588 XXIV.
771 2528 905 2587 Non
941 2528 1217 2605 queritur
1254 2526 1353 2585 hic
1393 2526 1748 2603 simpliciter,
1781 2526 1880 2585 An
1922 2527 2084 2586 Deus
2119 2524 2304 2606 possit
2339 2546 2446 2606 per
2481 2527 2800 2605 potentiam

392 2617 693 2688 peccatum
712 2629 831 2668 non
857 2609 1094 2687 punire;
1139 2606 1259 2682 sed,
1306 2604 1407 2666 An
1430 2606 1617 2685 possit
1642 2627 1747 2684 per
1779 2606 2068 2685 justitiam
2109 2628 2239 2685 quae
2274 2608 2502 2686 proprie
2535 2618 2805 2668 versatur

393 2689 545 2750 cirea
571 2709 821 2767 poenam,
850 2688 1009 2767 quod
1034 2686 1173 2766 quia
1210 2686 1300 2746 illi
1338 2695 1639 2764 repugnat,
1670 2687 1802 2746 ideo
1828 2686 1978 2746 bene
2005 2686 2215 2747 dicitur
2242 2689 2433 2748 Deum
2471 2707 2590 2747 non
2708 2709 2800 2748 sse

392 2769 505 2827 hoc
530 2777 823 2846 praestare.
908 2768 1075 2827 Licet
1101 2787 1241 2826 vero
1268 2786 1388 2826 non
1415 2767 1492 2826 sit
1516 2766 1774 2826 formalis
1803 2765 2178 2826 contradictio
2219 2768 2282 2826 in
2320 2767 2582 2827 terminis
2652 2770 2802 2828 'cere

392 2857 693 2926 peceatum
736 2867 856 2908 non
894 2847 1103 2925 puniri,
1146 2855 1238 2906 est
1276 2848 1472 2905 tamen
1494 2845 1573 2905 ‘in
1613 2847 1820 2925 reipsa,
1865 2847 2004 2925 quia
2039 2846 2138 2906 sic·
2164 2845 2408 2911 infertur
2445 2847 2637 2908 Deum
2680 2867 2798 2908 non

395 2928 587 2988 odisse
614 2937 933 3006 peccatum,
964 2934 1023 2987 et
1047 2945 1219 3005 posse
1260 2926 1408 2985 illud
1435 2945 1645 2986 amare.

476 3009 695 3068 XXV.
740 3007 1019 3084 Quamvis
1062 3027 1143 3065 ex
1177 3006 1311 3083 jure
1355 3005 1622 3065 absoluto
1658 3006 1820 3066 Deus
1861 3007 2047 3086 possit
2090 3015 2415 3068 creaturam
2458 3005 2795 3085 annihilare,

392 3107 511 3146 non
537 3088 753 3165 pariter
777 3093 971 3165 potest
995 3086 1084 3144 illi
1110 3086 1403 3145 innocenti
1430 3086 1746 3146 cruciatum
1772 3087 2111 3146 infernalem
2152 3097 2212 3148 et
2245 3091 2521 3148 aeternum'
2549 3087 2756 3146 inferre
2779 3111 2797 3164 3

392 3167 531 3244 quia
558 3167 703 3226 illud
731 3175 822 3226 est
847 3167 1057 3225 summi
1085 3165 1344 3223 Dominii
1370 3164 1654 3241 effectum,
1684 3167 1796 3225 hoc
1820 3186 1961 3226 vero
1988 3168 2312 3228 necessario
2353 3165 2602 3227 involvit
2631 3167 2806 3245 enim

393 3246 797 3324 adjustitiam,
828 3265 959 3323 quae
986 3244 1161 3304 talem
1190 3245 1505 3303 cruciatum
1532 3245 1856 3306 immerenti
1895 3247 2104 3306 inferre
2143 3267 2260 3307 non
2297 3248 2528 3326 patitur,
2557 3257 2625 3308 ut
2651 3250 2808 3306 ferre·

394 3345 513 3384 non
538 3333 730 3403 potest
755 3324 1141 3385 nonobstante
1167 3332 1611 3402 quantocunque
1633 3324 1912 3384 demerito
1936 3347 2167 3404 poenam
2193 3327 2378 3406 ipsam
2404 3335 2586 3388 totam
2614 3327 2804 3387 aufer-

396 3406 465 3466 ri.
507 3404 664 3466 Vide
692 3405 859 3486 Disp.
890 3404 962 3465 de
990 3405 1229 3464 Necess.
1263 3403 1459 3464 Setisf.
1491 3404 1557 3464 P.
1590 3403 1642 3462 Ι.
1671 3413 1730 3464 et
1761 3405 1846 3466 11.

1302 3641 1696 3719 QUAEs'no
1736 3641 1893 3702 xx.

758 3821 837 3862 nn
866 3821 1179 3892 nonnus,
1210 3821 1434 3878 Anonn,
1464 3819 1709 3879 ansus,
1740 3819 1818 3860 nr
1845 3819 2272 3863 msnmconnu
2301 3821 2424 3862 Dm.

1086 3963 1381 4032 Quomodo
1406 3962 1551 4022 inter
1574 3981 1634 4021 ee
1661 3960 2075 4040 distinguantur
2089 3964 2120 4023 3

479 4123 529 4181 Ι.
576 4122 662 4183 Ut
688 4122 733 4183 J
734 4123 934 4184 ustitia
958 4122 1309 4183 vindicatrix
1337 4121 1411 4182 de
1451 4141 1567 4200 qua
1606 4130 1798 4182 actum
1824 4121 1937 4182 fuit
1963 4121 2293 4198 Quaestione
2331 4123 2697 4202 praecedenti,
2743 4131 2812 4185 et*

404 4203 628 4279 Odium,
658 4203 785 4280 Ira,
830 4211 889 4263 et
914 4203 1211 4280 Severitas,
1242 4222 1373 4280 quae
1414 4203 1491 4262 ad
1528 4204 1720 4280 ipsum
1746 4203 2051 4280 pertinent,
2087 4213 2444 4281 occupantur
2469 4203 2622 4264 eirca
2661 4206 2812 4265 mali?

396 4283 628 4359 physici
670 4302 775 4342 seu
816 4303 1003 4361 poenae
1044 4282 1457 4360 inflictionem;
1513 4282 1608 4342 Ita
1632 4283 1888 4360 Bonitas,
1919 4291 1979 4343 et
2019 4304 2149 4361 quae
2191 4283 2300 4343 sub
2341 4302 2410 4342 ea
2436 4284 2812 4345 continentur-

396 4361 661 4438 virtutes,
706 4371 849 4440 puta
888 4363 1086 4438 Amor,
1124 4363 1353 4438 Gratia,
1402 4371 1460 4423 et
1502 4364 1922 4440 Misericordia,
1968 4372 2275 4423 versantur
2317 4365 2470 4424 circa
2515 4365 2814 4425 bonorum·

398 4443 993 4518 communicationem,
1024 4443 1130 4503 sed
1156 4441 1562 4502 diversimode.
2595 4453 2600 4458 ’

481 4521 567 4580 II.
608 4524 853 4583 Bonitas
878 4522 992 4582 Dei
1018 4530 1125 4599 est,
1156 4542 1273 4602 qua
1310 4522 1631 4600 concipitur
1657 4541 1774 4582 non
1801 4523 1974 4583 modo
2001 4525 2247 4585 absolute
2271 4533 2328 4584 et
2363 4524 2422 4584 in
2446 4545 2523 4599 ee,
2551 4532 2619 4584 ut
2647 4543 2804 4583 sum-

398 4621 491 4660 me
517 4601 709 4662 bonus
732 4611 795 4662 et
818 4603 1107 4681 perfectus
1134 4611 1409 4682 tanquam
1436 4605 1763 4679 αὖτοιγειθὶν,
1785 4613 1844 4662 et
1865 4607 2018 4664 solus
2043 4607 2231 4680 bonu-s,
2253 4605 2436 4663 Marc.
2459 4624 2523 4662 x.
2553 4605 2646 4678 18,
2665 4605 2802 4680 quia

397 4681 535 4744 talis
561 4691 651 4742 est
676 4683 1052 4761 originaliter,
1080 4683 1349 4762 perfecte,
1380 4691 1441 4742 et
1464 4683 1916 4760 immutabiliter,
1947 4684 2052 4744 sed
2089 4686 2264 4744 etiam
2290 4687 2469 4743 relate
2495 4692 2548 4742 et
2585 4684 2800 4742 extrin-
