3300 5225
319 336 545 389 eumer.
574 318 691 399 vn]
1307 333 1387 377 na
1415 332 1760 377 seur-ruas.
2651 316 2727 373 83

319 498 547 539 summe
588 474 930 538 necessarie.
1014 476 1069 535 3.
1114 473 1175 533 A
1206 474 1585 551 (Impar-atis.
1673 474 1759 535 Ut
1785 472 2030 551 Objecta
2057 492 2328 533 sensuum
2357 470 2728 533 facultatibus

320 559 471 617 bene
498 556 794 635 dispositis
820 554 1143 632 applicatis.
1166 553 1557 632 dijudicantur
1582 554 1779 614 statim
1817 562 1876 612 et
1907 560 2334 630 cognoscuntur
2359 552 2578 630 absque
2604 551 2728 611 ullo

316 637 440 697 alio
467 644 807 715 argumento
838 642 1097 709 externe,
1244 642 1372 711 pter
1410 652 1678 693 arcanam
1715 632 2143 711 proportionem
2183 641 2244 691 et
2284 631 2726 710 propensionem

320 716 616 775 facultatis
642 714 719 774 ad
755 712 1083 790 objectum3
1179 733 1261 771 ux
1292 712 1523 790 proprio
1556 711 1878 789 splendore,
1924 711 2104 771 Cibus
2142 708 2374 789 propria
2398 710 2721 787 dulcedine,

322 794 485 856 Odor
509 794 739 872 propria
764 792 1093 869 flagrantia,
1124 791 1296 851 etiam
1324 791 1553 850 nemine
1578 798 1846 867 testante,
1876 790 2072 849 statim
2099 810 2135 849 a
2161 790 2329 849 nobis
2357 790 2726 867 cognoscitur

320 874 675 933 certissime:
729 872 824 931 Ita
863 870 1159 948 Scriptura
1198 890 1329 947 quae
1366 870 1535 929 nobis
1576 878 1844 946 respectu
1881 870 2022 929 novi
2060 870 2312 929 hominis
2350 878 2410 929 et
2449 888 2722 930 sensuum

319 952 723 1030 spiritualium,
752 950 925 1009 modo
953 950 1063 1008 sub
1088 949 1237 1009 lucis
1262 948 1634 1024 admirabilis,
1667 948 1764 1008 Ps.
1795 948 1951 1007 cxix.
1986 950 2118 1025 105,
2147 949 2320 1008 modo
2349 948 2463 1007 cibi
2499 949 2720 1009 suavis-

319 1033 471 1106 simi,
519 1032 617 1091 Ps.
654 1030 781 1089 xix..
815 1032 925 1106 1ος
969 1029 1053 1088 Is.
1092 1029 1175 1087 iv.
1210 1030 1263 1105 1,
1300 1032 1371 1104 Ως
1417 1028 1572 1087 Heb.
1602 1046 1661 1087 v.
1695 1031 1787 1103 14,
1829 1026 2003 1086 modo
2045 1027 2240 1087 odoris
2277 1027 2724 1121 fragrantissimi

320 1111 587 1189 symbolo
616 1108 975 1184 describim,
1002 1109 1167 1167 Cant.
1196 1108 1235 1167 i.
1258 1108 1314 1183 3,
1344 1126 1449 1185 per
1474 1108 1723 1184 seipsam
1749 1126 1786 1165 a
1805 1106 1943 1165 novi
1971 1106 2220 1165 hominis
2241 1106 2504 1166 sensibus
2526 1107 2722 1167 statim

316 1199 494 1267 atque
520 1190 637 1249 illis
670 1187 957 1267 objicitur,
988 1186 1153 1247 facile
1180 1186 1602 1261 intemoscitur,
1628 1192 1694 1245 et
1719 1184 1950 1263 propria
1974 1185 2122 1259 luce,
2153 1186 2438 1245 suavitate
2465 1194 2526 1245 et
2551 1184 2724 1264 ιῦυδιᾈ

316 1268 779 1346 cognoscendam
806 1287 869 1327 se
894 1266 1131 1345 praebet,
1159 1266 1307 1325 nihil
1331 1273 1397 1325 ut
1418 1284 1563 1343 opus
1584 1265 1661 1324 sit
1676 1272 2017 1341 argumenta
2036 1263 2268 1324 aliunde
2287 1283 2560 1342 quaerere,
2589 1284 2722 1342 quoe

316 1348 433 1407 hoc
463 1367 593 1408 esse
630 1348 820 1407 lucem
845 1346 943 1405 vel
984 1346 1177 1405 cibum
1203 1345 1302 1404 vel
1341 1344 1557 1404 bonum
1584 1343 1822 1403 odorem
1849 1342 2110 1403 doceant.
2195 1346 2253 1403 4.
2297 1344 2355 1402 A
2387 1344 2720 1403 Testimonio

317 1428 795 1487 Adversariorm
820 1424 921 1502 qui
966 1424 1275 1503 Scripturas
1318 1422 1698 1483 Divinitatem
1739 1422 1986 1500 probant
2024 1442 2100 1481 ex
2141 1422 2295 1481 notis
2335 1422 2532 1499 ipsius,
2567 1422 2717 1482 Bell.

318 1506 381 1565 li.
416 1509 467 1582 1,
496 1506 573 1565 de
600 1506 678 1567 V.
708 1507 783 1565 D.
812 1524 863 1563 c.
894 1508 950 1580 2,
980 1504 1176 1563 Sam-12⁹
1202 1502 1530 1580 Soen‘ptuvis,
1561 1522 1688 1581 quoe
1711 1502 2061 1579 stqoheticzzs
2087 1510 2142 1560 et
2173 1502 2507 1579 Apostolus&
2545 1502 2718 1561 litem&

315 1586 681 1661 continentur,
710 1584 852 1645 nihil
874 1592 957 1643 est
980 1584 1177 1659 nolim,
1208 1583 1349 1642 nihil
1371 1583 1589 1659 certius,
1618 1591 1684 1641 ut
1706 1581 2086 1641 stululssinmm
2105 1600 2226 1640 esse
2265 1600 2479 1641 necesse
2503 1581 2590 1657 sit,
2618 1582 2723 1659 qm·

296 1666 484 1741 fidem
522 1666 633 1724 illis
673 1664 985 1724 habendam
1024 1671 1209 1739 negat.
1294 1662 1447 1721 Vide
1490 1663 1713 1720 Canum
1751 1660 1864 1720 loc.
1892 1660 2072 1721 Thoe.
2106 1660 2147 1721 l.
2177 1663 2236 1737 2,
2263 1680 2315 1721 c.
2345 1662 2401 1736 8,
2432 1659 2614 1739 Greg.
2643 1658 2718 1719 de

322 1743 528 1804 Valen.
556 1745 596 1803 1.
631 1747 682 1820 1,
713 1743 787 1803 de
814 1740 1033 1817 Analy.
1061 1741 1161 1799 fid.
1190 1762 1241 1801 c.
1274 1743 1368 1817 15,
1402 1741 1543 1801 Soto
1570 1740 1791 1801 defens.
1822 1740 2025 1800 Catho.
2055 1760 2104 1800 c.
2133 1742 2234 1799 47.

920 1820 1077 1879 XII.
1121 1820 1435 1897 Multiplex
1483 1818 1738 1880 officium
1795 1819 2073 1880 Ecclesiae
2139 1820 2294 1879 circa
2364 1818 2718 1896 Scripturam

436 1886 775 1992 Fffgg‘ussfflu·
844 1906 1167 1976 competere
1213 1919 1330 1957 non
1376 1898 1703 1974 diffitemur,
1759 1901 1810 1957 1.
1850 1898 1934 1959 Ut
1976 1899 2055 1958 sit
2099 1896 2298 1959 Custos
2341 1898 2716 1959 Oraculorum

847 1976 976 2053 Dei,
1034 1977 1129 2035 cui
1182 1985 1319 2037 sunt
1369 1977 1715 2053 concredita,
1765 1994 2008 2055 quaeque
2061 1978 2292 2038 tabulas
2357 1978 2718 2037 authenticas

318 2056 583 2115 Foederis
627 2056 845 2115 Gratiae
892 2074 1117 2115 summa
1156 2055 1289 2131 fide,
1318 2054 1674 2115 Tabellionis
1716 2055 1913 2131 instar,
1960 2064 2250 2132 asservet3
2312 2056 2482 2115 Rom.
2531 2056 2612 2115 iii.
2657 2060 2716 2115 2.

316 2138 377 2194 2.
420 2137 610 2193 Index
651 2134 753 2211 qui
793 2134 1012 2193 indicat
1057 2133 1426 2211 Scripturam,
1474 2142 1533 2193 et
1574 2134 1652 2193 ad
1693 2153 1820 2192 eam
1863 2133 2215 2211 manuducit,
2269 2134 2386 2193 Isa.
2429 2152 2576 2193 xxx.
2619 2138 2716 2193 21.

317 2216 377 2273 3.
418 2214 639 2273 Vindex
678 2212 779 2291 qui
832 2232 961 2273 eam
1012 2220 1206 2272 tuetur
1256 2220 1319 2271 et
1360 2212 1635 2288 vindicat,
1677 2212 1859 2271 libros
1913 2213 2195 2289 genuinos
2250 2212 2326 2271 ab
2379 2211 2720 2272 adulterinis

317 2291 685 2367 secernendo,
716 2311 832 2369 quo
876 2310 1049 2351 sensu
1075 2298 1317 2349 vocatur
1359 2291 1489 2368 ejus
1534 2288 1816 2372 θςαίυμας
1865 2293 1893 2347 1
1928 2290 2077 2349 Rm.
2125 2291 2208 2349 iii.
2242 2293 2334 2351 16.
2417 2294 2475 2349 4.
2516 2292 2718 2350 Proeco

316 2372 419 2449 qui
446 2390 573 2430 eam
599 2370 867 2464 proponit
893 2378 952 2430 et
976 2370 1342 2448 promulgat3
1386 2372 1423 2429 2
1454 2370 1583 2431 Cor.
1612 2389 1672 2430 v.
1707 2373 1815 2446 193
1861 2370 2030 2429 Rom.
2059 2390 2120 2428 x.
2153 2372 2246 2429 16.
2330 2372 2386 2429 5.
2427 2371 2720 2446 ‘Interpres

314 2451 420 2528 qui
446 2470 647 2509 verum
676 2469 802 2527 ejus
830 2469 1063 2509 sensum
1090 2456 1378 2509 scrutatur
1420 2458 1478 2510 et
1514 2450 1715 2529 aperit.
1803 2448 1921 2509 Sed
1961 2449 2076 2509 ista
2119 2449 2312 2509 omnia
2337 2449 2717 2508 ministerium

314 2537 541 2589 tantmn
584 2529 911 2607 important,
952 2548 1071 2588 non
1114 2529 1540 2607 magisterium3
1584 2538 1652 2589 ut
1691 2549 1796 2607 per
1837 2548 1964 2589 eam
1991 2529 2223 2606 quidem
2266 2528 2582 2605 credamus,
2613 2528 2720 2587 sed

314 2627 434 2668 non
460 2617 693 2689 propter
718 2629 880 2686 eam3
922 2618 989 2669 ut
1013 2629 1117 2687 per
1142 2609 1186 2669 J
1188 2609 1472 2668 ohannem
1500 2608 1824 2688 Baptistam
1852 2608 2054 2669 fideles
2095 2608 2158 2668 in
2186 2608 2476 2668 Christum
2521 2607 2715 2668 crede·

317 2687 475 2763 bant,
504 2709 621 2748 non
646 2698 879 2768 propter
904 2689 1110 2766 ipsum,
1140 2689 1184 2748 J
1188 2709 1240 2748 o.
1282 2688 1323 2748 i.
1352 2693 1407 2766 7,
1438 2696 1498 2748 et
1537 2709 1641 2768 per
1669 2689 1976 2750 Mulierem
2007 2689 2424 2750 Samaritanam
2453 2687 2718 2749 Christus

316 2767 585 2907 we
610 2777 773 2908 23.
792 2767 1199 2907 {sam
1212 2769 2000 2926 fiam...
2148 2849 2224 2908 ..
2461 2850 2718 2908 m..

318 2924 460 2986 Alia
486 2890 625 2986 duin
658 2935 949 3005 spectatur
988 2927 1274 3003 subjective
1300 2927 1398 2986 vel
1434 2867 1766 2987 ffiffitffl?
1792 2869 2012 2988 ratione
2031 2868 2210 2988 qaczus
2237 2869 2519 2988 ἔνθὲᾱῖηὲἰ.
2603 2894 2719 2986 Illi

315 3004 385 3064 fit
436 3007 499 3064 in
540 3006 895 3084 Scripturam
948 3014 1008 3065 et
1033 3005 1450 3066 Testimonium
1504 3014 1808 3067 externum
1854 3007 2102 3085 Spiritus
2159 3007 2220 3067 S.
2269 3025 2608 3086 expressum
2653 3007 2718 3065 in

322 3084 654 3164 Scriptura3
699 3085 823 3144 Ista
848 3086 911 3143 in
938 3085 1356 3146 Testimonium
1382 3087 1511 3163 ejus
1547 3087 1836 3146 internum
1875 3087 2216 3164 impressum
2257 3087 2319 3145 in
2345 3085 2714 3161 conscientia,

316 3171 379 3222 et
405 3164 647 3240 loquens
666 3164 726 3221 in
744 3164 933 3224 corde.
1020 3164 1105 3225 Ut
1132 3165 1285 3223 enim
1301 3163 1417 3224 duo
1446 3174 1581 3225 sunt
1600 3165 1678 3224 ad
1704 3165 1876 3224 fidem
1905 3165 2353 3242 ingenerandam
2373 3165 2715 3242 necessaria,

318 3241 601 3302 Veritatis
640 3243 955 3320 propositio
998 3243 1059 3300 in
1087 3242 1301 3318 Verb0‚
1334 3249 1395 3303 et
1419 3244 1682 3321 ejusdem
1710 3244 2018 3322 applicatio
2057 3245 2118 3302 in
2159 3243 2350 3319 corde,
2379 3244 2628 3321 Spa-im
2652 3243 2714 3302 S.

314 3321 623 3398 utrobique
649 3329 932 3400 operatur,
964 3329 1023 3381 et
1047 3321 1110 3379 in
1136 3321 1334 3381 Verbo
1374 3331 1435 3382 et
1473 3323 1535 3380 in
1563 3322 1769 3383 Corde.
1851 3321 1995 3382 Ideo
2022 3321 2234 3383 dicitur
2259 3325 2457 3382 testari
2490 3321 2722 3401 proprie

314 3399 379 3458 in
406 3399 604 3461 Verbo
647 3402 919 3478 objective‚
964 3420 1071 3478 per
1112 3400 1347 3460 modum
1393 3403 1720 3480 argumenti
1764 3411 1997 3481 propter
2041 3401 2199 3479 quod
2241 3402 2546 3461 credimus.
2647 3399 2721 3459 In

317 3478 505 3542 Corde
531 3499 671 3540 vero
699 3479 910 3540 dicitur
935 3480 1127 3555 etiam,
1158 3480 1263 3539 sed
1300 3479 1491 3540 minus
1530 3481 1776 3559 proprie,
1806 3479 2006 3540 testari
2031 3481 2341 3555 efficienter,
2370 3489 2431 3538 et
2467 3498 2572 3556 per
2597 3497 2718 3536 mo-

319 3556 459 3615 dum
492 3559 769 3636 principii
806 3559 976 3635 cujus
1015 3558 1229 3618 virtute
1276 3557 1581 3632 credimus,
1628 3577 1746 3634 quo
1787 3575 1978 3631 sensu,
2027 3561 2056 3615 1
2099 3559 2144 3618 J
2147 3559 2243 3616 oh.
2280 3575 2338 3615 v.
2377 3560 2434 3630 6,
2472 3557 2724 3632 Spiritus

320 3635 423 3710 qui
448 3636 597 3694 inter
622 3645 801 3696 testes
828 3636 1171 3696 Divinitatis
1198 3636 1429 3711 Christi,
1459 3645 1520 3696 et
1534 3636 1816 3696 Veritatis
1845 3635 2154 3712 Evangelii
2181 3633 2491 3712 reponitur,
2509 3634 2734 3693 dicitur·

323 3715 522 3772 testari
544 3718 698 3791 quod
718 3716 967 3790 Spiritus
986 3725 1069 3774 est
1088 3715 1297 3774 veritas
1312 3739 1336 3788 ,·
1378 3715 1457 3772 id.
1490 3714 1740 3791 Spiritus
1779 3715 1840 3772 in
1881 3713 2052 3772 corde
2079 3713 2338 3772 fidelium
2377 3733 2576 3790 agens,
2605 3720 2720 3772 tes-

320 3799 477 3852 tatur
502 3792 660 3870 quod
684 3793 947 3852 doctrina
974 3793 1285 3870 Evangelii
1310 3812 1347 3851 a
1377 3793 1593 3870 Spiritu
1620 3791 1832 3851 tradita
1859 3801 1950 3852 est
1974 3811 2114 3851 vera
2139 3800 2200 3852 et
2225 3791 2440 3851 div-ina.

404 3871 585 3930 XIV.
630 3871 819 3946 Quum
847 3871 1238 3931 confessionis
1266 3871 1477 3931 Gallie.
1506 3870 1659 3929 Arti.
1690 3872 1745 3947 5,
1776 3869 2002 3946 dicitur,
2032 3873 2158 3931 Nos
2183 3891 2510 3948 coquo-scere
2524 3871 2718 3949 Semp-

320 3959 467 4010 turoe
494 3951 664 4010 libros
690 3970 803 4010 esse
834 3950 1163 4026 Canonicos,
1191 3971 1305 4009 non
1332 3961 1449 4009 tam
1474 3951 1753 4009 communi
1773 3951 2042 4010 Ecclesiae
2065 3970 2347 4026 consen-m,
2377 3971 2550 4028 quam
2577 3953 2722 4011 testi-

322 4032 510 4090 monio
534 4041 591 4090 et
618 4030 988 4106 persuasione
1015 4029 1239 4089 inter-na
1264 4030 1511 4106 Spiritus
1536 4030 1617 4104 S„
1646 4048 1752 4107 per
1797 4029 2074 4108 Spiritum
2106 4031 2166 4090 S.
2195 4029 2608 4108 intelligendus
2633 4040 2725 4091 est

328 4109 577 4188 Spiritus
604 4117 723 4168 tam
750 4109 812 4166 in
839 4108 1058 4184 Verb0‚
1090 4127 1263 4184 quam
1306 4111 1367 4168 in
1401 4109 1583 4168 corde
1622 4109 1884 4185 loquens.
1969 4108 2136 4168 Idem
2163 4109 2318 4168 enim
2349 4109 2596 4187 Spiritus
2623 4111 2724 4188 qui

323 4188 450 4267 agit
476 4189 763 4266 objective
791 4188 853 4246 in
869 4187 1069 4247 Verbo
1088 4187 1390 4248 veritatem
1414 4187 1804 4266 proponend0,
1835 4195 2103 4266 operatur
2127 4189 2302 4248 etiam
2328 4188 2639 4248 efficienter
2665 4190 2726 4249 in

325 4269 499 4327 corde
524 4268 828 4328 veritatem
867 4267 1039 4326 istam
1070 4267 1359 4328 mentibus
1400 4267 1615 4327 nostris
1657 4266 2072 4346 imprimendo;
2114 4276 2175 4327 et
2217 4266 2302 4327 sic
2342 4268 2726 4327 alienissimus

325 4356 415 4406 est
442 4367 477 4405 a
502 4347 723 4424 Spiritu
748 4347 1183 4406 Enthoeiastico.

408 4425 554 4486 XV.
597 4425 782 4485 Aliud
825 4435 915 4486 est
955 4426 1247 4486 Judicium
1283 4426 1577 4502 privatum
1628 4427 1668 4486 S
1709 4426 1893 4502 iritus,
1942 4425 2100 4504 quod
2153 4434 2244 4486 est
2283 4426 2403 4485 tale
2445 4426 2728 4502 subjective

326 4506 549 4566 ratione
580 4505 830 4582 subjecti
856 4505 951 4565 cui
977 4506 1161 4580 inest3
1206 4503 1391 4564 Aliud
1418 4505 1577 4584 quod
1600 4513 1662 4565 ta
1685 4523 1718 4564 e
1745 4514 1836 4564 est
1874 4505 2245 4584 oriqinaliter,
2275 4505 2412 4582 quia
2439 4524 2475 4562 a
2499 4503 2729 4580 proprio

327 4583 576 4645 hominis
604 4584 842 4645 arbitrio
868 4585 1099 4664 pendet.
1185 4583 1752 4647 Priusconcedimffl
1793 4584 1888 4644 hic
1917 4583 2062 4664 dari,
2105 4584 2209 4646 sed
2251 4603 2368 4644 non
2407 4581 2729 4661 posterius:
