<?xml version="1.0" encoding="UTF-8"?>
<!DOCTYPE html PUBLIC "-//W3C//DTD XHTML 1.0 Transitional//EN"
    "http://www.w3.org/TR/xhtml1/DTD/xhtml1-transitional.dtd">
<html xmlns="http://www.w3.org/1999/xhtml" xml:lang="en" lang="en">
 <head>
  <title>
</title>
<meta http-equiv="Content-Type" content="text/html;charset=utf-8" />
  <meta name='ocr-system' content='tesseract 3.04.00' />
  <meta name='ocr-capabilities' content='ocr_page ocr_carea ocr_par ocr_line ocrx_word'/>
</head>
<body>
  <div class='ocr_page' id='page_1' title='image "./institutiotheol00turrgoog_0604.png"; bbox 0 0 3300 5225; ppageno 0'>
   <div class='ocr_carea' id='block_1_1' title="bbox 572 294 3056 376">
    <p class='ocr_par' dir='ltr' id='par_1_1' title="bbox 572 294 3056 376">
     <span class='ocr_line' id='line_1_1' title="bbox 572 294 3056 376; baseline -0.001 -19"><span class='ocrx_word' id='word_1_1' title='bbox 572 298 695 358; x_wconf 83' lang='lat'><strong>554</strong></span> <span class='ocrx_word' id='word_1_2' title='bbox 1561 313 1746 358; x_wconf 70' lang='lat' dir='ltr'><strong>Locus</strong></span> <span class='ocrx_word' id='word_1_3' title='bbox 1773 313 1982 357; x_wconf 66' lang='lat' dir='ltr'><strong>nonus.</strong></span> <span class='ocrx_word' id='word_1_4' title='bbox 2589 294 2876 376; x_wconf 68' lang='lat' dir='ltr'><strong>[etms-r.</strong></span> <span class='ocrx_word' id='word_1_5' title='bbox 2913 314 3056 355; x_wconf 77' lang='lat' dir='ltr'><strong>vm.</strong></span> 
     </span>
    </p>
   </div>
   <div class='ocr_carea' id='block_1_2' title="bbox 568 453 3044 1254">
    <p class='ocr_par' dir='ltr' id='par_1_2' title="bbox 568 453 3044 615">
     <span class='ocr_line' id='line_1_2' title="bbox 569 453 3044 535; baseline 0.001 -21"><span class='ocrx_word' id='word_1_6' title='bbox 569 456 757 533; x_wconf 88' lang='lat' dir='ltr'><strong>istius,</strong></span> <span class='ocrx_word' id='word_1_7' title='bbox 788 473 919 535; x_wconf 82' lang='lat' dir='ltr'><strong>quae</strong></span> <span class='ocrx_word' id='word_1_8' title='bbox 948 455 1008 516; x_wconf 90' lang='lat' dir='ltr'><strong>in</strong></span> <span class='ocrx_word' id='word_1_9' title='bbox 1053 453 1350 534; x_wconf 77' lang='lat' dir='ltr'><strong>Sapientia</strong></span> <span class='ocrx_word' id='word_1_10' title='bbox 1376 465 1437 516; x_wconf 90' lang='lat' dir='ltr'><strong>et</strong></span> <span class='ocrx_word' id='word_1_11' title='bbox 1477 455 1798 517; x_wconf 79' lang='lat' dir='ltr'><strong>Sanctitate</strong></span> <span class='ocrx_word' id='word_1_12' title='bbox 1839 457 2030 535; x_wconf 87' lang='lat' dir='ltr'><strong>posita</strong></span> <span class='ocrx_word' id='word_1_13' title='bbox 2071 461 2210 534; x_wconf 88' lang='lat' dir='ltr'><strong>erat,</strong></span> <span class='ocrx_word' id='word_1_14' title='bbox 2255 473 2385 534; x_wconf 73' lang='lat' dir='ltr'><strong>quse</strong></span> <span class='ocrx_word' id='word_1_15' title='bbox 2413 454 2672 534; x_wconf 81' lang='lat' dir='ltr'><strong>justitiae</strong></span> <span class='ocrx_word' id='word_1_16' title='bbox 2718 456 3044 535; x_wconf 75' lang='lat' dir='ltr'><strong>orginalis</strong></span> 
     </span>
     <span class='ocr_line' id='line_1_3' title="bbox 568 536 2923 615; baseline 0 -20"><span class='ocrx_word' id='word_1_17' title='bbox 568 537 801 596; x_wconf 89' lang='lat' dir='ltr'><strong>nomine</strong></span> <span class='ocrx_word' id='word_1_18' title='bbox 832 537 979 596; x_wconf 90' lang='lat' dir='ltr'><strong>solet</strong></span> <span class='ocrx_word' id='word_1_19' title='bbox 1007 536 1329 614; x_wconf 87' lang='lat' dir='ltr'><strong>designari;</strong></span> <span class='ocrx_word' id='word_1_20' title='bbox 1374 556 1489 615; x_wconf 92' lang='lat' dir='ltr'><strong>quo</strong></span> <span class='ocrx_word' id='word_1_21' title='bbox 1518 557 1695 596; x_wconf 89' lang='lat' dir='ltr'><strong>sensu</strong></span> <span class='ocrx_word' id='word_1_22' title='bbox 1722 537 1783 596; x_wconf 90' lang='lat' dir='ltr'><strong>in</strong></span> <span class='ocrx_word' id='word_1_23' title='bbox 1811 537 2082 614; x_wconf 75' lang='lat' dir='ltr'><strong>praesenti</strong></span> <span class='ocrx_word' id='word_1_24' title='bbox 2111 536 2442 612; x_wconf 76' lang='lat' dir='ltr'><strong>Quaestione</strong></span> <span class='ocrx_word' id='word_1_25' title='bbox 2471 536 2545 596; x_wconf 92' lang='lat' dir='ltr'><strong>de</strong></span> <span class='ocrx_word' id='word_1_26' title='bbox 2571 557 2645 596; x_wconf 88' lang='lat' dir='ltr'><strong>ea</strong></span> <span class='ocrx_word' id='word_1_27' title='bbox 2671 537 2923 614; x_wconf 85' lang='lat' dir='ltr'><strong>agitur.</strong></span> 
     </span>
    </p>

    <p class='ocr_par' dir='ltr' id='par_1_3' title="bbox 570 616 3042 1175">
     <span class='ocr_line' id='line_1_4' title="bbox 655 616 3042 695; baseline -0 -20"><span class='ocrx_word' id='word_1_28' title='bbox 655 617 766 676; x_wconf 92' lang='lat' dir='ltr'><strong>IV.</strong></span> <span class='ocrx_word' id='word_1_29' title='bbox 809 617 1103 676; x_wconf 79' lang='lat' dir='ltr'><strong>Sociniani</strong></span> <span class='ocrx_word' id='word_1_30' title='bbox 1131 616 1367 694; x_wconf 87' lang='lat' dir='ltr'><strong>quidem</strong></span> <span class='ocrx_word' id='word_1_31' title='bbox 1410 617 1724 695; x_wconf 76' lang='lat' dir='ltr'><strong>imaginem</strong></span> <span class='ocrx_word' id='word_1_32' title='bbox 1765 617 1938 676; x_wconf 89' lang='lat' dir='ltr'><strong>istam</strong></span> <span class='ocrx_word' id='word_1_33' title='bbox 1975 636 2079 694; x_wconf 90' lang='lat' dir='ltr'><strong>per</strong></span> <span class='ocrx_word' id='word_1_34' title='bbox 2117 617 2345 695; x_wconf 83' lang='lat' dir='ltr'><strong>lapsum</strong></span> <span class='ocrx_word' id='word_1_35' title='bbox 2390 616 2607 676; x_wconf 87' lang='lat' dir='ltr'><strong>Adami</strong></span> <span class='ocrx_word' id='word_1_36' title='bbox 2651 617 2786 676; x_wconf 83' lang='lat' dir='ltr'><strong>ullo</strong></span> <span class='ocrx_word' id='word_1_37' title='bbox 2837 616 3042 675; x_wconf 85' lang='lat' dir='ltr'><strong>modo</strong></span> 
     </span>
     <span class='ocr_line' id='line_1_5' title="bbox 571 696 3036 775; baseline 0 -21"><span class='ocrx_word' id='word_1_38' title='bbox 571 697 845 756; x_wconf 88' lang='lat' dir='ltr'><strong>amissam</strong></span> <span class='ocrx_word' id='word_1_39' title='bbox 872 717 997 756; x_wconf 92' lang='lat' dir='ltr'><strong>esse</strong></span> <span class='ocrx_word' id='word_1_40' title='bbox 1025 706 1259 774; x_wconf 85' lang='lat' dir='ltr'><strong>negant,</strong></span> <span class='ocrx_word' id='word_1_41' title='bbox 1290 704 1490 774; x_wconf 79' lang='lat' dir='ltr'><strong>utpote</strong></span> <span class='ocrx_word' id='word_1_42' title='bbox 1520 717 1696 775; x_wconf 87' lang='lat' dir='ltr'><strong>quam</strong></span> <span class='ocrx_word' id='word_1_43' title='bbox 1736 696 2024 774; x_wconf 83' lang='lat' dir='ltr'><strong>integram</strong></span> <span class='ocrx_word' id='word_1_44' title='bbox 2053 716 2353 774; x_wconf 78' lang='lat' dir='ltr'><strong>superesse</strong></span> <span class='ocrx_word' id='word_1_45' title='bbox 2382 697 2572 756; x_wconf 83' lang='lat' dir='ltr'><strong>adhuc</strong></span> <span class='ocrx_word' id='word_1_46' title='bbox 2613 697 3036 772; x_wconf 73' lang='lat' dir='ltr'><strong>contendant,</strong></span> 
     </span>
     <span class='ocr_line' id='line_1_6' title="bbox 570 777 3038 855; baseline -0.001 -19"><span class='ocrx_word' id='word_1_47' title='bbox 570 777 719 836; x_wconf 73' lang='lat' dir='ltr'><strong>Soc-i.</strong></span> <span class='ocrx_word' id='word_1_48' title='bbox 761 778 1013 855; x_wconf 82' lang='lat' dir='ltr'><strong>praelect.</strong></span> <span class='ocrx_word' id='word_1_49' title='bbox 1057 797 1107 835; x_wconf 91' lang='lat' dir='ltr'><strong>c.</strong></span> <span class='ocrx_word' id='word_1_50' title='bbox 1152 779 1208 850; x_wconf 80' lang='lat'><strong>3,</strong></span> <span class='ocrx_word' id='word_1_51' title='bbox 1252 777 1481 836; x_wconf 76' lang='lat' dir='ltr'><strong>Smalzi.</strong></span> <span class='ocrx_word' id='word_1_52' title='bbox 1525 784 1679 836; x_wconf 92' lang='lat' dir='ltr'><strong>cont.</strong></span> <span class='ocrx_word' id='word_1_53' title='bbox 1734 777 1969 836; x_wconf 81' lang='lat' dir='ltr'><strong>Frantz.</strong></span> <span class='ocrx_word' id='word_1_54' title='bbox 2013 777 2180 854; x_wconf 92' lang='lat' dir='ltr'><strong>Disp.</strong></span> <span class='ocrx_word' id='word_1_55' title='bbox 2211 781 2268 836; x_wconf 87' lang='grc'><strong>7.</strong></span> <span class='ocrx_word' id='word_1_56' title='bbox 2350 779 2823 836; x_wconf 68' lang='lat' dir='ltr'><strong>Remmtrantoe</strong></span> <span class='ocrx_word' id='word_1_57' title='bbox 2875 797 3038 836; x_wconf 80' lang='lat' dir='ltr'><strong>vero</strong></span> 
     </span>
     <span class='ocr_line' id='line_1_7' title="bbox 571 821 3032 934; baseline 0 -20"><span class='ocrx_word' id='word_1_58' title='bbox 571 855 826 916; x_wconf 87' lang='lat' dir='ltr'><strong>fatentur</strong></span> <span class='ocrx_word' id='word_1_59' title='bbox 864 856 1159 915; x_wconf 88' lang='lat' dir='ltr'><strong>Adamum</strong></span> <span class='ocrx_word' id='word_1_60' title='bbox 1184 821 1355 934; x_wconf 83' lang='lat' dir='ltr'><strong>lapsu</strong></span> <span class='ocrx_word' id='word_1_61' title='bbox 1384 876 1489 916; x_wconf 91' lang='lat' dir='ltr'><strong>suo</strong></span> <span class='ocrx_word' id='word_1_62' title='bbox 1516 856 1814 932; x_wconf 85' lang='lat' dir='ltr'><strong>meruisse,</strong></span> <span class='ocrx_word' id='word_1_63' title='bbox 1845 865 1912 916; x_wconf 91' lang='lat' dir='ltr'><strong>ut</strong></span> <span class='ocrx_word' id='word_1_64' title='bbox 1951 857 2112 916; x_wconf 89' lang='lat' dir='ltr'><strong>Deus</strong></span> <span class='ocrx_word' id='word_1_65' title='bbox 2152 857 2382 934; x_wconf 87' lang='lat' dir='ltr'><strong>abipso</strong></span> <span class='ocrx_word' id='word_1_66' title='bbox 2410 856 2662 917; x_wconf 80' lang='lat' dir='ltr'><strong>auferret</strong></span> <span class='ocrx_word' id='word_1_67' title='bbox 2701 857 3032 934; x_wconf 82' lang='lat' dir='ltr'><strong>justitiam</strong></span> 
     </span>
     <span class='ocr_line' id='line_1_8' title="bbox 572 935 3030 1014; baseline -0 -18"><span class='ocrx_word' id='word_1_68' title='bbox 572 936 950 1014; x_wconf 79' lang='lat' dir='ltr'><strong>originalem3</strong></span> <span class='ocrx_word' id='word_1_69' title='bbox 1000 935 1117 996; x_wconf 85' lang='lat' dir='ltr'><strong>Sed</strong></span> <span class='ocrx_word' id='word_1_70' title='bbox 1157 945 1375 1014; x_wconf 83' lang='lat' dir='ltr'><strong>negant</strong></span> <span class='ocrx_word' id='word_1_71' title='bbox 1402 956 1534 996; x_wconf 90' lang='lat' dir='ltr'><strong>eum</strong></span> <span class='ocrx_word' id='word_1_72' title='bbox 1562 945 1698 996; x_wconf 87' lang='lat' dir='ltr'><strong>actu</strong></span> <span class='ocrx_word' id='word_1_73' title='bbox 1738 937 1866 1014; x_wconf 86' lang='lat' dir='ltr'><strong>ipso</strong></span> <span class='ocrx_word' id='word_1_74' title='bbox 1903 937 2064 995; x_wconf 84' lang='lat' dir='ltr'><strong>illam</strong></span> <span class='ocrx_word' id='word_1_75' title='bbox 2105 937 2402 1013; x_wconf 80' lang='lat' dir='ltr'><strong>amisisse3</strong></span> <span class='ocrx_word' id='word_1_76' title='bbox 2449 936 2618 1012; x_wconf 91' lang='lat' dir='ltr'><strong>Quod</strong></span> <span class='ocrx_word' id='word_1_77' title='bbox 2659 937 2802 996; x_wconf 92' lang='lat' dir='ltr'><strong>ideo</strong></span> <span class='ocrx_word' id='word_1_78' title='bbox 2847 957 3030 996; x_wconf 80' lang='lat' dir='ltr'><strong>asse-</strong></span> 
     </span>
     <span class='ocr_line' id='line_1_9' title="bbox 572 1011 3024 1096; baseline 0.001 -22"><span class='ocrx_word' id='word_1_79' title='bbox 572 1025 725 1093; x_wconf 89' lang='lat' dir='ltr'><strong>runt,</strong></span> <span class='ocrx_word' id='word_1_80' title='bbox 769 1036 842 1076; x_wconf 92' lang='lat' dir='ltr'><strong>ne</strong></span> <span class='ocrx_word' id='word_1_81' title='bbox 872 1025 1158 1094; x_wconf 78' lang='lat' dir='ltr'><strong>cogantur</strong></span> <span class='ocrx_word' id='word_1_82' title='bbox 1198 1011 1513 1094; x_wconf 83' lang='lat' dir='ltr'><strong>agnoscere</strong></span> <span class='ocrx_word' id='word_1_83' title='bbox 1554 1016 1849 1076; x_wconf 85' lang='lat' dir='ltr'><strong>hominem</strong></span> <span class='ocrx_word' id='word_1_84' title='bbox 1877 1035 2108 1076; x_wconf 89' lang='lat' dir='ltr'><strong>omnem</strong></span> <span class='ocrx_word' id='word_1_85' title='bbox 2142 1016 2432 1094; x_wconf 88' lang='lat' dir='ltr'><strong>justitiam</strong></span> <span class='ocrx_word' id='word_1_86' title='bbox 2466 1017 2822 1096; x_wconf 74' lang='lat' dir='ltr'><strong>originalem</strong></span> <span class='ocrx_word' id='word_1_87' title='bbox 2857 1019 3024 1077; x_wconf 75' lang='lat' dir='ltr'><strong>ami·</strong></span> 
     </span>
     <span class='ocr_line' id='line_1_10' title="bbox 572 1096 2484 1175; baseline -0.001 -19"><span class='ocrx_word' id='word_1_88' title='bbox 572 1096 736 1173; x_wconf 84' lang='lat' dir='ltr'><strong>sisse,</strong></span> <span class='ocrx_word' id='word_1_89' title='bbox 767 1097 1027 1174; x_wconf 75' lang='lat' dir='ltr'><strong>adeoque</strong></span> <span class='ocrx_word' id='word_1_90' title='bbox 1056 1096 1111 1156; x_wconf 89' lang='lat' dir='ltr'><strong>ei</strong></span> <span class='ocrx_word' id='word_1_91' title='bbox 1136 1117 1256 1156; x_wconf 90' lang='grc' dir='ltr'>ιιοιι</span> <span class='ocrx_word' id='word_1_92' title='bbox 1284 1096 1531 1174; x_wconf 84' lang='lat' dir='ltr'><strong>amplius</strong></span> <span class='ocrx_word' id='word_1_93' title='bbox 1560 1116 1862 1175; x_wconf 82' lang='lat' dir='ltr'><strong>superesse</strong></span> <span class='ocrx_word' id='word_1_94' title='bbox 1890 1096 2138 1156; x_wconf 86' lang='lat' dir='ltr'><strong>liberum</strong></span> <span class='ocrx_word' id='word_1_95' title='bbox 2165 1096 2484 1156; x_wconf 79' lang='lat' dir='ltr'><strong>arbitrium.</strong></span> 
     </span>
    </p>

    <p class='ocr_par' dir='ltr' id='par_1_4' title="bbox 656 1175 3017 1254">
     <span class='ocr_line' id='line_1_11' title="bbox 656 1175 3017 1254; baseline 0 -18"><span class='ocrx_word' id='word_1_96' title='bbox 656 1177 734 1236; x_wconf 89' lang='lat' dir='ltr'><strong>V.</strong></span> <span class='ocrx_word' id='word_1_97' title='bbox 781 1177 903 1236; x_wconf 88' lang='lat' dir='ltr'><strong>Nos</strong></span> <span class='ocrx_word' id='word_1_98' title='bbox 931 1197 1071 1236; x_wconf 92' lang='lat' dir='ltr'><strong>vero</strong></span> <span class='ocrx_word' id='word_1_99' title='bbox 1101 1175 1494 1237; x_wconf 89' lang='lat' dir='ltr'><strong>Amissionem</strong></span> <span class='ocrx_word' id='word_1_100' title='bbox 1526 1176 1810 1254; x_wconf 87' lang='lat' dir='ltr'><strong>Imaginis</strong></span> <span class='ocrx_word' id='word_1_101' title='bbox 1849 1177 2081 1253; x_wconf 76' lang='lat' dir='ltr'><strong>divinae,</strong></span> <span class='ocrx_word' id='word_1_102' title='bbox 2114 1195 2218 1236; x_wconf 88' lang='lat' dir='ltr'><strong>seu</strong></span> <span class='ocrx_word' id='word_1_103' title='bbox 2244 1177 2289 1236; x_wconf 89' lang='lat' dir='ltr'><strong>J</strong></span> <span class='ocrx_word' id='word_1_104' title='bbox 2291 1177 2504 1236; x_wconf 76' lang='lat' dir='ltr'><strong>ustitiae</strong></span> <span class='ocrx_word' id='word_1_105' title='bbox 2532 1175 2862 1254; x_wconf 87' lang='lat' dir='ltr'><strong>originalis,</strong></span> <span class='ocrx_word' id='word_1_106' title='bbox 2899 1175 3017 1236; x_wconf 84' lang='lat' dir='ltr'><strong>du-</strong></span> 
     </span>
    </p>
   </div>
   <div class='ocr_carea' id='block_1_3' title="bbox 462 1255 3016 1335">
    <p class='ocr_par' dir='ltr' id='par_1_5' title="bbox 462 1255 3016 1335">
     <span class='ocr_line' id='line_1_12' title="bbox 462 1255 3016 1335; baseline 0 -21"><span class='ocrx_word' id='word_1_107' title='bbox 462 1269 475 1280; x_wconf 88' lang='lat'><strong>·</strong></span> <span class='ocrx_word' id='word_1_108' title='bbox 570 1256 811 1334; x_wconf 88' lang='lat' dir='ltr'><strong>pliceter</strong></span> <span class='ocrx_word' id='word_1_109' title='bbox 836 1257 1063 1335; x_wconf 88' lang='lat' dir='ltr'><strong>lapsum</strong></span> <span class='ocrx_word' id='word_1_110' title='bbox 1094 1255 1311 1316; x_wconf 81' lang='lat' dir='ltr'><strong>Adami</strong></span> <span class='ocrx_word' id='word_1_111' title='bbox 1338 1265 1595 1317; x_wconf 89' lang='lat' dir='ltr'><strong>secutam</strong></span> <span class='ocrx_word' id='word_1_112' title='bbox 1621 1257 1802 1316; x_wconf 86' lang='lat' dir='ltr'><strong>fuisse</strong></span> <span class='ocrx_word' id='word_1_113' title='bbox 1833 1256 2158 1333; x_wconf 78' lang='lat' dir='ltr'><strong>statuimus,</strong></span> <span class='ocrx_word' id='word_1_114' title='bbox 2205 1265 2330 1317; x_wconf 88' lang='lat' dir='ltr'><strong>tum</strong></span> <span class='ocrx_word' id='word_1_115' title='bbox 2359 1257 2642 1316; x_wconf 60' lang='lat' dir='ltr'><strong>meritorie</strong></span> <span class='ocrx_word' id='word_1_116' title='bbox 2669 1265 2730 1316; x_wconf 90' lang='lat' dir='ltr'><strong>et</strong></span> <span class='ocrx_word' id='word_1_117' title='bbox 2758 1257 3016 1316; x_wconf 75' lang='lat' dir='ltr'><strong>morali-</strong></span> 
     </span>
    </p>
   </div>
   <div class='ocr_carea' id='block_1_4' title="bbox 568 1336 3012 4693">
    <p class='ocr_par' dir='ltr' id='par_1_6' title="bbox 570 1336 3012 1494">
     <span class='ocr_line' id='line_1_13' title="bbox 570 1336 3012 1416; baseline 0 -20"><span class='ocrx_word' id='word_1_118' title='bbox 570 1347 673 1413; x_wconf 77' lang='lat' dir='ltr'><strong>ter,</strong></span> <span class='ocrx_word' id='word_1_119' title='bbox 705 1346 942 1415; x_wconf 89' lang='lat' dir='ltr'><strong>propter</strong></span> <span class='ocrx_word' id='word_1_120' title='bbox 968 1336 1391 1397; x_wconf 80' lang='lat' dir='ltr'><strong>ordinationem</strong></span> <span class='ocrx_word' id='word_1_121' title='bbox 1424 1337 1701 1414; x_wconf 84' lang='lat' dir='ltr'><strong>divinam,</strong></span> <span class='ocrx_word' id='word_1_122' title='bbox 1733 1345 1857 1397; x_wconf 86' lang='lat' dir='ltr'><strong>tum</strong></span> <span class='ocrx_word' id='word_1_123' title='bbox 1887 1337 2185 1410; x_wconf 67' lang='lat' dir='ltr'><strong>efficienter</strong></span> <span class='ocrx_word' id='word_1_124' title='bbox 2213 1343 2272 1396; x_wconf 91' lang='lat' dir='ltr'><strong>et</strong></span> <span class='ocrx_word' id='word_1_125' title='bbox 2297 1338 2548 1413; x_wconf 75' lang='lat' dir='ltr'><strong>realiter,</strong></span> <span class='ocrx_word' id='word_1_126' title='bbox 2579 1344 2828 1416; x_wconf 87' lang='lat' dir='ltr'><strong>propter</strong></span> <span class='ocrx_word' id='word_1_127' title='bbox 2864 1357 3012 1415; x_wconf 86' lang='lat' dir='ltr'><strong>pec·</strong></span> 
     </span>
     <span class='ocr_line' id='line_1_14' title="bbox 576 1417 1283 1494; baseline -0.001 -18"><span class='ocrx_word' id='word_1_128' title='bbox 576 1417 693 1476; x_wconf 89' lang='lat' dir='ltr'><strong>cati</strong></span> <span class='ocrx_word' id='word_1_129' title='bbox 721 1417 890 1477; x_wconf 87' lang='lat' dir='ltr'><strong>istius</strong></span> <span class='ocrx_word' id='word_1_130' title='bbox 919 1417 1283 1494; x_wconf 88' lang='lat' dir='ltr'><strong>gravitatem.</strong></span> 
     </span>
    </p>

    <p class='ocr_par' dir='ltr' id='par_1_7' title="bbox 570 1496 3006 1974">
     <span class='ocr_line' id='line_1_15' title="bbox 653 1496 3006 1574; baseline -0 -17"><span class='ocrx_word' id='word_1_131' title='bbox 653 1498 766 1558; x_wconf 93' lang='lat' dir='ltr'><strong>VI.</strong></span> <span class='ocrx_word' id='word_1_132' title='bbox 812 1498 1093 1556; x_wconf 81' lang='lat' dir='ltr'><strong>Rationes</strong></span> <span class='ocrx_word' id='word_1_133' title='bbox 1122 1505 1274 1557; x_wconf 90' lang='lat' dir='ltr'><strong>sunt.</strong></span> <span class='ocrx_word' id='word_1_134' title='bbox 1322 1499 1375 1556; x_wconf 98' lang='grc'><strong>1.</strong></span> <span class='ocrx_word' id='word_1_135' title='bbox 1408 1496 1559 1572; x_wconf 88' lang='lat' dir='ltr'><strong>Quia</strong></span> <span class='ocrx_word' id='word_1_136' title='bbox 1597 1496 1707 1557; x_wconf 86' lang='lat' dir='ltr'><strong>fuit</strong></span> <span class='ocrx_word' id='word_1_137' title='bbox 1735 1496 1962 1556; x_wconf 77' lang='lat' dir='ltr'><strong>aversio</strong></span> <span class='ocrx_word' id='word_1_138' title='bbox 1991 1505 2050 1556; x_wconf 92' lang='lat' dir='ltr'><strong>et</strong></span> <span class='ocrx_word' id='word_1_139' title='bbox 2077 1496 2367 1574; x_wconf 85' lang='lat' dir='ltr'><strong>apostasia</strong></span> <span class='ocrx_word' id='word_1_140' title='bbox 2391 1497 2589 1557; x_wconf 83' lang='lat' dir='ltr'><strong>totalis</strong></span> <span class='ocrx_word' id='word_1_141' title='bbox 2625 1515 2662 1556; x_wconf 85' lang='lat' dir='ltr'><strong>a</strong></span> <span class='ocrx_word' id='word_1_142' title='bbox 2707 1497 2844 1556; x_wconf 89' lang='lat' dir='ltr'><strong>Deo</strong></span> <span class='ocrx_word' id='word_1_143' title='bbox 2871 1505 3006 1556; x_wconf 83' lang='lat' dir='ltr'><strong>tan-</strong></span> 
     </span>
     <span class='ocr_line' id='line_1_16' title="bbox 570 1577 3001 1670; baseline -0 -34"><span class='ocrx_word' id='word_1_144' title='bbox 570 1597 745 1656; x_wconf 87' lang='lat' dir='ltr'><strong>quam</strong></span> <span class='ocrx_word' id='word_1_145' title='bbox 774 1598 809 1636; x_wconf 89' lang='lat' dir='ltr'><strong>a</strong></span> <span class='ocrx_word' id='word_1_146' title='bbox 836 1597 1059 1636; x_wconf 85' lang='lat' dir='ltr'><strong>summo</strong></span> <span class='ocrx_word' id='word_1_147' title='bbox 1086 1577 1241 1636; x_wconf 90' lang='lat' dir='ltr'><strong>bono</strong></span> <span class='ocrx_word' id='word_1_148' title='bbox 1268 1586 1329 1637; x_wconf 90' lang='lat' dir='ltr'><strong>et</strong></span> <span class='ocrx_word' id='word_1_149' title='bbox 1353 1577 1559 1636; x_wconf 86' lang='lat' dir='ltr'><strong>ultimo</strong></span> <span class='ocrx_word' id='word_1_150' title='bbox 1586 1577 1740 1653; x_wconf 86' lang='lat' dir='ltr'><strong>fine;</strong></span> <span class='ocrx_word' id='word_1_151' title='bbox 1783 1585 2006 1637; x_wconf 89' lang='lat' dir='ltr'><strong>mutato</strong></span> <span class='ocrx_word' id='word_1_152' title='bbox 2035 1587 2228 1637; x_wconf 88' lang='lat' dir='ltr'><strong>autem</strong></span> <span class='ocrx_word' id='word_1_153' title='bbox 2254 1577 2369 1636; x_wconf 88' lang='lat' dir='ltr'><strong>fine</strong></span> <span class='ocrx_word' id='word_1_154' title='bbox 2396 1577 2618 1670; x_wconf 75' lang='lat' dir='ltr'><strong>ultimo,</strong></span> <span class='ocrx_word' id='word_1_155' title='bbox 2641 1577 2746 1654; x_wconf 89' lang='lat' dir='ltr'><strong>qui</strong></span> <span class='ocrx_word' id='word_1_156' title='bbox 2773 1577 2842 1635; x_wconf 90' lang='lat' dir='ltr'><strong>in</strong></span> <span class='ocrx_word' id='word_1_157' title='bbox 2869 1597 3001 1636; x_wconf 85' lang='lat' dir='ltr'><strong>mo·</strong></span> 
     </span>
     <span class='ocr_line' id='line_1_17' title="bbox 572 1623 3001 1735; baseline 0 -20"><span class='ocrx_word' id='word_1_158' title='bbox 572 1658 793 1716; x_wconf 88' lang='lat' dir='ltr'><strong>ralibus</strong></span> <span class='ocrx_word' id='word_1_159' title='bbox 833 1657 1101 1734; x_wconf 85' lang='lat' dir='ltr'><strong>principii</strong></span> <span class='ocrx_word' id='word_1_160' title='bbox 1140 1657 1637 1733; x_wconf 86' lang='lat' dir='ltr'><strong>universalissimi,</strong></span> <span class='ocrx_word' id='word_1_161' title='bbox 1689 1623 1846 1716; x_wconf 76' lang='grc' dir='ltr'>ιιίιᾶο</span> <span class='ocrx_word' id='word_1_162' title='bbox 1886 1657 2111 1734; x_wconf 86' lang='lat' dir='ltr'><strong>reliqua</strong></span> <span class='ocrx_word' id='word_1_163' title='bbox 2157 1657 2427 1735; x_wconf 88' lang='lat' dir='ltr'><strong>pendent,</strong></span> <span class='ocrx_word' id='word_1_164' title='bbox 2469 1657 2752 1716; x_wconf 88' lang='lat' dir='ltr'><strong>rationem</strong></span> <span class='ocrx_word' id='word_1_165' title='bbox 2793 1657 3001 1732; x_wconf 85' lang='lat' dir='ltr'><strong>habet,</strong></span> 
     </span>
     <span class='ocr_line' id='line_1_18' title="bbox 572 1735 3004 1815; baseline 0 -21"><span class='ocrx_word' id='word_1_166' title='bbox 572 1737 813 1794; x_wconf 87' lang='lat' dir='ltr'><strong>moralia</strong></span> <span class='ocrx_word' id='word_1_167' title='bbox 840 1735 1033 1794; x_wconf 89' lang='lat' dir='ltr'><strong>omnia</strong></span> <span class='ocrx_word' id='word_1_168' title='bbox 1059 1736 1273 1796; x_wconf 86' lang='lat' dir='ltr'><strong>mutari</strong></span> <span class='ocrx_word' id='word_1_169' title='bbox 1298 1755 1533 1796; x_wconf 89' lang='lat' dir='ltr'><strong>necesse</strong></span> <span class='ocrx_word' id='word_1_170' title='bbox 1562 1744 1669 1812; x_wconf 88' lang='lat' dir='ltr'><strong>est,</strong></span> <span class='ocrx_word' id='word_1_171' title='bbox 1699 1745 1772 1796; x_wconf 90' lang='lat' dir='ltr'><strong>ut</strong></span> <span class='ocrx_word' id='word_1_172' title='bbox 1791 1737 1916 1814; x_wconf 83' lang='lat' dir='ltr'><strong>jam</strong></span> <span class='ocrx_word' id='word_1_173' title='bbox 1943 1738 2117 1797; x_wconf 88' lang='lat' dir='ltr'><strong>homo</strong></span> <span class='ocrx_word' id='word_1_174' title='bbox 2145 1758 2182 1796; x_wconf 89' lang='lat' dir='ltr'><strong>a</strong></span> <span class='ocrx_word' id='word_1_175' title='bbox 2211 1738 2337 1796; x_wconf 91' lang='lat' dir='ltr'><strong>Deo</strong></span> <span class='ocrx_word' id='word_1_176' title='bbox 2363 1737 2535 1815; x_wconf 89' lang='lat' dir='ltr'><strong>plane</strong></span> <span class='ocrx_word' id='word_1_177' title='bbox 2563 1757 2808 1796; x_wconf 86' lang='lat' dir='ltr'><strong>aversus</strong></span> <span class='ocrx_word' id='word_1_178' title='bbox 2847 1747 2910 1796; x_wconf 91' lang='lat' dir='ltr'><strong>et</strong></span> <span class='ocrx_word' id='word_1_179' title='bbox 2939 1737 3004 1794; x_wconf 89' lang='lat' dir='ltr'><strong>in</strong></span> 
     </span>
     <span class='ocr_line' id='line_1_19' title="bbox 576 1816 3004 1895; baseline 0.001 -21"><span class='ocrx_word' id='word_1_180' title='bbox 576 1817 833 1894; x_wconf 88' lang='lat' dir='ltr'><strong>seipsum</strong></span> <span class='ocrx_word' id='word_1_181' title='bbox 854 1835 1186 1892; x_wconf 75' lang='lat' dir='ltr'><strong>conversae,</strong></span> <span class='ocrx_word' id='word_1_182' title='bbox 1213 1816 1285 1874; x_wconf 89' lang='lat' dir='ltr'><strong>de</strong></span> <span class='ocrx_word' id='word_1_183' title='bbox 1314 1824 1471 1876; x_wconf 88' lang='lat' dir='ltr'><strong>statu</strong></span> <span class='ocrx_word' id='word_1_184' title='bbox 1491 1835 1596 1875; x_wconf 89' lang='lat' dir='ltr'><strong>suo</strong></span> <span class='ocrx_word' id='word_1_185' title='bbox 1623 1817 1796 1876; x_wconf 91' lang='lat' dir='ltr'><strong>beato</strong></span> <span class='ocrx_word' id='word_1_186' title='bbox 1817 1816 2081 1876; x_wconf 84' lang='lat' dir='ltr'><strong>absolute</strong></span> <span class='ocrx_word' id='word_1_187' title='bbox 2109 1817 2466 1894; x_wconf 81' lang='lat' dir='ltr'><strong>deturbatus,</strong></span> <span class='ocrx_word' id='word_1_188' title='bbox 2489 1837 2598 1876; x_wconf 90' lang='lat' dir='ltr'><strong>nec</strong></span> <span class='ocrx_word' id='word_1_189' title='bbox 2618 1816 2680 1875; x_wconf 91' lang='lat' dir='ltr'><strong>in</strong></span> <span class='ocrx_word' id='word_1_190' title='bbox 2700 1817 3004 1895; x_wconf 86' lang='lat' dir='ltr'><strong>integrum</strong></span> 
     </span>
     <span class='ocr_line' id='line_1_20' title="bbox 578 1895 2321 1974; baseline 0.001 -20"><span class='ocrx_word' id='word_1_191' title='bbox 578 1896 807 1956; x_wconf 86' lang='lat' dir='ltr'><strong>restitui</strong></span> <span class='ocrx_word' id='word_1_192' title='bbox 834 1895 950 1954; x_wconf 90' lang='lat' dir='ltr'><strong>nisi</strong></span> <span class='ocrx_word' id='word_1_193' title='bbox 975 1915 1079 1972; x_wconf 85' lang='lat' dir='ltr'><strong>per</strong></span> <span class='ocrx_word' id='word_1_194' title='bbox 1108 1895 1221 1955; x_wconf 91' lang='lat' dir='ltr'><strong>Dei</strong></span> <span class='ocrx_word' id='word_1_195' title='bbox 1250 1896 1603 1974; x_wconf 81' lang='lat' dir='ltr'><strong>singularem</strong></span> <span class='ocrx_word' id='word_1_196' title='bbox 1628 1897 2084 1956; x_wconf 85' lang='lat' dir='ltr'><strong>misericordiam</strong></span> <span class='ocrx_word' id='word_1_197' title='bbox 2109 1898 2321 1956; x_wconf 86' lang='lat' dir='ltr'><strong>valeat.</strong></span> 
     </span>
    </p>

    <p class='ocr_par' dir='ltr' id='par_1_8' title="bbox 571 1975 2998 2695">
     <span class='ocr_line' id='line_1_21' title="bbox 657 1975 2997 2054; baseline -0 -19"><span class='ocrx_word' id='word_1_198' title='bbox 657 1976 803 2035; x_wconf 90' lang='lat' dir='ltr'><strong>VII.</strong></span> <span class='ocrx_word' id='word_1_199' title='bbox 853 1975 1137 2053; x_wconf 91' lang='lat' dir='ltr'><strong>Secundo,</strong></span> <span class='ocrx_word' id='word_1_200' title='bbox 1185 1975 1336 2050; x_wconf 85' lang='lat' dir='ltr'><strong>Quia</strong></span> <span class='ocrx_word' id='word_1_201' title='bbox 1377 1986 1678 2054; x_wconf 88' lang='lat' dir='ltr'><strong>peccatum</strong></span> <span class='ocrx_word' id='word_1_202' title='bbox 1707 1977 1867 2036; x_wconf 85' lang='lat' dir='ltr'><strong>istud</strong></span> <span class='ocrx_word' id='word_1_203' title='bbox 1904 1997 2024 2036; x_wconf 91' lang='lat' dir='ltr'><strong>non</strong></span> <span class='ocrx_word' id='word_1_204' title='bbox 2063 1976 2407 2054; x_wconf 75' lang='lat' dir='ltr'><strong>particulare</strong></span> <span class='ocrx_word' id='word_1_205' title='bbox 2449 1976 2574 2052; x_wconf 85' lang='lat' dir='ltr'><strong>fuit,</strong></span> <span class='ocrx_word' id='word_1_206' title='bbox 2607 1977 2712 2036; x_wconf 86' lang='lat' dir='ltr'><strong>sed</strong></span> <span class='ocrx_word' id='word_1_207' title='bbox 2753 1977 2997 2036; x_wconf 89' lang='lat' dir='ltr'><strong>univer-</strong></span> 
     </span>
     <span class='ocr_line' id='line_1_22' title="bbox 573 2056 2998 2135; baseline -0.001 -18"><span class='ocrx_word' id='word_1_208' title='bbox 573 2057 714 2131; x_wconf 85' lang='lat' dir='ltr'><strong>sale,</strong></span> <span class='ocrx_word' id='word_1_209' title='bbox 746 2056 905 2134; x_wconf 89' lang='lat' dir='ltr'><strong>quod</strong></span> <span class='ocrx_word' id='word_1_210' title='bbox 931 2056 1113 2115; x_wconf 89' lang='lat' dir='ltr'><strong>totius</strong></span> <span class='ocrx_word' id='word_1_211' title='bbox 1142 2056 1321 2134; x_wconf 86' lang='lat' dir='ltr'><strong>Legis</strong></span> <span class='ocrx_word' id='word_1_212' title='bbox 1348 2057 1724 2116; x_wconf 83' lang='lat' dir='ltr'><strong>violationem</strong></span> <span class='ocrx_word' id='word_1_213' title='bbox 1765 2065 1898 2134; x_wconf 91' lang='lat' dir='ltr'><strong>post</strong></span> <span class='ocrx_word' id='word_1_214' title='bbox 1931 2076 1994 2116; x_wconf 91' lang='lat' dir='ltr'><strong>se</strong></span> <span class='ocrx_word' id='word_1_215' title='bbox 2031 2057 2248 2135; x_wconf 81' lang='lat' dir='ltr'><strong>traxit3</strong></span> <span class='ocrx_word' id='word_1_216' title='bbox 2291 2056 2446 2117; x_wconf 90' lang='lat' dir='ltr'><strong>unde</strong></span> <span class='ocrx_word' id='word_1_217' title='bbox 2482 2076 2600 2114; x_wconf 90' lang='grc' dir='ltr'>ιιοιι</span> <span class='ocrx_word' id='word_1_218' title='bbox 2640 2059 2836 2134; x_wconf 84' lang='lat' dir='ltr'><strong>potuit</strong></span> <span class='ocrx_word' id='word_1_219' title='bbox 2875 2077 2998 2115; x_wconf 88' lang='lat' dir='ltr'><strong>non</strong></span> 
     </span>
     <span class='ocr_line' id='line_1_23' title="bbox 572 2135 2997 2214; baseline 0 -19"><span class='ocrx_word' id='word_1_220' title='bbox 572 2156 803 2196; x_wconf 90' lang='lat' dir='ltr'><strong>omnem</strong></span> <span class='ocrx_word' id='word_1_221' title='bbox 852 2135 1213 2196; x_wconf 88' lang='lat' dir='ltr'><strong>rectitudinis</strong></span> <span class='ocrx_word' id='word_1_222' title='bbox 1259 2136 1523 2196; x_wconf 87' lang='lat' dir='ltr'><strong>habitum</strong></span> <span class='ocrx_word' id='word_1_223' title='bbox 1568 2146 1858 2214; x_wconf 83' lang='lat' dir='ltr'><strong>excutere,</strong></span> <span class='ocrx_word' id='word_1_224' title='bbox 1907 2146 1965 2196; x_wconf 88' lang='lat' dir='ltr'><strong>et</strong></span> <span class='ocrx_word' id='word_1_225' title='bbox 2011 2137 2420 2197; x_wconf 87' lang='lat' dir='ltr'><strong>conscientiam</strong></span> <span class='ocrx_word' id='word_1_226' title='bbox 2464 2139 2592 2214; x_wconf 88' lang='lat' dir='ltr'><strong>ejus</strong></span> <span class='ocrx_word' id='word_1_227' title='bbox 2629 2145 2881 2213; x_wconf 85' lang='lat' dir='ltr'><strong>vastare,</strong></span> <span class='ocrx_word' id='word_1_228' title='bbox 2929 2147 2997 2196; x_wconf 90' lang='lat' dir='ltr'><strong>ut</strong></span> 
     </span>
     <span class='ocr_line' id='line_1_24' title="bbox 572 2215 2990 2295; baseline -0 -20"><span class='ocrx_word' id='word_1_229' title='bbox 572 2218 721 2275; x_wconf 88' lang='lat' dir='ltr'><strong>nihil</strong></span> <span class='ocrx_word' id='word_1_230' title='bbox 749 2224 1076 2294; x_wconf 84' lang='lat' dir='ltr'><strong>superesset</strong></span> <span class='ocrx_word' id='word_1_231' title='bbox 1104 2215 1336 2292; x_wconf 90' lang='lat' dir='ltr'><strong>residui,</strong></span> <span class='ocrx_word' id='word_1_232' title='bbox 1366 2217 1483 2276; x_wconf 90' lang='lat' dir='ltr'><strong>nisi</strong></span> <span class='ocrx_word' id='word_1_233' title='bbox 1508 2217 1758 2277; x_wconf 86' lang='lat' dir='ltr'><strong>infelicis</strong></span> <span class='ocrx_word' id='word_1_234' title='bbox 1785 2216 2075 2295; x_wconf 84' lang='lat' dir='ltr'><strong>naufragii</strong></span> <span class='ocrx_word' id='word_1_235' title='bbox 2101 2216 2316 2277; x_wconf 74' lang='lat' dir='ltr'><strong>tabulae</strong></span> <span class='ocrx_word' id='word_1_236' title='bbox 2363 2224 2423 2276; x_wconf 90' lang='lat' dir='ltr'><strong>et</strong></span> <span class='ocrx_word' id='word_1_237' title='bbox 2447 2216 2658 2276; x_wconf 86' lang='lat' dir='ltr'><strong>rudera</strong></span> <span class='ocrx_word' id='word_1_238' title='bbox 2697 2216 2990 2294; x_wconf 71' lang='lat' dir='ltr'><strong>quaedam,</strong></span> 
     </span>
     <span class='ocr_line' id='line_1_25' title="bbox 572 2296 2994 2375; baseline -0.001 -19"><span class='ocrx_word' id='word_1_239' title='bbox 572 2317 703 2375; x_wconf 71' lang='lat' dir='ltr'><strong>quse</strong></span> <span class='ocrx_word' id='word_1_240' title='bbox 734 2297 897 2356; x_wconf 89' lang='lat' dir='ltr'><strong>Deus</strong></span> <span class='ocrx_word' id='word_1_241' title='bbox 942 2315 1242 2373; x_wconf 86' lang='lat' dir='ltr'><strong>superesse</strong></span> <span class='ocrx_word' id='word_1_242' title='bbox 1284 2296 1473 2356; x_wconf 88' lang='lat' dir='ltr'><strong>adhuc</strong></span> <span class='ocrx_word' id='word_1_243' title='bbox 1500 2296 1722 2373; x_wconf 88' lang='lat' dir='ltr'><strong>voluit;</strong></span> <span class='ocrx_word' id='word_1_244' title='bbox 1765 2305 1892 2356; x_wconf 90' lang='lat' dir='ltr'><strong>tum</strong></span> <span class='ocrx_word' id='word_1_245' title='bbox 1917 2306 1984 2357; x_wconf 88' lang='lat' dir='ltr'><strong>ut</strong></span> <span class='ocrx_word' id='word_1_246' title='bbox 2021 2317 2096 2356; x_wconf 85' lang='lat' dir='ltr'><strong>ex</strong></span> <span class='ocrx_word' id='word_1_247' title='bbox 2134 2297 2208 2356; x_wconf 91' lang='lat' dir='ltr'><strong>iis</strong></span> <span class='ocrx_word' id='word_1_248' title='bbox 2252 2297 2494 2374; x_wconf 78' lang='lat' dir='ltr'><strong>integrae</strong></span> <span class='ocrx_word' id='word_1_249' title='bbox 2535 2297 2675 2354; x_wconf 89' lang='lat' dir='ltr'><strong>olim</strong></span> <span class='ocrx_word' id='word_1_250' title='bbox 2713 2296 2994 2374; x_wconf 86' lang='lat' dir='ltr'><strong>imaginis</strong></span> 
     </span>
     <span class='ocr_line' id='line_1_26' title="bbox 572 2376 2992 2455; baseline -0 -20"><span class='ocrx_word' id='word_1_251' title='bbox 572 2377 907 2455; x_wconf 73' lang='lat' dir='ltr'><strong>praestantia</strong></span> <span class='ocrx_word' id='word_1_252' title='bbox 934 2385 1361 2454; x_wconf 87' lang='lat' dir='ltr'><strong>agnosceretur,</strong></span> <span class='ocrx_word' id='word_1_253' title='bbox 1392 2385 1517 2435; x_wconf 90' lang='lat' dir='ltr'><strong>tum</strong></span> <span class='ocrx_word' id='word_1_254' title='bbox 1544 2385 1609 2436; x_wconf 90' lang='lat' dir='ltr'><strong>ut</strong></span> <span class='ocrx_word' id='word_1_255' title='bbox 1637 2384 1793 2436; x_wconf 87' lang='lat' dir='ltr'><strong>esset</strong></span> <span class='ocrx_word' id='word_1_256' title='bbox 1819 2377 2116 2436; x_wconf 86' lang='lat' dir='ltr'><strong>vinculum</strong></span> <span class='ocrx_word' id='word_1_257' title='bbox 2145 2383 2402 2436; x_wconf 60' lang='lat' dir='ltr'><strong>externae</strong></span> <span class='ocrx_word' id='word_1_258' title='bbox 2429 2376 2750 2454; x_wconf 74' lang='lat' dir='ltr'><strong>disciplinae</strong></span> <span class='ocrx_word' id='word_1_259' title='bbox 2791 2376 2855 2434; x_wconf 87' lang='lat' dir='ltr'><strong>in</strong></span> <span class='ocrx_word' id='word_1_260' title='bbox 2897 2396 2992 2435; x_wconf 88' lang='lat' dir='ltr'><strong>so-</strong></span> 
     </span>
     <span class='ocr_line' id='line_1_27' title="bbox 573 2455 2994 2535; baseline -0.001 -19"><span class='ocrx_word' id='word_1_261' title='bbox 573 2457 781 2516; x_wconf 87' lang='lat' dir='ltr'><strong>cietate</strong></span> <span class='ocrx_word' id='word_1_262' title='bbox 808 2456 1061 2535; x_wconf 87' lang='lat' dir='ltr'><strong>politica,</strong></span> <span class='ocrx_word' id='word_1_263' title='bbox 1092 2477 1165 2515; x_wconf 92' lang='lat' dir='ltr'><strong>ne</strong></span> <span class='ocrx_word' id='word_1_264' title='bbox 1192 2456 1444 2516; x_wconf 84' lang='lat' dir='ltr'><strong>mundus</strong></span> <span class='ocrx_word' id='word_1_265' title='bbox 1471 2457 1531 2514; x_wconf 89' lang='lat' dir='ltr'><strong>in</strong></span> <span class='ocrx_word' id='word_1_266' title='bbox 1568 2456 1934 2516; x_wconf 87' lang='lat' dir='ltr'><strong>latrocinium</strong></span> <span class='ocrx_word' id='word_1_267' title='bbox 1977 2457 2195 2533; x_wconf 88' lang='lat' dir='ltr'><strong>abiret;</strong></span> <span class='ocrx_word' id='word_1_268' title='bbox 2239 2464 2364 2516; x_wconf 88' lang='lat' dir='ltr'><strong>tum</strong></span> <span class='ocrx_word' id='word_1_269' title='bbox 2403 2464 2469 2515; x_wconf 88' lang='lat' dir='ltr'><strong>nt</strong></span> <span class='ocrx_word' id='word_1_270' title='bbox 2515 2475 2590 2516; x_wconf 82' lang='lat' dir='ltr'><strong>ex</strong></span> <span class='ocrx_word' id='word_1_271' title='bbox 2633 2455 2753 2515; x_wconf 84' lang='lat' dir='ltr'><strong>illis</strong></span> <span class='ocrx_word' id='word_1_272' title='bbox 2801 2455 2994 2515; x_wconf 84' lang='lat' dir='ltr'><strong>veluti</strong></span> 
     </span>
     <span class='ocr_line' id='line_1_28' title="bbox 571 2535 2988 2615; baseline -0.002 -17"><span class='ocrx_word' id='word_1_273' title='bbox 571 2537 755 2598; x_wconf 86' lang='lat' dir='ltr'><strong>ruinis</strong></span> <span class='ocrx_word' id='word_1_274' title='bbox 782 2556 999 2594; x_wconf 90' lang='lat' dir='ltr'><strong>novum</strong></span> <span class='ocrx_word' id='word_1_275' title='bbox 1028 2555 1173 2615; x_wconf 88' lang='lat' dir='ltr'><strong>opus</strong></span> <span class='ocrx_word' id='word_1_276' title='bbox 1200 2544 1517 2613; x_wconf 81' lang='lat' dir='ltr'><strong>exemeret,</strong></span> <span class='ocrx_word' id='word_1_277' title='bbox 1548 2544 1607 2596; x_wconf 90' lang='lat' dir='ltr'><strong>et</strong></span> <span class='ocrx_word' id='word_1_278' title='bbox 1642 2556 1862 2596; x_wconf 88' lang='lat' dir='ltr'><strong>novum</strong></span> <span class='ocrx_word' id='word_1_279' title='bbox 1903 2537 2196 2595; x_wconf 88' lang='lat' dir='ltr'><strong>hominem</strong></span> <span class='ocrx_word' id='word_1_280' title='bbox 2233 2536 2506 2596; x_wconf 86' lang='lat' dir='ltr'><strong>formaret</strong></span> <span class='ocrx_word' id='word_1_281' title='bbox 2551 2536 2631 2595; x_wconf 85' lang='lat' dir='ltr'><strong>ad</strong></span> <span class='ocrx_word' id='word_1_282' title='bbox 2668 2535 2988 2615; x_wconf 87' lang='lat' dir='ltr'><strong>imaginem</strong></span> 
     </span>
     <span class='ocr_line' id='line_1_29' title="bbox 585 2616 2236 2695; baseline 0 -18"><span class='ocrx_word' id='word_1_283' title='bbox 585 2617 829 2677; x_wconf 88' lang='lat' dir='ltr'><strong>eandem</strong></span> <span class='ocrx_word' id='word_1_284' title='bbox 856 2616 934 2675; x_wconf 91' lang='lat' dir='ltr'><strong>ad</strong></span> <span class='ocrx_word' id='word_1_285' title='bbox 960 2636 1135 2693; x_wconf 83' lang='lat' dir='ltr'><strong>quam</strong></span> <span class='ocrx_word' id='word_1_286' title='bbox 1162 2618 1321 2695; x_wconf 89' lang='lat' dir='ltr'><strong>prius</strong></span> <span class='ocrx_word' id='word_1_287' title='bbox 1348 2637 1576 2677; x_wconf 87' lang='lat' dir='ltr'><strong>eramus</strong></span> <span class='ocrx_word' id='word_1_288' title='bbox 1604 2616 1839 2694; x_wconf 85' lang='lat' dir='ltr'><strong>conditi,</strong></span> <span class='ocrx_word' id='word_1_289' title='bbox 1873 2617 1997 2677; x_wconf 89' lang='lat' dir='ltr'><strong>Col.</strong></span> <span class='ocrx_word' id='word_1_290' title='bbox 2027 2617 2108 2676; x_wconf 89' lang='lat' dir='ltr'><strong>iii.</strong></span> <span class='ocrx_word' id='word_1_291' title='bbox 2143 2619 2236 2677; x_wconf 89' lang='grc'><strong>10.</strong></span> 
     </span>
    </p>

    <p class='ocr_par' dir='ltr' id='par_1_9' title="bbox 572 2696 2988 3252">
     <span class='ocr_line' id='line_1_30' title="bbox 655 2696 2987 2775; baseline -0 -18"><span class='ocrx_word' id='word_1_292' title='bbox 655 2698 839 2757; x_wconf 93' lang='lat' dir='ltr'>VIII.</span> <span class='ocrx_word' id='word_1_293' title='bbox 884 2696 1097 2774; x_wconf 82' lang='lat' dir='ltr'><strong>TertiO,</strong></span> <span class='ocrx_word' id='word_1_294' title='bbox 1130 2698 1281 2772; x_wconf 84' lang='lat' dir='ltr'><strong>Quia</strong></span> <span class='ocrx_word' id='word_1_295' title='bbox 1307 2698 1541 2757; x_wconf 87' lang='lat' dir='ltr'><strong>nuditas</strong></span> <span class='ocrx_word' id='word_1_296' title='bbox 1566 2698 1867 2757; x_wconf 88' lang='lat' dir='ltr'><strong>hominum</strong></span> <span class='ocrx_word' id='word_1_297' title='bbox 1898 2698 2192 2775; x_wconf 85' lang='lat' dir='ltr'><strong>lapsorum</strong></span> <span class='ocrx_word' id='word_1_298' title='bbox 2231 2696 2460 2757; x_wconf 84' lang='lat' dir='ltr'><strong>notavit</strong></span> <span class='ocrx_word' id='word_1_299' title='bbox 2485 2697 2854 2757; x_wconf 82' lang='lat' dir='ltr'><strong>amissionem</strong></span> <span class='ocrx_word' id='word_1_300' title='bbox 2882 2716 2987 2757; x_wconf 88' lang='lat' dir='ltr'><strong>seu</strong></span> 
     </span>
     <span class='ocr_line' id='line_1_31' title="bbox 572 2777 2988 2870; baseline 0.001 -35"><span class='ocrx_word' id='word_1_301' title='bbox 572 2778 967 2870; x_wconf 82' lang='lat' dir='ltr'><strong>privationem</strong></span> <span class='ocrx_word' id='word_1_302' title='bbox 984 2778 1285 2855; x_wconf 88' lang='lat' dir='ltr'><strong>bonorum,</strong></span> <span class='ocrx_word' id='word_1_303' title='bbox 1316 2778 1527 2855; x_wconf 89' lang='lat' dir='ltr'><strong>quibus</strong></span> <span class='ocrx_word' id='word_1_304' title='bbox 1554 2777 1889 2855; x_wconf 86' lang='lat' dir='ltr'><strong>gaudebant</strong></span> <span class='ocrx_word' id='word_1_305' title='bbox 1915 2786 2102 2837; x_wconf 89' lang='lat' dir='ltr'><strong>antea.</strong></span> <span class='ocrx_word' id='word_1_306' title='bbox 2173 2778 2254 2836; x_wconf 91' lang='lat' dir='ltr'><strong>Et</strong></span> <span class='ocrx_word' id='word_1_307' title='bbox 2279 2778 2558 2837; x_wconf 88' lang='lat' dir='ltr'><strong>nuditatis</strong></span> <span class='ocrx_word' id='word_1_308' title='bbox 2585 2777 2755 2836; x_wconf 85' lang='lat' dir='ltr'><strong>istius</strong></span> <span class='ocrx_word' id='word_1_309' title='bbox 2783 2797 2988 2837; x_wconf 84' lang='lat' dir='ltr'><strong>sensus</strong></span> 
     </span>
     <span class='ocr_line' id='line_1_32' title="bbox 572 2856 2985 2936; baseline -0.001 -18"><span class='ocrx_word' id='word_1_310' title='bbox 572 2867 633 2918; x_wconf 91' lang='lat' dir='ltr'><strong>et</strong></span> <span class='ocrx_word' id='word_1_311' title='bbox 658 2858 861 2936; x_wconf 89' lang='lat' dir='ltr'><strong>pudor,</strong></span> <span class='ocrx_word' id='word_1_312' title='bbox 894 2856 1158 2934; x_wconf 84' lang='lat' dir='ltr'><strong>aliquid</strong></span> <span class='ocrx_word' id='word_1_313' title='bbox 1143 2877 1204 2916; x_wconf 90' lang='grc' dir='ltr'><strong>ιιι</strong></span> <span class='ocrx_word' id='word_1_314' title='bbox 1230 2858 1461 2917; x_wconf 85' lang='lat' dir='ltr'><strong>homine</strong></span> <span class='ocrx_word' id='word_1_315' title='bbox 1488 2856 1825 2935; x_wconf 89' lang='lat' dir='ltr'><strong>pudendum</strong></span> <span class='ocrx_word' id='word_1_316' title='bbox 1853 2858 2149 2934; x_wconf 87' lang='lat' dir='ltr'><strong>arguebat,</strong></span> <span class='ocrx_word' id='word_1_317' title='bbox 2181 2857 2352 2934; x_wconf 89' lang='lat' dir='ltr'><strong>quale</strong></span> <span class='ocrx_word' id='word_1_318' title='bbox 2387 2858 2451 2915; x_wconf 89' lang='lat' dir='ltr'><strong>in</strong></span> <span class='ocrx_word' id='word_1_319' title='bbox 2493 2857 2604 2916; x_wconf 91' lang='lat' dir='ltr'><strong>Dei</strong></span> <span class='ocrx_word' id='word_1_320' title='bbox 2646 2876 2817 2933; x_wconf 89' lang='lat' dir='ltr'><strong>opere</strong></span> <span class='ocrx_word' id='word_1_321' title='bbox 2859 2858 2985 2916; x_wconf 87' lang='lat' dir='ltr'><strong>sine</strong></span> 
     </span>
     <span class='ocr_line' id='line_1_33' title="bbox 574 2936 2980 3014; baseline -0.002 -15"><span class='ocrx_word' id='word_1_322' title='bbox 574 2938 863 2999; x_wconf 87' lang='lat' dir='ltr'><strong>Creatoris</strong></span> <span class='ocrx_word' id='word_1_323' title='bbox 892 2936 1255 2996; x_wconf 84' lang='lat' dir='ltr'><strong>Contumelia</strong></span> <span class='ocrx_word' id='word_1_324' title='bbox 1296 2938 1539 3013; x_wconf 86' lang='lat' dir='ltr'><strong>cogitari</strong></span> <span class='ocrx_word' id='word_1_325' title='bbox 1564 2956 1684 2995; x_wconf 91' lang='lat' dir='ltr'><strong>non</strong></span> <span class='ocrx_word' id='word_1_326' title='bbox 1709 2944 1917 3014; x_wconf 88' lang='lat' dir='ltr'><strong>potest,</strong></span> <span class='ocrx_word' id='word_1_327' title='bbox 1948 2936 2106 3014; x_wconf 92' lang='lat' dir='ltr'><strong>quod</strong></span> <span class='ocrx_word' id='word_1_328' title='bbox 2133 2958 2250 2996; x_wconf 90' lang='lat' dir='ltr'><strong>non</strong></span> <span class='ocrx_word' id='word_1_329' title='bbox 2277 2944 2398 2995; x_wconf 87' lang='lat' dir='ltr'><strong>tam</strong></span> <span class='ocrx_word' id='word_1_330' title='bbox 2425 2936 2534 2995; x_wconf 85' lang='lat' dir='ltr'><strong>fuit</strong></span> <span class='ocrx_word' id='word_1_331' title='bbox 2578 2936 2813 2995; x_wconf 87' lang='lat' dir='ltr'><strong>nuditas</strong></span> <span class='ocrx_word' id='word_1_332' title='bbox 2841 2938 2980 2997; x_wconf 91' lang='lat' dir='ltr'><strong>Cor-</strong></span> 
     </span>
     <span class='ocr_line' id='line_1_34' title="bbox 576 3015 2982 3109; baseline -0 -33"><span class='ocrx_word' id='word_1_333' title='bbox 576 3018 754 3095; x_wconf 84' lang='lat' dir='ltr'><strong>poris,</strong></span> <span class='ocrx_word' id='word_1_334' title='bbox 786 3036 916 3094; x_wconf 78' lang='lat' dir='ltr'><strong>quae</strong></span> <span class='ocrx_word' id='word_1_335' title='bbox 943 3035 1048 3094; x_wconf 90' lang='lat' dir='ltr'><strong>per</strong></span> <span class='ocrx_word' id='word_1_336' title='bbox 1075 3036 1138 3075; x_wconf 92' lang='lat' dir='ltr'><strong>se</strong></span> <span class='ocrx_word' id='word_1_337' title='bbox 1166 3015 1499 3074; x_wconf 86' lang='lat' dir='ltr'><strong>indifferens</strong></span> <span class='ocrx_word' id='word_1_338' title='bbox 1528 3015 1700 3091; x_wconf 79' lang='lat' dir='ltr'><strong>fuit,&#39;</strong></span> <span class='ocrx_word' id='word_1_339' title='bbox 1683 3035 1800 3074; x_wconf 90' lang='grc' dir='ltr'>ιιιιο</span> <span class='ocrx_word' id='word_1_340' title='bbox 1828 3035 1957 3093; x_wconf 75' lang='lat' dir='ltr'><strong>quse</strong></span> <span class='ocrx_word' id='word_1_341' title='bbox 1985 3017 2173 3094; x_wconf 89' lang='lat' dir='ltr'><strong>potuit</strong></span> <span class='ocrx_word' id='word_1_342' title='bbox 2201 3035 2327 3076; x_wconf 89' lang='lat' dir='ltr'><strong>esse</strong></span> <span class='ocrx_word' id='word_1_343' title='bbox 2355 3016 2624 3109; x_wconf 87' lang='lat' dir='ltr'><strong>gloriosa,</strong></span> <span class='ocrx_word' id='word_1_344' title='bbox 2655 3036 2830 3093; x_wconf 87' lang='lat' dir='ltr'><strong>quam</strong></span> <span class='ocrx_word' id='word_1_345' title='bbox 2875 3037 2982 3075; x_wconf 85' lang='lat' dir='ltr'><strong>nu-</strong></span> 
     </span>
     <span class='ocr_line' id='line_1_35' title="bbox 574 3093 2980 3175; baseline 0 -20"><span class='ocrx_word' id='word_1_346' title='bbox 574 3096 729 3156; x_wconf 89' lang='lat' dir='ltr'><strong>ditas</strong></span> <span class='ocrx_word' id='word_1_347' title='bbox 757 3095 963 3155; x_wconf 77' lang='lat' dir='ltr'><strong>animae</strong></span> <span class='ocrx_word' id='word_1_348' title='bbox 992 3115 1068 3154; x_wconf 86' lang='lat' dir='ltr'><strong>ex</strong></span> <span class='ocrx_word' id='word_1_349' title='bbox 1094 3093 1419 3173; x_wconf 89' lang='lat' dir='ltr'><strong>privatione</strong></span> <span class='ocrx_word' id='word_1_350' title='bbox 1446 3094 1669 3154; x_wconf 90' lang='lat' dir='ltr'><strong>dotium</strong></span> <span class='ocrx_word' id='word_1_351' title='bbox 1697 3094 2039 3155; x_wconf 85' lang='lat' dir='ltr'><strong>eximiarum</strong></span> <span class='ocrx_word' id='word_1_352' title='bbox 2068 3097 2279 3175; x_wconf 85' lang='lat' dir='ltr'><strong>quibus</strong></span> <span class='ocrx_word' id='word_1_353' title='bbox 2315 3096 2500 3155; x_wconf 91' lang='lat' dir='ltr'><strong>veluti</strong></span> <span class='ocrx_word' id='word_1_354' title='bbox 2545 3095 2750 3156; x_wconf 85' lang='lat' dir='ltr'><strong>induta</strong></span> <span class='ocrx_word' id='word_1_355' title='bbox 2795 3104 2854 3155; x_wconf 92' lang='lat' dir='ltr'><strong>et</strong></span> <span class='ocrx_word' id='word_1_356' title='bbox 2879 3116 2980 3156; x_wconf 83' lang='lat' dir='ltr'><strong>ex-</strong></span> 
     </span>
     <span class='ocr_line' id='line_1_36' title="bbox 575 3174 2521 3252; baseline 0.001 -18"><span class='ocrx_word' id='word_1_357' title='bbox 575 3184 782 3235; x_wconf 86' lang='lat' dir='ltr'><strong>ornata</strong></span> <span class='ocrx_word' id='word_1_358' title='bbox 810 3174 1034 3250; x_wconf 85' lang='lat' dir='ltr'><strong>fuerat,</strong></span> <span class='ocrx_word' id='word_1_359' title='bbox 1076 3182 1314 3252; x_wconf 87' lang='lat' dir='ltr'><strong>propter</strong></span> <span class='ocrx_word' id='word_1_360' title='bbox 1337 3194 1513 3252; x_wconf 86' lang='lat' dir='ltr'><strong>quam</strong></span> <span class='ocrx_word' id='word_1_361' title='bbox 1540 3174 1746 3235; x_wconf 87' lang='lat' dir='ltr'><strong>merito</strong></span> <span class='ocrx_word' id='word_1_362' title='bbox 1774 3174 1992 3252; x_wconf 90' lang='lat' dir='ltr'><strong>pudore</strong></span> <span class='ocrx_word' id='word_1_363' title='bbox 2021 3175 2277 3235; x_wconf 83' lang='lat' dir='ltr'><strong>suffundi</strong></span> <span class='ocrx_word' id='word_1_364' title='bbox 2304 3175 2521 3235; x_wconf 87' lang='lat' dir='ltr'><strong>debuit.</strong></span> 
     </span>
    </p>

    <p class='ocr_par' dir='ltr' id='par_1_10' title="bbox 568 3254 2975 3574">
     <span class='ocr_line' id='line_1_37' title="bbox 655 3254 2975 3334; baseline 0 -20"><span class='ocrx_word' id='word_1_365' title='bbox 655 3256 777 3314; x_wconf 94' lang='lat' dir='ltr'><strong>IX.</strong></span> <span class='ocrx_word' id='word_1_366' title='bbox 821 3255 1058 3329; x_wconf 78' lang='lat' dir='ltr'><strong>QuartO,</strong></span> <span class='ocrx_word' id='word_1_367' title='bbox 1090 3254 1242 3329; x_wconf 89' lang='lat' dir='ltr'><strong>Quia</strong></span> <span class='ocrx_word' id='word_1_368' title='bbox 1271 3255 1432 3314; x_wconf 90' lang='lat' dir='ltr'><strong>Deus</strong></span> <span class='ocrx_word' id='word_1_369' title='bbox 1458 3255 1608 3314; x_wconf 83' lang='lat' dir='ltr'><strong>hanc</strong></span> <span class='ocrx_word' id='word_1_370' title='bbox 1644 3254 2030 3333; x_wconf 84' lang='lat' dir='ltr'><strong>privationem</strong></span> <span class='ocrx_word' id='word_1_371' title='bbox 2075 3256 2164 3314; x_wconf 82' lang='lat' dir='ltr'><strong>illi</strong></span> <span class='ocrx_word' id='word_1_372' title='bbox 2203 3256 2605 3315; x_wconf 87' lang='lat' dir='ltr'><strong>interminatus</strong></span> <span class='ocrx_word' id='word_1_373' title='bbox 2653 3264 2781 3334; x_wconf 86' lang='lat' dir='ltr'><strong>est;</strong></span> <span class='ocrx_word' id='word_1_374' title='bbox 2823 3274 2975 3315; x_wconf 88' lang='lat' dir='ltr'><strong>mors</strong></span> 
     </span>
     <span class='ocr_line' id='line_1_38' title="bbox 573 3333 2972 3427; baseline 0 -32"><span class='ocrx_word' id='word_1_375' title='bbox 573 3336 728 3395; x_wconf 89' lang='lat' dir='ltr'><strong>enim</strong></span> <span class='ocrx_word' id='word_1_376' title='bbox 756 3353 931 3427; x_wconf 88' lang='lat' dir='ltr'><strong>quam</strong></span> <span class='ocrx_word' id='word_1_377' title='bbox 956 3333 1047 3392; x_wconf 93' lang='lat' dir='ltr'><strong>illi</strong></span> <span class='ocrx_word' id='word_1_378' title='bbox 1072 3335 1337 3411; x_wconf 86' lang='lat' dir='ltr'><strong>peccanti</strong></span> <span class='ocrx_word' id='word_1_379' title='bbox 1364 3334 1753 3412; x_wconf 83' lang='lat' dir='ltr'><strong>denunciavit,</strong></span> <span class='ocrx_word' id='word_1_380' title='bbox 1789 3354 1908 3393; x_wconf 90' lang='grc' dir='ltr'>ιιοιι</span> <span class='ocrx_word' id='word_1_381' title='bbox 1933 3337 2126 3395; x_wconf 88' lang='lat' dir='ltr'><strong>minus</strong></span> <span class='ocrx_word' id='word_1_382' title='bbox 2168 3335 2570 3413; x_wconf 83' lang='lat' dir='ltr'><strong>spiritualem&#39;</strong></span> <span class='ocrx_word' id='word_1_383' title='bbox 2552 3356 2614 3393; x_wconf 89' lang='grc' dir='ltr'><strong>ιιι</strong></span> <span class='ocrx_word' id='word_1_384' title='bbox 2637 3336 2972 3414; x_wconf 84' lang='lat' dir='ltr'><strong>&#39;privatione</strong></span> 
     </span>
     <span class='ocr_line' id='line_1_39' title="bbox 568 3413 2972 3494; baseline 0 -20"><span class='ocrx_word' id='word_1_385' title='bbox 568 3415 814 3493; x_wconf 71' lang='lat' dir='ltr'><strong>justitiae</strong></span> <span class='ocrx_word' id='word_1_386' title='bbox 844 3413 1159 3492; x_wconf 89' lang='lat' dir='ltr'><strong>originalis,</strong></span> <span class='ocrx_word' id='word_1_387' title='bbox 1192 3423 1252 3475; x_wconf 88' lang='lat' dir='ltr'><strong>et</strong></span> <span class='ocrx_word' id='word_1_388' title='bbox 1280 3423 1435 3476; x_wconf 85' lang='lat' dir='ltr'><strong>statu</strong></span> <span class='ocrx_word' id='word_1_389' title='bbox 1470 3416 1711 3493; x_wconf 85' lang='lat' dir='ltr'><strong>peccati,</strong></span> <span class='ocrx_word' id='word_1_390' title='bbox 1759 3436 1934 3494; x_wconf 87' lang='lat' dir='ltr'><strong>quam</strong></span> <span class='ocrx_word' id='word_1_391' title='bbox 1977 3416 2352 3493; x_wconf 87' lang='lat' dir='ltr'><strong>temporalem</strong></span> <span class='ocrx_word' id='word_1_392' title='bbox 2396 3424 2456 3475; x_wconf 91' lang='lat' dir='ltr'><strong>et</strong></span> <span class='ocrx_word' id='word_1_393' title='bbox 2503 3424 2776 3475; x_wconf 71' lang='lat' dir='ltr'><strong>aeternam</strong></span> <span class='ocrx_word' id='word_1_394' title='bbox 2825 3436 2972 3475; x_wconf 87' lang='lat' dir='ltr'><strong>com-</strong></span> 
     </span>
     <span class='ocr_line' id='line_1_40' title="bbox 573 3495 1676 3574; baseline 0.002 -20"><span class='ocrx_word' id='word_1_395' title='bbox 573 3496 949 3574; x_wconf 87' lang='lat' dir='ltr'><strong>plectebatur,</strong></span> <span class='ocrx_word' id='word_1_396' title='bbox 981 3504 1047 3555; x_wconf 85' lang='grc' dir='ltr'><strong>ιιι</strong></span> <span class='ocrx_word' id='word_1_397' title='bbox 1075 3516 1179 3556; x_wconf 91' lang='lat' dir='ltr'><strong>suo</strong></span> <span class='ocrx_word' id='word_1_398' title='bbox 1206 3495 1337 3555; x_wconf 92' lang='lat' dir='ltr'><strong>loco</strong></span> <span class='ocrx_word' id='word_1_399' title='bbox 1365 3496 1676 3556; x_wconf 85' lang='lat' dir='ltr'><strong>videbitur.</strong></span> 
     </span>
    </p>

    <p class='ocr_par' dir='ltr' id='par_1_11' title="bbox 569 3574 2973 4133">
     <span class='ocr_line' id='line_1_41' title="bbox 654 3574 2972 3654; baseline -0 -19"><span class='ocrx_word' id='word_1_400' title='bbox 654 3576 739 3635; x_wconf 88' lang='lat' dir='ltr'><strong>X.</strong></span> <span class='ocrx_word' id='word_1_401' title='bbox 785 3575 1017 3652; x_wconf 88' lang='lat' dir='ltr'><strong>Quinto,</strong></span> <span class='ocrx_word' id='word_1_402' title='bbox 1050 3576 1199 3652; x_wconf 88' lang='lat' dir='ltr'><strong>Quia</strong></span> <span class='ocrx_word' id='word_1_403' title='bbox 1227 3576 1415 3654; x_wconf 84' lang='lat' dir='ltr'><strong>qualis</strong></span> <span class='ocrx_word' id='word_1_404' title='bbox 1442 3576 1616 3635; x_wconf 92' lang='lat' dir='ltr'><strong>homo</strong></span> <span class='ocrx_word' id='word_1_405' title='bbox 1657 3575 1915 3635; x_wconf 86' lang='lat' dir='ltr'><strong>nascitur</strong></span> <span class='ocrx_word' id='word_1_406' title='bbox 1959 3575 2150 3651; x_wconf 86' lang='lat' dir='ltr'><strong>hodie,</strong></span> <span class='ocrx_word' id='word_1_407' title='bbox 2197 3575 2334 3635; x_wconf 84' lang='lat' dir='ltr'><strong>talis</strong></span> <span class='ocrx_word' id='word_1_408' title='bbox 2381 3574 2491 3635; x_wconf 86' lang='lat' dir='ltr'><strong>fuit</strong></span> <span class='ocrx_word' id='word_1_409' title='bbox 2539 3574 2805 3634; x_wconf 87' lang='lat' dir='ltr'><strong>Adamus</strong></span> <span class='ocrx_word' id='word_1_410' title='bbox 2847 3584 2972 3652; x_wconf 86' lang='lat' dir='ltr'><strong>post</strong></span> 
     </span>
     <span class='ocr_line' id='line_1_42' title="bbox 569 3654 2970 3735; baseline -0.001 -19"><span class='ocrx_word' id='word_1_411' title='bbox 569 3657 815 3735; x_wconf 90' lang='lat' dir='ltr'><strong>lapsum,</strong></span> <span class='ocrx_word' id='word_1_412' title='bbox 847 3655 1132 3735; x_wconf 88' lang='lat' dir='ltr'><strong>siquidem</strong></span> <span class='ocrx_word' id='word_1_413' title='bbox 1149 3655 1427 3734; x_wconf 89' lang='lat' dir='ltr'><strong>quicquid</strong></span> <span class='ocrx_word' id='word_1_414' title='bbox 1451 3656 1629 3716; x_wconf 89' lang='lat' dir='ltr'><strong>habet</strong></span> <span class='ocrx_word' id='word_1_415' title='bbox 1657 3676 1692 3715; x_wconf 87' lang='lat' dir='ltr'><strong>a</strong></span> <span class='ocrx_word' id='word_1_416' title='bbox 1719 3663 1940 3731; x_wconf 85' lang='lat' dir='ltr'><strong>natura,</strong></span> <span class='ocrx_word' id='word_1_417' title='bbox 1971 3655 2090 3714; x_wconf 88' lang='lat' dir='ltr'><strong>ab</strong></span> <span class='ocrx_word' id='word_1_418' title='bbox 2073 3674 2200 3733; x_wconf 80' lang='lat' dir='ltr'><strong>ipso</strong></span> <span class='ocrx_word' id='word_1_419' title='bbox 2230 3654 2462 3714; x_wconf 87' lang='lat' dir='ltr'><strong>Adamo</strong></span> <span class='ocrx_word' id='word_1_420' title='bbox 2489 3656 2773 3733; x_wconf 87' lang='lat' dir='ltr'><strong>originem</strong></span> <span class='ocrx_word' id='word_1_421' title='bbox 2801 3655 2970 3715; x_wconf 86' lang='lat' dir='ltr'><strong>ducit.</strong></span> 
     </span>
     <span class='ocr_line' id='line_1_43' title="bbox 571 3736 2973 3813; baseline -0.002 -16"><span class='ocrx_word' id='word_1_422' title='bbox 571 3737 658 3798; x_wconf 89' lang='lat' dir='ltr'><strong>At</strong></span> <span class='ocrx_word' id='word_1_423' title='bbox 684 3738 941 3797; x_wconf 88' lang='lat' dir='ltr'><strong>nascitur</strong></span> <span class='ocrx_word' id='word_1_424' title='bbox 967 3756 1099 3795; x_wconf 90' lang='lat' dir='ltr'><strong>cum</strong></span> <span class='ocrx_word' id='word_1_425' title='bbox 1127 3736 1442 3795; x_wconf 87' lang='lat' dir='ltr'><strong>universali</strong></span> <span class='ocrx_word' id='word_1_426' title='bbox 1470 3736 1851 3813; x_wconf 88' lang='lat' dir='ltr'><strong>corruptione,</strong></span> <span class='ocrx_word' id='word_1_427' title='bbox 1889 3755 2010 3794; x_wconf 90' lang='lat' dir='ltr'><strong>non</strong></span> <span class='ocrx_word' id='word_1_428' title='bbox 2035 3742 2262 3795; x_wconf 82' lang='lat' dir='ltr'><strong>tantum</strong></span> <span class='ocrx_word' id='word_1_429' title='bbox 2303 3736 2595 3812; x_wconf 86' lang='lat' dir='ltr'><strong>privativa</strong></span> <span class='ocrx_word' id='word_1_430' title='bbox 2633 3736 2772 3794; x_wconf 87' lang='lat' dir='ltr'><strong>boni</strong></span> <span class='ocrx_word' id='word_1_431' title='bbox 2812 3744 2973 3794; x_wconf 86' lang='lat' dir='ltr'><strong>antea</strong></span> 
     </span>
     <span class='ocr_line' id='line_1_44' title="bbox 571 3813 2968 3895; baseline -0.001 -18"><span class='ocrx_word' id='word_1_432' title='bbox 571 3818 809 3895; x_wconf 80' lang='lat' dir='ltr'><strong>accepti,</strong></span> <span class='ocrx_word' id='word_1_433' title='bbox 843 3816 948 3875; x_wconf 89' lang='lat' dir='ltr'><strong>sed</strong></span> <span class='ocrx_word' id='word_1_434' title='bbox 974 3816 1147 3875; x_wconf 87' lang='lat' dir='ltr'><strong>etiam</strong></span> <span class='ocrx_word' id='word_1_435' title='bbox 1184 3816 1437 3893; x_wconf 85' lang='lat' dir='ltr'><strong>positiva</strong></span> <span class='ocrx_word' id='word_1_436' title='bbox 1472 3816 1611 3875; x_wconf 83' lang='lat' dir='ltr'><strong>mali</strong></span> <span class='ocrx_word' id='word_1_437' title='bbox 1657 3813 1938 3891; x_wconf 85' lang='lat' dir='ltr'><strong>accersiti,</strong></span> <span class='ocrx_word' id='word_1_438' title='bbox 1985 3814 2109 3874; x_wconf 89' lang='lat' dir='ltr'><strong>sive</strong></span> <span class='ocrx_word' id='word_1_439' title='bbox 2151 3815 2344 3892; x_wconf 86' lang='lat' dir='ltr'><strong>quoad</strong></span> <span class='ocrx_word' id='word_1_440' title='bbox 2385 3816 2706 3874; x_wconf 82' lang='lat' dir='ltr'><strong>coecitatem</strong></span> <span class='ocrx_word' id='word_1_441' title='bbox 2749 3816 2968 3892; x_wconf 84' lang='lat' dir='ltr'><strong>mentis,</strong></span> 
     </span>
     <span class='ocr_line' id='line_1_45' title="bbox 572 3893 2973 3973; baseline -0.002 -16"><span class='ocrx_word' id='word_1_442' title='bbox 572 3898 696 3957; x_wconf 89' lang='lat' dir='ltr'><strong>sive</strong></span> <span class='ocrx_word' id='word_1_443' title='bbox 725 3896 919 3973; x_wconf 91' lang='lat' dir='ltr'><strong>quoad</strong></span> <span class='ocrx_word' id='word_1_444' title='bbox 944 3896 1154 3967; x_wconf 68' lang='grc' dir='ltr'>ἅτιξίιιν</span> <span class='ocrx_word' id='word_1_445' title='bbox 1182 3895 1537 3971; x_wconf 85' lang='lat' dir='ltr'><strong>voluntatis;</strong></span> <span class='ocrx_word' id='word_1_446' title='bbox 1580 3895 1737 3955; x_wconf 88' lang='lat' dir='ltr'><strong>unde</strong></span> <span class='ocrx_word' id='word_1_447' title='bbox 1764 3914 1882 3954; x_wconf 89' lang='lat' dir='ltr'><strong>non</strong></span> <span class='ocrx_word' id='word_1_448' title='bbox 1908 3894 2082 3954; x_wconf 89' lang='lat' dir='ltr'><strong>modo</strong></span> <span class='ocrx_word' id='word_1_449' title='bbox 2111 3914 2320 3971; x_wconf 84' lang='lat' dir='ltr'><strong>coecus,</strong></span> <span class='ocrx_word' id='word_1_450' title='bbox 2353 3894 2457 3953; x_wconf 90' lang='lat' dir='ltr'><strong>sed</strong></span> <span class='ocrx_word' id='word_1_451' title='bbox 2483 3893 2719 3954; x_wconf 86' lang='lat' dir='ltr'><strong>coecitas</strong></span> <span class='ocrx_word' id='word_1_452' title='bbox 2756 3895 2882 3972; x_wconf 88' lang='lat' dir='ltr'><strong>ipsa</strong></span> <span class='ocrx_word' id='word_1_453' title='bbox 2917 3904 2973 3953; x_wconf 89' lang='lat' dir='ltr'><strong>et</strong></span> 
     </span>
     <span class='ocr_line' id='line_1_46' title="bbox 570 3974 2971 4053; baseline -0 -20"><span class='ocrx_word' id='word_1_454' title='bbox 570 3976 822 4034; x_wconf 75' lang='lat' dir='ltr'><strong>tenebrae</strong></span> <span class='ocrx_word' id='word_1_455' title='bbox 850 3984 1107 4052; x_wconf 86' lang='lat' dir='ltr'><strong>vocatur,</strong></span> <span class='ocrx_word' id='word_1_456' title='bbox 1138 3996 1257 4034; x_wconf 88' lang='lat' dir='ltr'><strong>non</strong></span> <span class='ocrx_word' id='word_1_457' title='bbox 1280 3975 1456 4035; x_wconf 92' lang='lat' dir='ltr'><strong>modo</strong></span> <span class='ocrx_word' id='word_1_458' title='bbox 1482 3982 1786 4053; x_wconf 87' lang='lat' dir='ltr'><strong>corruptus</strong></span> <span class='ocrx_word' id='word_1_459' title='bbox 1813 3982 1873 4034; x_wconf 89' lang='lat' dir='ltr'><strong>et</strong></span> <span class='ocrx_word' id='word_1_460' title='bbox 1899 3993 2070 4053; x_wconf 81' lang='lat' dir='ltr'><strong>aeger,</strong></span> <span class='ocrx_word' id='word_1_461' title='bbox 2103 3975 2207 4035; x_wconf 87' lang='lat' dir='ltr'><strong>sed</strong></span> <span class='ocrx_word' id='word_1_462' title='bbox 2233 3984 2484 4034; x_wconf 76' lang='lat' dir='ltr'><strong>mortuus</strong></span> <span class='ocrx_word' id='word_1_463' title='bbox 2525 3974 2753 4052; x_wconf 77' lang='lat' dir='ltr'><strong>dicitm,</strong></span> <span class='ocrx_word' id='word_1_464' title='bbox 2799 3974 2876 4033; x_wconf 87' lang='lat' dir='ltr'><strong>id.</strong></span> <span class='ocrx_word' id='word_1_465' title='bbox 2915 3974 2971 4032; x_wconf 89' lang='lat' dir='ltr'><strong>in</strong></span> 
     </span>
     <span class='ocr_line' id='line_1_47' title="bbox 576 4054 1475 4133; baseline 0.002 -20"><span class='ocrx_word' id='word_1_466' title='bbox 576 4054 743 4113; x_wconf 86' lang='lat' dir='ltr'><strong>totali</strong></span> <span class='ocrx_word' id='word_1_467' title='bbox 772 4055 847 4112; x_wconf 85' lang='lat' dir='ltr'><strong>ad</strong></span> <span class='ocrx_word' id='word_1_468' title='bbox 872 4054 1090 4114; x_wconf 89' lang='lat' dir='ltr'><strong>bonum</strong></span> <span class='ocrx_word' id='word_1_469' title='bbox 1118 4054 1475 4133; x_wconf 85' lang='lat' dir='ltr'><strong>impotentia.</strong></span> 
     </span>
    </p>

    <p class='ocr_par' dir='ltr' id='par_1_12' title="bbox 568 4132 2970 4693">
     <span class='ocr_line' id='line_1_48' title="bbox 654 4132 2968 4211; baseline 0 -20"><span class='ocrx_word' id='word_1_470' title='bbox 654 4132 774 4191; x_wconf 91' lang='lat' dir='ltr'><strong>XI.</strong></span> <span class='ocrx_word' id='word_1_471' title='bbox 820 4133 989 4207; x_wconf 91' lang='lat' dir='ltr'><strong>Quod</strong></span> <span class='ocrx_word' id='word_1_472' title='bbox 1017 4134 1229 4194; x_wconf 86' lang='lat' dir='ltr'><strong>dicitur</strong></span> <span class='ocrx_word' id='word_1_473' title='bbox 1254 4155 1427 4193; x_wconf 78' lang='lat' dir='ltr'><strong>unum</strong></span> <span class='ocrx_word' id='word_1_474' title='bbox 1453 4143 1640 4193; x_wconf 78' lang='lat' dir='ltr'><strong>actum</strong></span> <span class='ocrx_word' id='word_1_475' title='bbox 1666 4154 1780 4193; x_wconf 78' lang='lat' dir='ltr'><strong>non</strong></span> <span class='ocrx_word' id='word_1_476' title='bbox 1803 4154 1972 4211; x_wconf 78' lang='lat' dir='ltr'><strong>posse</strong></span> <span class='ocrx_word' id='word_1_477' title='bbox 1999 4138 2192 4195; x_wconf 79' lang='lat' dir='ltr'><strong>tollere</strong></span> <span class='ocrx_word' id='word_1_478' title='bbox 2233 4136 2510 4211; x_wconf 60' lang='lat' dir='ltr'><strong>integrum</strong></span> <span class='ocrx_word' id='word_1_479' title='bbox 2553 4132 2816 4211; x_wconf 74' lang='lat' dir='ltr'><strong>habitum,</strong></span> <span class='ocrx_word' id='word_1_480' title='bbox 2859 4154 2968 4194; x_wconf 87' lang='lat' dir='ltr'><strong>non</strong></span> 
     </span>
     <span class='ocr_line' id='line_1_49' title="bbox 570 4212 2970 4293; baseline 0.001 -22"><span class='ocrx_word' id='word_1_481' title='bbox 570 4220 763 4293; x_wconf 89' lang='lat' dir='ltr'><strong>potest</strong></span> <span class='ocrx_word' id='word_1_482' title='bbox 788 4212 1195 4273; x_wconf 88' lang='lat' dir='ltr'><strong>universaliter</strong></span> <span class='ocrx_word' id='word_1_483' title='bbox 1220 4214 1466 4289; x_wconf 84' lang='lat' dir='ltr'><strong>admitti,</strong></span> <span class='ocrx_word' id='word_1_484' title='bbox 1498 4213 1808 4292; x_wconf 89' lang='lat' dir='ltr'><strong>nequidem</strong></span> <span class='ocrx_word' id='word_1_485' title='bbox 1837 4214 2153 4274; x_wconf 87' lang='lat' dir='ltr'><strong>secundum</strong></span> <span class='ocrx_word' id='word_1_486' title='bbox 2184 4216 2617 4293; x_wconf 87' lang='lat' dir='ltr'><strong>Philosophos’</strong></span> <span class='ocrx_word' id='word_1_487' title='bbox 2600 4234 2776 4292; x_wconf 82' lang='lat' dir='ltr'><strong>ipsos,</strong></span> <span class='ocrx_word' id='word_1_488' title='bbox 2802 4216 2970 4293; x_wconf 77' lang='lat' dir='ltr'><strong>juxta</strong></span> 
     </span>
     <span class='ocr_line' id='line_1_50' title="bbox 572 4291 2967 4372; baseline 0.001 -21"><span class='ocrx_word' id='word_1_489' title='bbox 572 4312 718 4372; x_wconf 84' lang='lat' dir='ltr'><strong>quos</strong></span> <span class='ocrx_word' id='word_1_490' title='bbox 746 4291 957 4350; x_wconf 86' lang='lat' dir='ltr'><strong>dantur</strong></span> <span class='ocrx_word' id='word_1_491' title='bbox 983 4301 1147 4353; x_wconf 83' lang='lat' dir='ltr'><strong>actus</strong></span> <span class='ocrx_word' id='word_1_492' title='bbox 1173 4292 1410 4370; x_wconf 82' lang='lat' dir='ltr'><strong>quidam</strong></span> <span class='ocrx_word' id='word_1_493' title='bbox 1438 4294 1583 4353; x_wconf 80' lang='lat' dir='ltr'><strong>adeo</strong></span> <span class='ocrx_word' id='word_1_494' title='bbox 1621 4313 1902 4369; x_wconf 88' lang='lat' dir='ltr'><strong>enormes,</strong></span> <span class='ocrx_word' id='word_1_495' title='bbox 1943 4302 2010 4353; x_wconf 89' lang='lat' dir='ltr'><strong>ut</strong></span> <span class='ocrx_word' id='word_1_496' title='bbox 2045 4302 2232 4355; x_wconf 90' lang='lat' dir='ltr'><strong>totum</strong></span> <span class='ocrx_word' id='word_1_497' title='bbox 2273 4294 2482 4354; x_wconf 86' lang='lat' dir='ltr'><strong>tollant</strong></span> <span class='ocrx_word' id='word_1_498' title='bbox 2517 4295 2780 4353; x_wconf 89' lang='lat' dir='ltr'><strong>habitum</strong></span> <span class='ocrx_word' id='word_1_499' title='bbox 2817 4302 2967 4353; x_wconf 86' lang='lat' dir='ltr'><strong>ante-</strong></span> 
     </span>
     <span class='ocr_line' id='line_1_51' title="bbox 572 4372 2970 4453; baseline 0 -22"><span class='ocrx_word' id='word_1_500' title='bbox 572 4392 855 4453; x_wconf 86' lang='lat' dir='ltr'><strong>gressum,</strong></span> <span class='ocrx_word' id='word_1_501' title='bbox 885 4392 944 4430; x_wconf 86' lang='lat' dir='ltr'><strong>v.</strong></span> <span class='ocrx_word' id='word_1_502' title='bbox 974 4392 1032 4449; x_wconf 87' lang='lat' dir='ltr'><strong>g.</strong></span> <span class='ocrx_word' id='word_1_503' title='bbox 1072 4381 1236 4432; x_wconf 87' lang='lat' dir='ltr'><strong>actus</strong></span> <span class='ocrx_word' id='word_1_504' title='bbox 1273 4372 1529 4433; x_wconf 85' lang='lat' dir='ltr'><strong>incestus</strong></span> <span class='ocrx_word' id='word_1_505' title='bbox 1574 4382 1764 4433; x_wconf 89' lang='lat' dir='ltr'><strong>totum</strong></span> <span class='ocrx_word' id='word_1_506' title='bbox 1811 4373 2074 4433; x_wconf 82' lang='lat' dir='ltr'><strong>habitum</strong></span> <span class='ocrx_word' id='word_1_507' title='bbox 2123 4374 2424 4449; x_wconf 87' lang='lat' dir='ltr'><strong>castitatis,</strong></span> <span class='ocrx_word' id='word_1_508' title='bbox 2477 4382 2643 4433; x_wconf 88' lang='lat' dir='ltr'><strong>actus</strong></span> <span class='ocrx_word' id='word_1_509' title='bbox 2689 4374 2970 4453; x_wconf 84' lang='lat' dir='ltr'><strong>patricidii</strong></span> 
     </span>
     <span class='ocr_line' id='line_1_52' title="bbox 572 4452 2964 4533; baseline -0.001 -18"><span class='ocrx_word' id='word_1_510' title='bbox 572 4472 825 4515; x_wconf 89' lang='lat' dir='ltr'><strong>amorem</strong></span> <span class='ocrx_word' id='word_1_511' title='bbox 851 4459 1157 4530; x_wconf 86' lang='lat' dir='ltr'><strong>paternum</strong></span> <span class='ocrx_word' id='word_1_512' title='bbox 1182 4452 1354 4529; x_wconf 89' lang='lat' dir='ltr'><strong>tollit,</strong></span> <span class='ocrx_word' id='word_1_513' title='bbox 1385 4460 1445 4513; x_wconf 91' lang='lat' dir='ltr'><strong>et</strong></span> <span class='ocrx_word' id='word_1_514' title='bbox 1472 4454 1598 4513; x_wconf 90' lang='lat' dir='ltr'><strong>sim.</strong></span> <span class='ocrx_word' id='word_1_515' title='bbox 1640 4458 1698 4513; x_wconf 84' lang='lat'><strong>2.</strong></span> <span class='ocrx_word' id='word_1_516' title='bbox 1729 4453 1864 4513; x_wconf 90' lang='lat' dir='ltr'><strong>Hoc</strong></span> <span class='ocrx_word' id='word_1_517' title='bbox 1891 4454 1989 4513; x_wconf 88' lang='lat' dir='ltr'><strong>vel</strong></span> <span class='ocrx_word' id='word_1_518' title='bbox 2029 4454 2254 4512; x_wconf 89' lang='lat' dir='ltr'><strong>minimi</strong></span> <span class='ocrx_word' id='word_1_519' title='bbox 2293 4455 2518 4533; x_wconf 87' lang='lat' dir='ltr'><strong>peccati</strong></span> <span class='ocrx_word' id='word_1_520' title='bbox 2557 4454 2828 4513; x_wconf 89' lang='lat' dir='ltr'><strong>meritum</strong></span> <span class='ocrx_word' id='word_1_521' title='bbox 2867 4462 2964 4529; x_wconf 84' lang='lat' dir='ltr'><strong>est,</strong></span> 
     </span>
     <span class='ocr_line' id='line_1_53' title="bbox 568 4532 2966 4627; baseline -0.002 -32"><span class='ocrx_word' id='word_1_522' title='bbox 568 4543 636 4595; x_wconf 91' lang='lat' dir='ltr'><strong>ut</strong></span> <span class='ocrx_word' id='word_1_523' title='bbox 660 4532 952 4593; x_wconf 90' lang='lat' dir='ltr'><strong>hominem</strong></span> <span class='ocrx_word' id='word_1_524' title='bbox 980 4552 1017 4593; x_wconf 86' lang='lat' dir='ltr'><strong>a</strong></span> <span class='ocrx_word' id='word_1_525' title='bbox 1045 4532 1159 4592; x_wconf 89' lang='lat' dir='ltr'><strong>Dei</strong></span> <span class='ocrx_word' id='word_1_526' title='bbox 1185 4532 1583 4593; x_wconf 88' lang='lat' dir='ltr'><strong>communione</strong></span> <span class='ocrx_word' id='word_1_527' title='bbox 1631 4541 1945 4608; x_wconf 86' lang='lat' dir='ltr'><strong>removeat,</strong></span> <span class='ocrx_word' id='word_1_528' title='bbox 1968 4533 2277 4627; x_wconf 42' lang='lat' dir='ltr'><strong>&#39;istiusque</strong></span> <span class='ocrx_word' id='word_1_529' title='bbox 2319 4552 2521 4612; x_wconf 87' lang='lat' dir='ltr'><strong>pacem</strong></span> <span class='ocrx_word' id='word_1_530' title='bbox 2566 4542 2626 4593; x_wconf 90' lang='lat' dir='ltr'><strong>et</strong></span> <span class='ocrx_word' id='word_1_531' title='bbox 2666 4533 2966 4594; x_wconf 85' lang='lat' dir='ltr'><strong>amicitiam</strong></span> 
     </span>
     <span class='ocr_line' id='line_1_54' title="bbox 568 4612 2964 4693; baseline -0.001 -20"><span class='ocrx_word' id='word_1_532' title='bbox 568 4622 815 4693; x_wconf 87' lang='lat' dir='ltr'><strong>rumpat.</strong></span> <span class='ocrx_word' id='word_1_533' title='bbox 900 4612 1097 4675; x_wconf 89' lang='grc' dir='ltr'>Ηοιιιο</span> <span class='ocrx_word' id='word_1_534' title='bbox 1124 4620 1317 4676; x_wconf 86' lang='lat' dir='ltr'><strong>autem</strong></span> <span class='ocrx_word' id='word_1_535' title='bbox 1344 4620 1510 4675; x_wconf 82' lang='lat' dir='ltr'><strong>extra</strong></span> <span class='ocrx_word' id='word_1_536' title='bbox 1538 4613 1650 4673; x_wconf 89' lang='lat' dir='ltr'><strong>Dei</strong></span> <span class='ocrx_word' id='word_1_537' title='bbox 1697 4614 2156 4674; x_wconf 88' lang='lat' dir='ltr'><strong>communionem</strong></span> <span class='ocrx_word' id='word_1_538' title='bbox 2199 4614 2442 4693; x_wconf 83' lang='lat' dir='ltr'><strong>positus,</strong></span> <span class='ocrx_word' id='word_1_539' title='bbox 2490 4614 2765 4692; x_wconf 83' lang='lat' dir='ltr'><strong>nullaque</strong></span> <span class='ocrx_word' id='word_1_540' title='bbox 2798 4612 2964 4691; x_wconf 86' lang='lat' dir='ltr'><strong>Spiri-</strong></span> 
     </span>
    </p>
   </div>
   <div class='ocr_carea' id='block_1_5' title="bbox 3185 1703 3189 2348">
    <p class='ocr_par' dir='ltr' id='par_1_13' title="bbox 3185 1703 3189 2348">
     <span class='ocr_line' id='line_1_55' title="bbox 3185 1703 3189 2348; baseline 0 0"><span class='ocrx_word' id='word_1_541' title='bbox 3185 1703 3189 2348; x_wconf 95' lang='lat' dir='ltr'><strong> </strong></span> 
     </span>
    </p>
   </div>
  </div>
 </body>
</html>
