3300 5225
298 331 516 380 Quias‘r.
546 310 661 390 un]
734 290 737 294 Δ
1306 332 1385 371 nn
1413 313 1695 374 racemo.
2047 291 2052 297 ⁸
2577 313 2692 369 561

294 471 411 529 dici
438 489 638 528 omnes
662 469 726 526 in
754 467 985 527 Adamo
1011 471 1175 545 mori,
1206 473 1517 547 efficienter,
1548 472 1688 548 quia
1713 471 1786 530 ab
1817 469 2046 528 Adamo
2066 477 2366 547 peccatum
2393 468 2690 546 originale,

290 549 449 626 quod
470 555 558 607 est
582 546 785 606 mortis
812 567 1001 624 causa,
1030 549 1339 626 trahimus;
1381 550 1531 625 Quia
1556 551 1756 609 eadem
1797 549 2017 608 ratione
2057 567 2358 626 possemus
2397 547 2514 605 dici
2544 546 2694 606 mori

292 627 355 686 in
383 626 727 686 Parentibus
755 633 814 686 et
838 627 1151 705 majoribus
1167 629 1396 704 nostris,
1427 649 1463 688 a
1482 629 1694 706 quibus
1713 636 2012 706 peccatum
2027 627 2356 686 immediate
2375 626 2690 700 haurimus,

291 707 451 784 quod
476 715 671 766 tamen
697 707 962 783 nuspiam
990 707 1130 766 dicit
1160 707 1474 785 Scriptura,
1507 709 1613 767 sed
1639 709 1712 766 de
1741 705 1972 766 Adamo
1993 715 2234 781 tantum,
2255 705 2392 782 quia
2415 705 2694 783 peculiari

290 786 513 845 ratione
540 787 600 842 in
628 785 756 861 ipso
780 784 1012 861 fuimus,
1042 806 1159 844 non
1185 794 1411 846 tantum
1436 795 1504 846 ut
1529 787 1811 865 principio
1853 785 2116 846 seminali
2147 785 2252 844 sed
2278 785 2451 845 etiam
2483 791 2558 848 ‚ut
2597 803 2690 843 ca·

288 865 409 951 pite
435 864 922 943 repraesentativo,
946 872 1119 941 atque
1137 865 1283 924 adeo
1309 866 1371 922 in
1398 885 1469 924 eo
1494 885 1766 943 peccasse
1793 865 2053 941 dicimur,
2076 884 2194 923 non
2219 872 2445 925 tantum
2471 863 2692 922 ratione

290 945 603 1018 efficientiae,
634 943 773 1019 quia
797 950 886 1002 est
913 963 1087 1004 causa
1112 965 1149 1002 a
1173 963 1289 1021 qua
1313 953 1615 1022 peccatum
1642 945 1719 1003 ad
1744 964 1851 1003 nos
1877 953 2244 1021 propagatur,
2269 943 2373 1002 sed
2399 942 2573 1001 etiam
2599 963 2691 1001 ra-

288 1023 445 1082 tione
473 1021 741 1098 derum-iti,
771 1022 909 1098 quia
949 1021 1119 1099 culpa
1160 1042 1265 1081 sua
1303 1032 1525 1082 reatum
1552 1024 1615 1081 in
1640 1043 1749 1082 nos
1789 1025 2062 1082 attraxit:
2107 1022 2332 1080 Eodem
2371 1021 2545 1080 modo
2573 1041 2688 1098 quo

287 1122 472 1161 omnes
500 1103 771 1161 dicuntur
795 1101 1011 1160 ibidem
1036 1102 1312 1180 vimflcari
1333 1101 1396 1159 in
1423 1101 1670 1177 Christe,
1701 1121 1819 1160 non
1845 1109 2072 1160 tantmn
2099 1102 2392 1172 efficienter
2422 1120 2526 1176 per
2556 1101 2684 1177 Spi-

278 1179 461 1240 -ritum
488 1178 803 1256 vivificum,
834 1179 939 1238 sed
965 1180 1138 1238 etiam
1164 1181 1447 1239 meritorie
1472 1201 1575 1258 per
1596 1181 1842 1258 justitiae
1867 1180 1996 1257 ejus
2023 1180 2477 1256 imputationem.

284 1293 329 1337 3.
348 1295 425 1340 Ex
441 1295 763 1353 imputatione
925 1259 1116 1318 XIX.
1160 1261 1217 1318 3.
1261 1259 1411 1335 Quia
1455 1259 1850 1337 proximorum
1893 1267 2196 1335 parentum
2249 1265 2486 1336 peccata
2522 1257 2685 1333 justo

344 1357 652 1410 peccatorum
676 1353 761 1398 ali-
804 1337 918 1395 Dei
936 1337 1159 1415 judicio
1186 1357 1305 1396 non
1330 1358 1459 1397 raro
1480 1346 1779 1397 transeunt
1803 1339 1867 1396 in
1884 1337 2116 1413 liberOS,
2147 1345 2206 1396 et
2221 1337 2294 1396 iis
2313 1337 2684 1413 imputantur.

344 1424 561 1456 enorum.
804 1417 963 1492 Ergo
990 1416 1173 1476 multo
1201 1418 1389 1494 magis
1427 1418 1539 1476 hoc
1566 1417 1683 1476 dici
1708 1424 1902 1495 potest
1931 1416 2004 1474 de
2045 1416 2246 1494 prim0,
2277 1416 2437 1493 quod
2467 1423 2527 1474 et
2553 1434 2683 1492 gra-

282 1493 417 1554 vius
444 1502 533 1553 est
553 1494 820 1554 omnibus
848 1495 1007 1571 ortis,
1051 1496 1320 1573 quodque
1345 1516 1463 1554 non
1488 1496 1833 1573 particulare
1875 1502 1964 1554 est
2002 1515 2262 1573 personae
2303 1494 2536 1570 Adami,
2581 1493 2688 1560 secl

284 1573 611 1634 universale
653 1573 832 1633 totius
864 1581 1101 1633 namrae.
1184 1575 1387 1634 Talem
1426 1584 1617 1634 autem
1659 1574 1786 1633 dari
1824 1573 2260 1651 imputationem
2300 1575 2523 1651 probat,
2567 1592 2685 1638 non

280 1651 457 1711 modo
485 1652 852 1712 comminatio
881 1653 1077 1730 Legis,
1118 1653 1309 1712 Exod.
1338 1675 1441 1713 xx.
1472 1656 1527 1729 5,
1558 1673 1674 1731 qua
1703 1653 1864 1714 Deus
1892 1652 2202 1713 denunciat
2228 1673 2290 1713 se
2309 1662 2377 1713 ut
2419 1654 2456 1685 “
2476 1651 2684 1712 fortem

283 1739 344 1789 ct
368 1731 699 1809 zelotypum
725 1741 962 1809 peccata
1000 1741 1301 1810 parentum
1342 1735 1709 1793 visitaturum
1734 1733 1796 1790 in
1835 1731 2005 1808 filios,
2044 1751 2228 1810 usque
2255 1732 2331 1791 ad
2356 1731 2585 1791 tertiam
2625 1738 2685 1790 et

282 1819 549 1886 quartam
603 1811 1031 1886 generationem
1053 1813 1110 1886 ;'’
1158 1812 1277 1872 Sed
1332 1820 1392 1871 et
1438 1812 1706 1890 exempla
1748 1811 1912 1870 varia
1959 1811 2253 1886 evincunt,
2297 1811 2372 1870 In
2419 1809 2680 1886 Achane,

282 1889 329 1946 J
331 1908 413 1946 os.
434 1888 535 1946 vii.
558 1892 653 1964 24,
676 1893 788 1964 25;
834 1889 1242 1965 Hamalekitis,
1268 1893 1297 1948 1
1324 1890 1479 1950 Sam.
1508 1912 1610 1950 xv.
1629 1895 1686 1965 2,
1712 1893 1748 1950 3
1773 1913 1789 1967 ;
1836 1889 2004 1950 Filiis
2037 1891 2244 1966 SauIiS,
2277 1894 2313 1949 2
2341 1889 2495 1950 Sam.
2517 1890 2642 1947 xxi.
2660 1913 2680 1966 ‚;

281 1967 326 2026 J
330 1968 651 2044 eroboam0,
680 1971 710 2025 l
738 1968 886 2044 Reg.
916 1968 1037 2027 xiv.
1061 1971 1117 2044 9,
1142 1972 1244 2046 10;
1289 1969 1553 2045 Α6118110,
1588 1973 1618 2027 1
1641 1970 1790 2046 Reg.
1821 1970 1946 2028 xxi.
1965 1973 2061 2045 21,
2087 1974 2183 2045 22,
2214 1976 2272 2028 et
2299 1969 2462 2044 aliis;
2509 1969 2683 2030 Unde

281 2045 543 2105 Lament.
586 2067 644 2106 v.
689 2050 743 2122 7,
790 2046 1055 2106 Ecclesia
1096 2049 1360 2125 agnoscit
1406 2067 1469 2106 se
1513 2049 1816 2107 criminum
1859 2068 1895 2106 a
1933 2048 2203 2108 Patribus
2248 2048 2682 2110 commissorum

279 2145 483 2202 poenas
509 2125 672 2184 ferre.
757 2125 837 2185 Et
865 2125 1143 2202 Christus,
1176 2127 1348 2186 Matt.
1376 2127 1544 2186 xxiii.
1574 2129 1670 2203 35,
1700 2127 2100 2186 interminatur
2114 2127 2159 2186 J
2161 2126 2342 2185 udaeis
2369 2145 2679 2202 superven-

280 2213 439 2264 turas
465 2205 539 2263 iis
578 2224 779 2282 poenas
807 2223 1005 2264 eorum
1032 2205 1351 2282 criminum,
1396 2226 1525 2283 quse
1552 2207 1626 2265 ab
1667 2206 1924 2282 ipsorum
1965 2205 2291 2283 Majoribus
2329 2205 2504 2282 longe
2545 2212 2681 2268 81110

279 2291 505 2360 11811818
530 2284 773 2360 fuerant,
807 2286 931 2344 “ut
971 2285 1169 2344 veniat
1208 2304 1380 2362 super
1405 2304 1513 2344 vos
1541 2284 1727 2344 omnis
1755 2285 1996 2361 sanguis
2027 2285 2224 2362 justus
2250 2283 2468 2343 effusus
2508 2303 2681 2361 super

279 2371 490 2422 terram
518 2384 553 2421 a
580 2364 861 2440 sanguine
889 2363 1097 2422 Abelis
1128 2365 1292 2441 justi,
1322 2384 1505 2442 usque
1533 2365 1609 2423 ad
1649 2364 1990 2440 sanguinem
2032 2363 2326 2424 Zachariae
2351 2363 2459 2422 filii
2500 2365 2703 2422 Barar—

280 2442 483 2518 chiae,''
514 2440 623 2501 &c.
708 2443 803 2500 Ex
831 2443 1042 2519 quibus
1068 2443 1390 2502 luculenter
1427 2451 1589 2521 patet
1612 2443 2050 2520 imputationem
2088 2442 2261 2502 alieni
2300 2443 2522 2520 11666811
2561 2463 2680 2501 11011

281 2541 409 2580 esse
436 2521 864 2597 traducendam,
894 2522 993 2580 vel
1018 2522 1185 2599 quasi
1210 2523 1499 2582 insolitam
1526 2531 1587 2582 et
1612 2521 1947 2598 inauditam,
1979 2543 2112 2582 cum
2137 2531 2225 2582 tot
2241 2523 2522 2599 exemplis
2548 2542 2678 2600 pro-

282 2601 407 2661 bari
434 2601 633 2679 possit,
663 2601 761 2660 vel
788 2601 954 2678 quasi
980 2600 1305 2679 absurdam,
1334 2601 1611 2681 injustam
1626 2612 1688 2662 61
1714 2601 2184 2679 crudelem,.cum
2214 2602 2376 2661 Deus
2400 2603 2525 2679 ipse
2551 2602 2679 2660 vin-

280 2680 468 2739 dicem
496 2700 559 2739 se
586 2681 922 2757 profiteatur
946 2690 1312 2759 paternorum
1341 2682 1643 2741 criminum
1669 2683 1732 2740 in
1757 2682 1990 2741 liberos.
2075 2683 2198 2741 Nec
2222 2682 2334 2741 hoc
2361 2681 2504 2759 ipsis
2532 2682 2677 2741 Eth-

280 2759 429 2817 nicis
455 2760 736 2836 ignotum,
768 2780 1011 2838 quorum
1037 2761 1297 2837 plerique
1334 2761 1585 2821 fatentur
1620 2764 1732 2821 hoc
1757 2761 1908 2839 juris
1935 2761 1996 2819 in
2036 2761 2416 2821 Divinitatem
2454 2780 2680 2837 compe-

280 2847 418 2915 tere,
448 2848 516 2898 ut
541 2860 771 2916 poenam
798 2839 971 2898 alieni
996 2840 1221 2915 peccati
1247 2840 1321 2901 ab
1349 2840 1478 2899 aliis
1504 2840 1722 2917 exigat.
1764 2842 2058 2899 Plutarch.
2087 2840 2128 2898 1.
2157 2840 2230 2899 de
2257 2859 2388 2899 sera
2408 2840 2678 2899 Numinis

277 2918 539 2977 vindicta
564 2919 742 2977 variis
768 2918 1087 2978 rationibus
1112 2919 1223 2977 hoc
1263 2919 1487 2996 probat.
1528 2921 1766 2979 Proclus
1792 2919 1855 2978 in
1882 2918 2126 2978 Hesiod.
2167 2920 2280 2977 hoc
2318 2919 2363 2978 J
2365 2919 2494 2978 ovis
2533 2939 2681 2996 opus

278 3015 405 3054 esse
433 2997 531 3073 ait,
579 3018 879 3057 commune
920 2998 1267 3075 supplicium
1302 2998 1543 3058 urbibus
1586 2998 1812 3074 inferre,
1859 2998 1934 3057 ob
1974 2998 2190 3075 injusta
2231 2998 2678 3075 Magistratuum

280 3074 578 3151 supplicia,
608 3084 669 3136 et
694 3078 855 3135 varia
879 3077 942 3134 in
966 3096 1096 3135 eam
1122 3096 1245 3135 rem
1284 3078 1555 3155 exempla
1580 3076 1780 3155 affert;
1826 3076 1984 3137 Hinc
2027 3078 2324 3137 Hesiodus
2363 3077 2676 3145 introducit

274 3154 426 3217 Δίκην
451 3153 496 3212 J
498 3155 712 3215 ustitiae
740 3156 923 3214 Deam
951 3164 1253 3233 rogantem
1278 3156 1323 3215 J
1325 3176 1511 3234 ovem,

832 3312 977 3391 'ove'
1003 3314 1215 3393 ἀποτίσῃ
1245 3320 1409 3388 Δῖμος
1437 3316 1750 3381 ἀτασθαλίᾳ
1777 3321 2042 3392 βασι-κλείων,

278 3391 357 3449 Ε1
383 3389 523 3449 ibid.
552 3390 757 3468 inquit,

836 3470 1073 3527 Πολλάκι
1098 3473 1189 3529 καὶ
1214 3469 1465 3545 ξῦμπωσω
1490 3471 1639 3537 πᾶλις
1665 3479 1825 3530 κακοῦ
1850 3471 2014 3552 &figis
2042 3474 2255 3566 ἰπαυςιῖ,

830 3550 1115 3608 Maltoties
1143 3559 1259 3609 tota
1286 3551 1479 3611 οἰυίιαε
1506 3552 1571 3610 ob
1597 3554 1812 3611 malum
1836 3552 2020 3610 virum
2037 3560 2293 3627 pumtur.

276 3628 353 3686 Et
381 3626 680 3702 Horatius,
1618 3662 1623 3671 ·

838 3708 1125 3784 Quicquid
1146 3708 1396 3767 delirant
1418 3710 1617 3785 Reqes,
1638 3712 1961 3785 plectuntur
1986 3708 2199 3769 Achivi.

271 3863 469 3941 Atque
495 3864 631 3924 hinc
656 3864 1039 3943 proculdubio
1066 3866 1299 3942 factum,
1328 3874 1395 3927 ut
1420 3866 1571 3926 inter
1596 3866 1754 3943 ipsos
1782 3866 2080 3942 Ethnioos,
2121 3886 2240 3926 non
2265 3884 2396 3924 raro
2421 3864 2668 3943 imputa-

268 3944 351 4003 tio
378 3944 683 4004 criminum
721 3944 913 4004 locum
953 3944 1225 4005 habuisse
1251 3946 1499 4023 legatur.
1546 3946 1744 4007 cicero
1769 3946 1848 4005 ad
1889 3946 2054 4005 Brut.
2095 3965 2184 4023 ep.
2217 3948 2310 4021 15,
2353 3945 2416 4003 in
2445 3945 2668 4005 Graecis

268 4022 603 4083 civitatibus
638 4024 853 4083 liberos
880 4024 1282 4101 Tyrannorum
1323 4026 1573 4104 opressis
1612 4024 1730 4085 illis
1756 4024 1959 4085 eodem
2001 4024 2281 4104 supplicio
2309 4024 2458 4083 affici
2483 4032 2666 4085 notat.

272 4102 517 4178 Curtius,
547 4103 649 4162 lib.
668 4104 767 4181 vi„
801 4104 1221 4165 Macedonibus
1248 4104 1469 4182 Legem
1496 4105 1860 4167 observatam
1885 4105 1984 4181 ait,
2007 4113 2074 4164 ut
2101 4104 2204 4181 qui
2229 4103 2382 4181 Regi
2410 4103 2668 4164 insidiati

267 4189 478 4257 essent,
525 4182 614 4240 illi
642 4202 773 4242 cum
801 4184 1065 4261 cognatis
1092 4190 1153 4243 et
1193 4185 1531 4263 propinquis
1573 4184 1694 4243 suis
1732 4193 1918 4245 morte
1959 4182 2353 4243 afficerentur:
2398 4183 2478 4241 Et
2513 4182 2668 4260 apud

266 4280 465 4321 omnes
493 4261 611 4321 fere
653 4262 899 4340 populos
926 4263 989 4321 in
1015 4282 1175 4322 more
1200 4264 1452 4341 positum
1476 4262 1588 4322 fuit
1627 4263 1690 4319 in
1717 4264 2062 4323 criminibus
2087 4262 2500 4342 perduellionis
2541 4262 2666 4321 sive

264 4339 419 4398 laesae
448 4340 795 4419 Majestatis,
831 4342 1046 4401 liberos
1088 4362 1219 4401 cum
1264 4341 1599 4419 parentibus
1642 4341 1758 4401 reis
1797 4342 1872 4399 ad
1907 4363 2136 4419 poenam
2162 4343 2492 4421 deposcere.
2576 4340 2666 4397 Eo

264 4419 501 4495 respicit
526 4420 771 4480 Arcadii
797 4430 857 4481 et
884 4421 1135 4482 Honorii
1166 4421 1399 4481 Sanctio
1422 4421 1489 4479 L.
1514 4420 1738 4495 Quibus
1767 4420 1830 4478 C.
1853 4420 1928 4477 ad
1956 4420 2024 4479 L.
2054 4422 2098 4480 J
2099 4424 2178 4482 ul.
2202 4422 2437 4500 Majest.
2469 4421 2508 4453 “
2525 4418 2666 4477 Filii

264 4517 403 4557 vero
431 4500 575 4576 ejus,
623 4500 835 4578 quibus
876 4500 1058 4560 vitam
1103 4501 1477 4579 Imperatoria
1517 4500 1756 4559 lenitate
1800 4498 2168 4561 concedimus
2209 4500 2473 4578 (paterno
2510 4498 2664 4557 enim

267 4577 453 4653 perire
481 4578 773 4641 debebant
796 4581 1098 4661 supplicio,
1128 4580 1191 4639 in
1216 4580 1427 4658 quibus
1466 4579 1708 4657 paterni,
1735 4580 1846 4658 1106
1874 4586 1964 4641 est
2002 4578 2366 4715 haereditgrii,
2409 4576 2664 4640 criminis

2305 4676 2342 4715 11
