3300 5225
341 377 570 426 QUAEs‘r.
603 359 714 444 xa]
1260 385 1338 424 nn
1366 385 1954 426 raAEnnsrmiirtoNss.
2644 367 2760 424 321⁴

346 521 473 581 istae
516 533 652 584 sunt
679 525 1130 602 synecdochicos,
1161 525 1221 584 in
1250 527 1460 604 quibus
1505 526 1895 586 denominatio
1936 525 2004 585 fit
2034 547 2071 584 a
2096 525 2344 604 potiori:
2388 525 2563 584 Adde
2604 526 2761 602 quod

351 601 568 662 Paulus
594 605 784 681 potuit
811 605 893 664 ita
917 606 1096 684 loqui,
1127 605 1263 685 quia
1302 607 1448 666 bene
1479 607 1745 684 sperabat
1789 607 1863 666 de
1903 605 2021 666 illis
2063 626 2139 665 ex
2159 605 2384 683 judicio
2422 605 2755 680 charitatis;

355 682 471 741 Sed
499 703 631 742 cum
671 685 768 743 hic
797 694 967 745 certae
995 687 1294 746 electionis
1333 696 1488 746 notae
1513 696 1817 764 ponantur,
1848 694 2008 765 patet
2042 685 2362 745 Electionis
2403 685 2655 763 elogium
2686 685 2759 744 iis

348 761 582 822 demum
609 783 746 824 vere
769 773 1092 844 competere
1118 767 1394 843 potuisse,
1424 766 1525 843 qui
1550 775 1719 826 notas
1740 767 1871 824 illas
1891 766 2201 826 habebant.
2266 766 2431 825 Licet
2452 785 2591 824 vero
2612 764 2760 824 fides

350 861 411 900 se
438 843 651 903 habeat
678 845 1085 904 antecedenter
1110 846 1186 904 ad
1227 846 1610 924 adoptionem,
1642 866 1758 905 non
1801 847 2061 923 sequitur
2088 865 2150 906 se
2190 845 2403 905 habere
2442 845 2659 923 pariter
2683 845 2760 903 ad

349 921 705 1000 electionem,
738 926 876 1002 quia
901 945 1019 984 non
1046 935 1136 984 est
1163 945 1338 984 eausa
1365 923 1708 1003 adoptionis,
1738 927 1851 984 nisi
1878 935 2163 1003 quatenus
2190 925 2445 984 medium
2458 933 2557 992 ,est
2573 944 2610 983 a
2632 925 2758 984 Deo

346 1021 452 1078 per
477 1003 816 1063 electionem
845 1005 1171 1065 ordinatum
1199 1006 1274 1064 ad
1301 1025 1428 1064 eam
1457 1006 1879 1064 conferendam.

431 1082 621 1143 XIII.
683 1085 860 1143 Falso
902 1094 1233 1162 supponunt
1261 1085 1602 1144 Adversarii
1631 1085 1767 1144 Act.
1798 1085 1922 1144 xiii.
1950 1085 2045 1162 48,
2078 1105 2194 1144 non
2232 1085 2329 1163 agi
2356 1084 2429 1143 de
2459 1085 2759 1144 Electione

351 1169 580 1239 aeterna,
601 1174 724 1223 tum
742 1163 879 1241 quia
904 1183 1024 1222 non
1043 1163 1313 1224 dicuntur
1331 1165 1420 1223 illi
1441 1167 1821 1246 wemmam
1850 1185 1885 1222 a
1904 1164 2047 1240 De0,
2080 1165 2183 1223 sed
2212 1165 2548 1241 simpliciter
2571 1189 2757 1238 πτωγ·

345 1241 489 1318 μένοι,
520 1251 644 1302 tum
692 1245 830 1322 quia
855 1244 990 1303 inde
1040 1253 1378 1322 sequeretur
1421 1247 1743 1306 revelatum
1783 1245 1962 1304 fuisse
2006 1245 2188 1303 Paulo
2226 1252 2285 1303 et
2335 1245 2509 1302 Lucae
2558 1264 2758 1303 omnes

346 1321 496 1398 illos,
527 1323 628 1400 qui
655 1343 977 1383 sermonem
1005 1323 1142 1384 vitae
1169 1333 1525 1402 acceperant,
1557 1326 1773 1385 electos
1800 1325 1977 1384 fuisse
2005 1325 2079 1382 ab
2108 1333 2339 1398 aetern0,
2370 1324 2528 1400 quod
2555 1324 2754 1384 absur-

347 1400 504 1460 dum.
589 1403 662 1462 R.
707 1403 856 1478 Quia
883 1403 1124 1462 verbum
1153 1405 1401 1482 simplex
1426 1405 1711 1477 τεταγμένοι
1738 1405 1973 1482 ponitur
1997 1423 2101 1480 pro
2130 1402 2465 1480 composite,
2490 1412 2557 1463 ut
2585 1404 2753 1464 Rom.

347 1480 429 1539 ix.
461 1485 556 1556 22,
588 1483 839 1542 maxime
869 1503 1000 1544 cum
1026 1492 1292 1563 respectu
1334 1485 1462 1561 Dei,
1495 1487 1588 1545 cui
1630 1485 1823 1543 omnia
1852 1493 1986 1542 sunt
2026 1482 2347 1560 praesentia,
2378 1503 2495 1541 non
2522 1491 2641 1542 tam
2683 1484 2760 1544 sit

343 1561 749 1636 praeordinatio
777 1580 954 1640 quam
996 1563 1280 1623 ordinatio
1302 1587 1319 1622 z
1379 1565 1606 1624 Deinde
1645 1565 1786 1624 licet
1824 1582 1940 1622 non
1978 1562 2243 1621 dicantur
2270 1583 2305 1620 a
2335 1563 2462 1621 Deo
2488 1562 2754 1639 ordinati,

345 1659 550 1700 sensus
576 1649 770 1701 tamen
797 1643 946 1702 alius
973 1663 1102 1702 esse
1145 1663 1262 1702 non
1287 1652 1496 1722 potest,
1539 1644 1655 1703 nisi
1681 1645 1929 1703 velimus
1970 1662 2006 1702 a
2040 1643 2243 1719 seipsis
2271 1641 2567 1702 ordinatos
2608 1661 2751 1718 esse,

344 1720 500 1796 quod
531 1721 909 1800 Pelagianum
957 1731 1062 1783 est.
1147 1727 1202 1783 3.
1248 1725 1382 1783 Non
1429 1744 1574 1801 opus
1619 1724 1728 1783 fuit
1774 1723 2021 1782 revelari
2069 1721 2521 1782 extraordinarie
2571 1722 2755 1781 Paulo

345 1799 686 1860 electionem
711 1803 918 1862 horum
945 1804 1043 1862 vel
1071 1801 1300 1862 illorum
1325 1826 1339 1878 ς
1385 1805 1489 1862 sed
1528 1803 1865 1878 sufficiebat,
1896 1810 1964 1861 ut
1990 1801 2313 1879 Apostolus
2340 1801 2641 1879 colligeret
2679 1822 2755 1861 ex

343 1878 459 1938 fide
487 1881 843 1958 electionem,
875 1891 1148 1960 tanquam
1178 1903 1410 1942 causam
1439 1903 1514 1942 ex
1542 1883 1769 1943 effectu.
1853 1883 1905 1940 N
1910 1902 1985 1940 on
2012 1882 2216 1940 melior
2242 1890 2331 1942 est
2356 1881 2473 1941 alia
2498 1883 2755 1959 ipsorum

345 1958 559 2035 glossa,
589 1980 706 2038 qua
730 1970 862 2038 post
893 1963 1168 2021 Socinum
1193 1960 1385 2022 locum
1413 1964 1588 2022 istum
1617 1982 1981 2040 corrumpere
2007 1971 2305 2038 conantur,
2336 1961 2754 2020 ordinationem

345 2037 516 2097 istam
542 2039 842 2100 referendo
869 2041 946 2100 ad
973 2042 1407 2119 dispositionem
1435 2043 1510 2100 ad
1537 2042 1727 2118 fidem,
1760 2043 1883 2100 sive
1912 2040 2309 2119 aptitudinem,
2329 2060 2447 2117 qua
2472 2041 2602 2118 quis
2631 2041 2753 2100 ido·

347 2137 494 2177 neus
522 2119 764 2178 efficitur
790 2119 865 2178 ad
893 2121 1260 2198 credendum,
1291 2131 1358 2182 ut
1401 2122 1476 2180 sit
1505 2141 1725 2196 sensus,
1757 2121 2116 2180 crediderunt
2156 2129 2425 2198 quotquot
2463 2123 2549 2180 ad
2582 2122 2755 2180 vitam

345 2207 614 2258 (eternam
641 2209 806 2260 erant
831 2201 1098 2277 dzhpositi.
1183 2201 1464 2280 Nuspiam
1492 2201 1644 2260 enim
1674 2201 1900 2278 phrasis
1926 2201 2029 2258 illa
2054 2201 2115 2258 in
2148 2199 2442 2277 Scriptura
2468 2200 2551 2258 ita
2578 2201 2751 2260 sumi-

347 2286 457 2354 tur,
489 2289 548 2337 et
575 2289 956 2357 pugnat-eum
983 2289 1166 2357 textu,
1197 2281 1300 2340 ubi
1327 2281 1612 2340 ordinatio
1641 2298 1759 2340 non
1778 2281 1954 2340 habet
1974 2280 2309 2339 relationem
2336 2279 2411 2337 ad
2436 2279 2628 2355 fidem,
2651 2299 2753 2339 seu

346 2356 782 2436 dispositionem
808 2361 869 2418 in
913 2361 1190 2439 subjecte,
1224 2360 1327 2420 sed
1368 2360 1444 2418 ad
1470 2361 1690 2437 vitam;
1750 2380 1866 2418 non
1904 2359 2129 2434 dicitur,
2170 2359 2270 2435 qui
2302 2367 2468 2418 erant
2503 2361 2759 2435 dispositi

345 2439 431 2494 ad
433 2440 631 2518 fidem,
665 2440 766 2498 sed
794 2443 878 2499 ad
899 2440 1088 2500 vitam.
1174 2441 1297 2500 Nec
1323 2439 1538 2500 ἄτακτοι
1566 2447 1935 2518 opponuntur
1960 2445 2059 2505 τοῖς
2085 2437 2412 2514 τιταιγμίνοις,
2445 2438 2548 2498 sed
2575 2440 2751 2498 εὖτ-σίκ-

343 2543 464 2592 τοις,
496 2519 595 2595 qui
638 2520 898 2578 ordinem
940 2520 1192 2597 positum
1234 2521 1343 2580 rite
1388 2529 1640 2580 servant.
1744 2521 1933 2579 Locus
1966 2523 1996 2578 1
2030 2519 2159 2578 Cor.
2188 2519 2311 2577 xvi.
2362 2521 2453 2594 15,
2496 2538 2611 2577 non
2638 2519 2753 2578 huc

342 2598 606 2675 pertinet,
657 2599 796 2677 quia
840 2620 957 2659 non
1004 2607 1168 2659 notat
1215 2599 1647 2679 dispositionem
1698 2599 2002 2675 internam,
2055 2598 2158 2659 sed
2206 2597 2624 2657 ordinationem
2678 2598 2755 2658 ad

343 2698 571 2753 munus,
603 2698 720 2756 qua
764 2680 868 2755 illi,
899 2680 973 2738 de
1017 2681 1229 2757 quibus
1279 2682 1486 2759 agitur,
1518 2701 1581 2740 se
1629 2680 1975 2740 addixerant
2020 2678 2339 2737 ministerio
2392 2678 2751 2739 Sanctorum.

346 2758 612 2841 Denique
641 2760 984 2839 supponitur
1009 2761 1190 2838 gratis
1216 2761 1508 2821 hominem
1548 2759 1940 2838 irregenitum,
1972 2759 2173 2836 quales
2207 2766 2371 2817 erant
2396 2757 2483 2816 illi
2512 2757 2585 2817 de
2625 2759 2751 2835 qui-

343 2838 457 2897 bus⁴
480 2838 738 2916 loquitur
766 2840 972 2917 Lucas,
1003 2860 1172 2919 posse
1202 2861 1330 2901 esse
1357 2841 1701 2919 dispositum
1728 2840 1807 2899 ad
1831 2840 2014 2899 vitam
2042 2847 2331 2915 aeternam,
2362 2845 2670 2915 antequam
2690 2838 2754 2897 in

343 2918 634 2978 Christum
665 2918 876 2995 credat,
908 2920 1066 2997 quod
1093 2922 1200 2981 toti
1232 2921 1542 3000 Scripturas
1583 2928 1885 2997 repugnat,
1916 2927 1975 2978 et
2021 2919 2105 2977 rei
2132 2926 2352 2977 naturae
2378 2918 2752 2978 adversatur:

341 3017 476 3057 nam
503 2999 657 3058 bona
683 3000 785 3058 illa
812 3000 1132 3078 dispositio,
1162 3001 1261 3060 vel
1287 3010 1440 3060 esset
1481 3001 1554 3059 ab
1582 3000 1814 3058 homine
1841 3000 1985 3077 ipsc,
2018 3005 2076 3057 et
2117 2997 2199 3057 ita
2236 2997 2489 3074 seipsum
2535 2996 2748 3057 discer-

342 3087 521 3152 neret,
552 3080 647 3137 vel
676 3101 712 3140 a
741 3081 884 3155 Dee,
917 3090 975 3138 et
1004 3082 1086 3138 sic
1115 3080 1456 3139 arcessenda
1481 3088 1638 3140 esset
1658 3077 1699 3137 ‘a
1724 3078 2019 3138 liberrima
2046 3078 2161 3135 Dei
2189 3077 2506 3136 Electione.

425 3157 604 3215 XIV.
648 3159 764 3217 Tit.
793 3159 832 3217 i.
865 3163 917 3235 1,
949 3161 1123 3218 Fides
1148 3162 1476 3218 Elector-um
1515 3160 1743 3235 dicitur,
1774 3158 1909 3235 quia
1942 3176 2059 3216 non
2087 3165 2176 3216 est
2204 3156 2476 3232 omnium,
2508 3160 2545 3215 2
2575 3157 2749 3217 Thes,

339 3235 423 3294 iii.
454 3240 508 3311 2,
541 3237 646 3296 sed
672 3246 896 3298 tantum
924 3258 1122 3297 eorum
1164 3239 1262 3315 qui
1291 3240 1365 3297 ad
1393 3240 1574 3297 vitam
1616 3247 1887 3298 aeternam
1928 3246 2062 3296 sunt
2088 3236 2355 3312 ordinati,
2386 3235 2597 3313 quibus
2625 3256 2750 3294 eam

341 3314 444 3374 dat
473 3316 650 3389 Deus,
680 3337 796 3375 non
824 3318 971 3392 aliis,
1004 3318 1174 3376 Matt.
1203 3318 1326 3376 xiii.
1362 3322 1454 3377 11.
1540 3319 1673 3376 Non
1700 3316 1857 3395 quod
1886 3317 1962 3376 sit
1988 3316 2049 3375 in
2079 3316 2299 3375 Electis
2326 3315 2747 3389 antecedenter,

341 3402 408 3453 ut
435 3395 559 3454 sine
586 3396 714 3472 ejus
758 3396 973 3456 intuitu
1019 3416 1188 3455 nemo
1230 3397 1495 3474 eligatur,
1528 3396 1630 3455 sed
1672 3397 1809 3473 quia
1849 3403 1938 3454 est
1975 3396 2035 3452 in
2064 3395 2180 3453 illis
2208 3402 2641 3470 consequenter,
2668 3396 2751 3453 'ut

341 3474 538 3532 nullus
562 3474 740 3535 fidem
763 3476 977 3535 habere
1005 3476 1189 3553 possit
1214 3477 1324 3534 nisi
1355 3496 1431 3535 ex
1459 3476 1757 3550 electione,
1790 3483 1849 3534 et
1874 3473 2264 3551 dependenter
2290 3473 2364 3531 ab
2392 3492 2479 3533 ea.

425 3552 570 3612 XV.
615 3555 781 3614 Licet
828 3556 1150 3640 Apostolus
1199 3560 1234 3614 2
1264 3556 1469 3614 Thess.
1517 3556 1576 3613 ii.
1629 3558 1721 3629 13,
1754 3553 2103 3629 intelligeret
2144 3560 2367 3611 tantum
2408 3551 2747 3609 electionem

339 3634 759 3710 temporariam,
792 3656 894 3695 seu
923 3634 1300 3711 vocationem,
1331 3656 1462 3711 quae
1500 3634 1570 3693 fit
1595 3654 1699 3711 per
1740 3631 2127 3708 Evangelium
2168 3630 2243 3688 ad
2292 3630 2493 3706 gratiae
2518 3629 2749 3705 partici-

339 3712 648 3789 pationem,
679 3734 796 3773 non
822 3735 962 3774 vero
992 3723 1262 3774 aeternam
1306 3714 1382 3772 ad
1409 3714 1672 3789 salutem,
1702 3732 1820 3771 non
1860 3711 2051 3769 minus
2078 3709 2301 3767 valeret
2347 3716 2749 3785 argumentum

341 3800 618 3867 nostrum,
649 3805 882 3873 propter
907 3796 1207 3871 utriusque
1235 3794 1386 3853 inter
1413 3812 1474 3852 se
1503 3792 1922 3851 connexionem
1949 3798 2008 3849 et
2034 3788 2361 3865 analogiam
2386 3808 2399 3847 ε
2444 3787 2547 3846 sed
2582 3785 2750 3847 facile

343 3873 688 3931 contrarium
719 3875 1014 3952 colligitur
1040 3896 1114 3933 ex
1142 3874 1285 3951 ipsis
1311 3872 1523 3947 verbis,
1554 3872 1692 3949 quia
1710 3872 2027 3947 loquuntur
2046 3869 2117 3927 de
2141 3868 2421 3927 electione
2448 3886 2577 3943 quae
2599 3866 2765 3941 facta⁸

329 3959 432 4009 ‚est
459 3954 553 4009 ἀπ’
585 3958 760 4033 cignis,
791 3954 868 4013 id.
893 3956 1016 4032 jam
1045 3956 1119 4012 ab
1147 3962 1378 4029 aeterne,
1409 3972 1485 4011 ex
1515 3952 1669 4029 stylo
1700 3949 2027 4027 Scripturas,
2060 3956 2117 4007 et
2144 3967 2274 4025 quae
2314 3947 2607 4024 perficitur
2646 3966 2749 4023 per

341 4032 722 4109 vocationem,
753 4054 811 4092 v.
847 4037 938 4093 14.
1027 4033 1120 4092 Ita
1147 4033 1466 4111 Apostolus
1492 4052 1609 4091 non
1636 4031 1733 4090 hic
1760 4035 2168 4090 commemorat
2200 4045 2404 4085 causas
2432 4025 2747 4101 electionis,

341 4110 444 4167 sed
474 4111 694 4187 salutis,
725 4122 786 4173 et
811 4113 991 4171 verba
1017 4114 1076 4171 in
1102 4113 1547 4250 εαησξῖῐσαιίοηε,
1577 4132 1695 4169 non
1714 4108 2016 4189 jungenda
2046 4116 2179 4166 sunt
2207 4126 2337 4165 cum
2367 4105 2547 4165 verbo
2569 4106 2746 4181 eleqit,

343 4186 446 4247 sed
475 4210 606 4249 cum
634 4212 778 4251 voce
805 4194 1017 4267 salutis,
1047 4193 1215 4269 quasi
1285 4192 1413 4266 ‘cat,
1444 4191 1624 4268 elegit
1662 4190 1738 4248 ad
1766 4191 2009 4249 salutem
2052 4185 2421 4246 obtinendam
2449 4185 2511 4242 in
2538 4185 2749 4245 sancti-

341 4268 612 4329 ficatione
643 4272 908 4350 Spiritus,
941 4281 999 4332 et
1025 4292 1128 4350 per
1153 4269 1328 4331 fidem
1355 4271 1632 4344 veritatis,
1665 4278 1731 4329 ut
1757 4268 1895 4328 alibi
1921 4267 2193 4345 loquitur,
2229 4269 2258 4324 1
2292 4265 2495 4323 Thess.
2525 4284 2585 4323 v.
2614 4266 2670 4323 9.

422 4348 608 4410 XVI.
653 4351 936 4428 Secundo,
968 4352 1104 4430 quia
1152 4352 1376 4411 Electio
1424 4350 1577 4409 facta
1623 4358 1712 4408 est
1752 4368 1827 4407 ex
1870 4348 1993 4407 solo
2034 4345 2411 4423 beneplacitO,
2443 4352 2502 4403 et
2527 4362 2643 4402 non
2672 4363 2749 4401 ex

339 4429 610 4505 operibus
632 4431 768 4490 ullis
790 4454 804 4507 3
848 4433 978 4490 loca
1005 4442 1139 4491 sunt
1156 4450 1446 4508 expressa,
1469 4431 1636 4488 Rom.
1657 4430 1738 4487 ix.
1765 4432 1856 4501 11,
1892 4431 1926 4461 “
1951 4426 2034 4487 Ut
2055 4425 2412 4503 propositum
2434 4422 2748 4483 secundum

339 4507 699 4569 Electionem
732 4512 841 4569 Dei
867 4512 1096 4570 firmum
1123 4519 1396 4584 maneret,
1420 4528 1536 4567 non
1565 4529 1640 4567 ex
1662 4508 1946 4585 operibus,
1973 4506 2073 4565 sed
2102 4526 2176 4562 ex
2206 4504 2508 4563 vocante.''
2578 4502 2747 4563 Unde

339 4587 584 4662 additur,
620 4610 675 4649 v.
713 4596 803 4665 16,
838 4595 873 4625 ‘⁴
898 4592 1029 4649 Non
1071 4599 1160 4650 est
1187 4588 1456 4662 volentis,
1485 4606 1594 4646 nec
1635 4588 1933 4659 currentis,
1966 4585 2069 4644 sed
2108 4584 2434 4643 miserentis
2465 4582 2633 4655 Dei,''
2667 4582 2749 4639 sic

338 4686 386 4724 e.
417 4668 496 4727 xi.
530 4672 583 4745 5,
619 4673 672 4745 6,
705 4680 945 4730 vocatur
972 4672 1177 4731 electio
1207 4670 1424 4747 gratiae.
1514 4668 1604 4726 Ita
1635 4666 1845 4725 Matth.
1876 4667 1955 4724 xi.
1986 4667 2081 4740 25,
2115 4663 2379 4723 Christus
2404 4662 2647 4737 loquens
2676 4660 2748 4719 de

2383 4760 2425 4801 x
