3300 5225
522 253 639 311 456
1346 296 1351 303 ·
1506 269 1690 315 Locus
1719 269 1961 314 ssxrus.
2589 250 2865 335 [quast.
2895 268 2970 312 v.
3177 0 3227 286 ἱ

526 409 705 472 tionis
719 410 953 492 modos,
984 413 1134 475 alius
1160 413 1481 494 excogitari
1508 434 1625 475 non
1665 421 1886 493 potest3
1916 406 2114 474 nullus
2141 430 2281 473 vero
2308 431 2386 473 ex
2411 411 2486 473 iis
2511 412 2700 474 tribus
2729 420 2974 493 prater

528 491 763 552 tertium
806 494 1119 555 convenire
1156 503 1351 574 potest
1389 516 1579 556 causae
1619 496 1840 574 primae.
1911 494 2044 554 Non
2086 492 2259 572 prior,
2303 492 2444 571 qnia
2481 512 2614 554 cum
2655 494 2836 555 Deus
2877 500 2970 555 nt

531 589 706 631 causa
730 573 933 651 prima,
964 595 1094 653 quae
1135 576 1355 635 nullam
1394 574 1571 635 habet
1612 595 1788 654 supra
1828 594 1908 651 se,
1951 594 2072 634 non
2109 582 2303 652 potest
2342 573 2708 636 subordinari
2747 594 2966 635 causae

526 651 712 710 tertiae
741 656 1039 732 superiori.
1123 656 1257 717 Non
1280 655 1579 733 posterior,
1600 656 1740 733 quia
1763 676 1872 715 nec
1903 656 2064 714 Deus
2090 654 2504 714 determinatur
2524 654 2864 715 necessario
2883 653 2972 715 ⁸⁴1

532 733 905 812 operandum,
937 757 1069 795 cum
1110 735 1172 793 in
1213 736 1372 795 omni
1413 756 1696 796 concursu
1737 735 1812 794 ad
1853 746 2019 795 extra
2060 736 2136 795 sit
2175 734 2540 812 liberrimus3
2589 754 2698 794 nec
2739 735 2964 795 multa

533 830 723 871 causae
752 817 1022 875 secundae
1050 822 1233 894 agunt
1270 836 1346 875 ex
1382 817 1728 876 necessitate
1753 822 1993 891 naturae,
2038 814 2144 875 sed
2167 814 2364 890 libere,
2395 835 2526 892 quse
2565 814 2812 892 proinde
2841 815 2960 874 do-

532 892 777 951 minium
818 896 909 954 sui
956 905 1119 957 actus
1160 897 1371 956 habere
1400 896 1629 973 debent,
1661 896 1744 955 ita
1783 904 1977 955 tamen
2016 904 2083 955 ut
2107 893 2398 973 pendeant
2425 914 2651 973 semper
2689 915 2725 955 a
2765 914 2962 955 cansa

532 971 734 1049 prima,
766 982 825 1034 et
850 975 913 1033 in
940 996 1067 1037 esse
1096 984 1155 1037 et
1180 976 1242 1035 in
1269 974 1493 1053 operari
1518 999 1533 1037 ι
1564 976 1738 1037 Unde
1767 976 2028 1054 sequitur
2050 974 2522 1036 infallibilitatem
2548 984 2796 1037 eventus
2823 996 2960 1036 non

532 1052 769 1113 aliunde
797 1055 934 1114 oriri
960 1077 1147 1136 posse,
1178 1076 1353 1134 quam
1380 1076 1456 1116 ex
1482 1056 2082 1135 praedeterminatione
2105 1055 2327 1114 divina.

616 1132 705 1193 X.
748 1134 981 1213 Quarto,
1016 1137 1178 1197 Deus
1206 1137 1473 1197 absoluta
1500 1145 1559 1197 et
1598 1136 1818 1199 efficaci
1843 1137 2144 1196 voluntate
2171 1132 2430 1195 decrevit
2469 1133 2544 1193 ab
2571 1142 2790 1195 aeterno
2819 1154 2958 1194 om·

533 1231 639 1273 nes
666 1222 832 1274 actus
852 1217 1027 1276 etiam
1045 1217 1261 1277 liberos
1286 1217 1694 1277 antecedenter
1721 1216 1796 1275 ad
1813 1215 2216 1293 praevisionem
2236 1214 2731 1275 determinationis
2757 1216 2960 1293 ipsius

533 1292 705 1353 liberi
730 1295 992 1375 arbitrii;
1052 1298 1211 1375 Ergo
1252 1296 1428 1356 etiam
1468 1296 1531 1355 in
1557 1306 1815 1374 tempore
1842 1295 2018 1357 debet
2049 1294 2548 1375 praedeterminare
2575 1296 2958 1355 voluntatem

533 1372 611 1431 ad
638 1374 873 1435 eosdem
901 1385 1081 1454 actus,
1112 1376 1258 1436 alias
1286 1384 1565 1436 aeternum
1594 1375 1708 1435 Dei
1729 1377 2024 1437 decretum
2050 1385 2248 1455 posset
2273 1374 2536 1436 frustrari
2551 1397 2570 1435 ε
2600 1375 2774 1435 Ratio
2805 1395 2956 1435 con·

534 1456 851 1530 sequentiae
866 1457 1083 1535 petitur
1108 1478 1145 1515 a
1172 1456 1531 1517 connexione
1554 1455 1773 1516 decreti
1793 1456 1908 1516 Dei
1927 1476 2058 1516 cum
2081 1456 2209 1534 ejus
2235 1454 2594 1531 executione,
2613 1454 2753 1533 quia
2777 1455 2956 1533 quic·

531 1532 678 1610 quid
706 1533 966 1596 decrevit
989 1537 1167 1614 Deus,
1197 1536 1261 1595 id
1288 1536 1611 1613 exequitur,
1650 1545 1711 1595 et
1735 1535 2015 1613 quicquid
2034 1534 2348 1613 exequitur
2384 1536 2444 1593 in
2471 1543 2746 1613 tempore,
2777 1535 2846 1594 id
2869 1535 2958 1596 ab

534 1620 751 1672 aeterno
799 1615 1075 1675 decrevit.
1158 1615 1531 1676 Antecedens
1577 1615 1869 1695 probatur,
1921 1616 2059 1692 quia
2111 1636 2243 1675 cum
2285 1615 2547 1675 futuritio
2589 1634 2782 1675 rerum
2825 1634 2958 1675 non

537 1690 771 1752 aliunde
796 1694 1061 1772 pendeat,
1093 1715 1267 1773 quam
1294 1715 1332 1754 a
1360 1696 1474 1755 Dei
1500 1695 1753 1771 decret0,
1784 1695 1931 1753 nihil
1957 1704 2150 1773 potest
2175 1694 2300 1755 fieri
2326 1695 2389 1754 in
2415 1703 2690 1773 tempore,
2719 1696 2886 1773 quod
2911 1716 2958 1755 a

536 1770 666 1830 Deo
694 1771 989 1833 decretum
1016 1794 1135 1834 non
1160 1776 1239 1835 sit
1265 1774 1339 1835 ab
1368 1782 1603 1836 aeterno.
1648 1776 1890 1835 Frustra
1911 1775 2218 1853 excipitur,
2253 1776 2443 1835 Deum
2469 1795 2587 1835 non
2615 1774 2954 1835 decrevisse

538 1852 733 1911 omnia
758 1853 997 1931 efficere,
1030 1854 1135 1914 sed
1160 1854 1345 1915 multa
1370 1864 1597 1915 tantum
1622 1856 1988 1933 permittere3
2033 1855 2169 1933 quia
2194 1855 2331 1915 licet
2355 1855 2654 1917 decretum
2679 1864 2958 1915 versetur

535 1938 761 1991 tantum
862 1934 1127 1994 rmissive
1156 1935 1309 1994 circa
1354 1936 1635 1996 malitiam
1663 1944 1844 2012 actus,
1871 1954 1994 1995 non
2021 1935 2213 1995 obstat
2255 1944 2451 2017 tamen
2475 1936 2784 2013 quominus
2812 1954 2951 1995 ver·

536 2018 696 2153 εοιιὶι·
717 2034 767 2152 ξ
812 2015 1000 2075 ective
1040 2014 1195 2076 circa
1234 2016 1535 2076 entitatem
1566 2016 1870 2093 physicam
1896 2015 2081 2094 ipsius
2121 2013 2382 2091 actionis,
2408 2022 2480 2076 ut
2517 2022 2720 2094 postea
2757 2012 2951 2075 fusius

536 2109 641 2168 pro
683 2113 718 2151 a
756 2094 892 2155 itur.

594 2236 776 2285 Fontes
802 2238 941 2285 Solu-

668 2297 871 2345 tionum.

1141 2172 1263 2233 XI.
1309 2172 1840 2235 Praedeterminatio
1883 2194 2001 2234 non
2043 2174 2198 2235 tollit
2235 2174 2561 2236 libertatem
2603 2172 2950 2250 voluntatis,

1059 2254 1164 2314 sed
1207 2262 1549 2330 conservat;
1606 2255 1748 2333 quia
1788 2275 1894 2334 per
1936 2274 2064 2315 eam
2094 2256 2254 2315 Deus
2297 2274 2414 2315 non
2453 2255 2612 2333 cogit
2651 2262 2952 2315 creaturas

1056 2335 1385 2411 rationales,
1405 2355 1513 2394 nec
1533 2333 1673 2394 facit
1691 2342 1759 2394 ut
1782 2336 2127 2395 necessitate
2146 2335 2390 2413 physica
2405 2336 2503 2394 vel
2529 2334 2701 2395 bruta
2727 2343 2910 2412 agant
2927 2357 2947 2412 ς

535 2410 641 2471 sed
667 2418 891 2473 tantum
917 2412 1031 2472 hoc
1058 2413 1249 2491 efficit,
1280 2422 1347 2473 ut
1388 2423 1579 2493 agant,
1612 2423 1672 2474 et
1713 2414 1948 2493 quidem
1986 2414 2098 2475 sibi
2138 2426 2538 2491 consentanee,
2568 2424 2628 2475 et
2667 2415 2950 2475 conveni-

536 2500 701 2551 enter
719 2500 941 2552 naturae
962 2513 1099 2571 suae,
1130 2494 1191 2552 id
1212 2502 1301 2554 est
1328 2494 1379 2554 ix
1406 2493 1722 2576 arg-uginus
1743 2503 1802 2555 et
1823 2503 2026 2573 sponte
2045 2516 2060 2571 3
2089 2494 2361 2554 nimirum
2386 2495 2470 2555 ita
2491 2495 2951 2555 determinantur

535 2592 571 2632 a
600 2572 745 2650 Deo,
777 2580 843 2633 ut
870 2572 1091 2652 seipsas
1119 2574 1293 2634 etiam
1334 2575 1736 2637 determinent.
1823 2574 1990 2636 Licet
2014 2594 2155 2635 vero
2193 2574 2258 2634 id
2283 2576 2441 2654 quod
2475 2575 2949 2654 praedetermina-

538 2659 647 2729 tur,
678 2673 797 2712 non
824 2652 900 2714 sit
926 2655 1176 2733 amplius
1216 2656 1540 2731 indifferens
1580 2656 1656 2715 ad
1682 2656 1975 2734 agendum
2001 2655 2100 2715 vel
2139 2675 2258 2714 non
2293 2655 2584 2733 agendum
2611 2657 2672 2716 in
2697 2666 2830 2716 actu
2853 2677 2942 2715 se-

536 2736 734 2810 cundO,
766 2742 825 2794 et
850 2735 910 2794 in
935 2755 1098 2795 sensu
1126 2737 1441 2812 composito,
1470 2743 1664 2813 potest
1689 2744 1886 2796 tamen
1929 2755 2156 2813 semper
2193 2755 2320 2795 esse
2348 2735 2683 2795 indifferens
2721 2735 2784 2795 in
2809 2745 2944 2795 actu

522 2815 736 2891 primo,
768 2823 827 2874 et
854 2814 916 2873 in
940 2835 1105 2874 semu
1130 2815 1305 2874 diviso
1326 2840 1350 2888 ;
1392 2816 1681 2893 quomodo
1721 2816 1851 2893 ipsa
1875 2816 2164 2892 voluntas,
2194 2815 2426 2892 quando
2467 2816 2716 2893 seipsam
2753 2815 2939 2875 deter-

534 2893 733 2969 minat,
763 2902 956 2971 potest
980 2902 1175 2953 tamen
1203 2913 1330 2954 esse
1358 2894 1419 2951 in
1448 2913 1510 2952 se
1536 2893 1890 2954 indifferens.
1975 2896 2134 2954 Fons
2157 2895 2370 2955 erroris
2398 2903 2488 2955 est
2525 2895 2810 2956 libertatis
2835 2915 2938 2954 na·

534 2981 725 3031 turam
752 2972 943 3030 metiri
969 2992 1047 3031 ex
1074 2975 1339 3054 ieof‘fomip,
1370 2981 1429 3032 et
1456 2973 1511 3032 ei
1536 2977 1593 3032 τὶ
1620 2977 1918 3055 maffia-35
1950 2975 2255 3034 essentiale
2282 2975 2505 3052 fanere3
2551 2975 2699 3035 Cum
2723 2995 2826 3054 per
2849 2975 2938 3036 lu-

532 3051 790 3110 bentiam
817 3059 877 3110 et
904 3054 1385 3129 spontaneitatem
1414 3052 1742 3114 definienda
1769 3055 1860 3131 sit,
1891 3062 1958 3115 ut
1985 3074 2090 3115 suo
2116 3054 2247 3115 loco
2275 3054 2585 3114 videbitur.

616 3130 773 3190 XII.
814 3132 1133 3191 Necessitas
1174 3153 1305 3210 quae
1347 3152 1452 3212 per
1492 3133 2149 3212 praedeterminationem
2191 3135 2366 3195 rebus
2408 3135 2667 3212 infertur,
2697 3154 2815 3194 non
2849 3141 2939 3195 est

532 3209 819 3270 libertatis
847 3210 1217 3288 destructiva,
1250 3213 1387 3290 quia
1412 3233 1530 3273 non
1559 3222 1649 3275 est
1675 3235 2023 3293 consequens,
2051 3235 2161 3274 nec
2188 3214 2378 3291 efficit,
2409 3224 2484 3274 ut
2495 3215 2593 3274 vel
2619 3235 2795 3276 causa
2812 3214 2940 3293 ipsa

534 3291 611 3351 sit
637 3290 976 3368 necessaria,
1007 3294 1104 3354 vel
1131 3293 1370 3353 effectus
1396 3303 1569 3372 prout
1608 3315 1647 3354 a
1685 3315 1860 3354 causa
1886 3296 2013 3373 ipsa
2037 3294 2248 3372 prodit,
2279 3294 2383 3354 sed
2409 3302 2498 3354 est
2523 3296 2938 3373 consequentia,

532 3391 664 3448 quae
690 3372 803 3431 hoc
830 3380 1055 3432 tantum
1083 3372 1238 3449 facit,
1269 3381 1335 3434 ut
1361 3373 1650 3452 ejusmodi
1677 3395 1852 3436 causa
1878 3382 2030 3452 agat,
2055 3383 2115 3434 et
2133 3373 2370 3452 quidem
2397 3375 2510 3434 sibi
2537 3383 2937 3454 consentanee,

534 3451 793 3530 adeoque
822 3461 1025 3530 sponte
1054 3461 1113 3513 et
1138 3453 1423 3531 libenter-3
1470 3453 1643 3515 Unde
1671 3454 1788 3515 duo
1814 3454 1916 3512 illa
1943 3454 2116 3513 simul
2143 3463 2384 3532 possunt
2423 3455 2754 3532 consistere,
2785 3455 2944 3533 quod

530 3533 706 3591 homo
750 3532 896 3593 velit
945 3543 1165 3611 sponte,
1196 3542 1257 3594 et
1300 3533 1461 3612 quod
1508 3543 1775 3612 respectu
1825 3533 2215 3594 Providentiae
2247 3534 2347 3593 vel
2391 3535 2784 3613 praemotionis
2821 3555 2942 3594 non

532 3613 717 3690 possit
743 3633 861 3672 non
887 3613 1078 3675 velle:
1120 3613 1259 3691 quia
1284 3614 1397 3673 ista
1426 3614 1539 3673 Dei
1565 3613 1864 3691 praemotio
1891 3613 2026 3674 talis
2053 3623 2159 3689 est,
2189 3621 2256 3675 ut
2281 3613 2384 3673 fiat
2409 3615 2820 3675 convenienter
2837 3635 2942 3674 na·

531 3700 676 3830 tui-33
704 3713 913 3770 rerum,
944 3713 1053 3753 nec
1078 3693 1299 3754 adimat
1325 3694 1515 3754 causis
1544 3694 1816 3755 secundis
1841 3713 2012 3755 suum
2033 3694 2316 3773 cujusque
2342 3693 2638 3784 proprium
2664 3693 2942 3774 operandi

530 3791 626 3832 mo
670 3793 787 3831 um.

614 3851 807 3913 XIII.
852 3852 1132 3930 Quamvis
1160 3861 1435 3915 creaturae
1463 3852 1523 3914 in
1544 3873 1757 3934 genere
1785 3865 2087 3916 causarum
2107 3853 2505 3930 secundarum,
2524 3863 2585 3916 et
2611 3853 2940 3934 dependen-

531 3929 677 3991 tium
705 3951 742 3989 a
770 3931 915 4008 Deo,
946 3933 1199 3993 habeant
1224 3934 1347 3992 vim
1387 3933 1764 3994 sufficientem
1804 3935 2172 4010 intrinsecam
2214 3932 2292 3994 ad
2318 3932 2647 4012 agendum
2691 3954 2808 3995 non
2849 3953 2938 3994 se-

528 4011 727 4088 quitur
751 4030 871 4070 non
897 4014 1281 4073 necessariam
1308 4031 1436 4072 esse
1460 4013 1894 4090 praemotionem
1916 4014 2027 4074 Dei
2049 4013 2451 4090 extrinsecam,
2471 4035 2590 4092 qua
2615 4015 2942 4075 excitentur

531 4088 608 4148 ad
635 4091 997 4167 operationes
1024 4111 1160 4151 suas
1182 4115 1198 4170 ;
1246 4093 1373 4152 Imo
1401 4093 1537 4169 quia
1563 4112 1754 4152 causae
1781 4093 1980 4171 primes
2007 4093 2224 4156 debent
2256 4095 2637 4172 subordinari,
2667 4103 2728 4155 et
2754 4095 2829 4155 ab
2869 4113 2940 4154 ea

530 4168 799 4248 pendere,
829 4171 1155 4231 necessario
1184 4171 1559 4250 supponenda
1586 4181 1692 4248 est,
1723 4182 1788 4234 ut
1814 4182 1978 4233 actus
2007 4194 2144 4235 suos
2171 4174 2423 4235 eliciant.
2507 4175 2564 4234 N
2565 4195 2632 4235 ec
2651 4183 2844 4252 potest
2862 4193 2939 4234 ex

529 4268 602 4309 eo
646 4249 931 4326 concludi,
956 4260 1252 4311 creaturas
1299 4260 1523 4312 tantum
1568 4253 1802 4331 passive
1844 4274 1906 4314 se
1932 4255 2178 4332 habere;
2223 4255 2360 4334 quia
2386 4254 2489 4314 illa
2530 4254 2829 4332 praemotio
2869 4273 2940 4314 eo

528 4329 796 4410 pertinet,
826 4339 893 4390 ut
920 4339 1195 4392 creaturae
1223 4341 1417 4411 agant,
1447 4340 1507 4392 et
1544 4353 1622 4392 ex
1650 4342 1833 4394 semet
1859 4333 2002 4412 ipsis
2029 4335 2287 4395 actiones
2315 4353 2451 4394 suas
2479 4334 2739 4412 eliciant3
2782 4333 2940 4430 quod

532 4410 861 4489 ostendunt,
893 4419 1017 4472 tum
1064 4413 1311 4472 diversae
1354 4413 1618 4473 essentiae
1660 4413 1910 4491 illarum,
1955 4423 2078 4474 tum
2119 4415 2294 4474 etiam
2333 4414 2640 4475 facultates
2679 4423 2740 4474 et
2765 4433 2936 4490 vires,

530 4491 743 4569 quibus
768 4511 888 4552 non
915 4491 1061 4552 foret
1085 4511 1235 4570 opus
1260 4492 1373 4552 nisi
1400 4501 1678 4570 agerent:
1721 4495 1855 4554 Non
1883 4494 2145 4572 sequitur
2170 4514 2311 4574 ergo
2331 4515 2407 4556 ex
2427 4495 2804 4573 praemotione
2825 4493 2940 4554 Dei

528 4591 736 4634 causas
763 4571 1047 4635 secundas
1072 4571 1221 4634 nihil
1246 4591 1438 4652 agere,
1468 4573 1572 4634 sed
1600 4581 1826 4636 tantum
1851 4574 2000 4636 nihil
2025 4594 2200 4654 agere
2225 4574 2698 4654 independenter.

3199 761 3241 1100 ρ

3234 1932 3270 2456 κῇ

2158 5197 2167 5203 -
2232 5193 2992 5225 ···-τ-.-...---κτ-·““““-·-·--·--
3025 5189 3270 5225 ῌὴ--Ὓ
