3300 5225
585 316 707 376 450
1558 336 1743 379 Locus
1769 336 2014 378 surus.
2625 316 2890 399 [Quaesr.
2915 338 3024 395 ιν,

592 492 708 555 que
755 495 927 555 agere
975 476 1115 538 sinit
1141 500 1159 556 ς
1230 478 1332 537 An
1377 496 1519 538 vero
1561 479 1846 538 consistat
1891 477 2066 538 etiam
2101 476 2164 537 in
2205 476 2641 556 gubernatione,
2685 498 2790 557 per
2829 500 3028 560 quam

595 557 759 617 Deus
783 558 908 636 ipse
936 566 1090 637 agat,
1120 566 1181 619 et
1200 579 1333 618 cum
1360 558 1639 619 creaturis
1667 557 1974 618 efficaciter
1999 566 2302 617 concurrat
2321 560 2349 617 ἰ’

864 704 875 715 ,
1200 640 1320 700 ΙΙΙ.
1367 640 1487 699 Res
1506 639 1603 699 hic
1636 638 1806 698 nobis
1849 646 1940 697 est
1977 658 2108 697 cum
2137 640 2444 715 Dav-ando,
2489 646 2548 697 et
2587 640 2885 699 nonnullis
2927 660 3020 701 ex

650 704 909 809 8911ξῇᾎὲ
930 704 1025 751 ¹³¹¹·
1121 719 1457 795 Pontificiis,
1504 720 1605 797 qui
1646 738 1780 777 cum
1827 717 1954 796 ipso
1997 718 2234 794 faciunt,
2293 717 2397 795 qui
2451 717 2888 779 Providentiam
2945 730 3020 781 et

897 792 911 807 ⁰
1121 818 1463 859 coneursum
1508 799 1623 859 Dei
1665 806 1892 858 tantum
1919 798 1982 857 in
2019 818 2090 857 eo
2137 798 2440 875 collocant,
2492 799 2650 875 quod
2703 809 3016 877 creatum,

598 900 773 959 quam
802 880 877 940 ad
902 880 1194 960 agendum
1222 888 1392 939 antea
1418 880 1688 939 idoneam
1715 879 1868 955 fecit,
1899 878 2055 937 vires
2085 879 2272 939 solum
2302 887 2623 955 conservet,
2654 888 2713 939 et
2739 900 2866 939 eam
2895 902 3018 959 pro

596 962 770 1021 libitu
796 981 969 1041 agere
998 960 1165 1037 sinat,
1196 968 1473 1036 tanquam
1498 978 1603 1037 per
1622 978 1687 1017 se
1715 960 1898 1017 solam
1927 958 2004 1017 ad
2031 958 2322 1036 agendum
2350 958 2744 1021 sufficientem.
2829 960 3014 1036 Quod

598 1042 685 1102 sic
724 1042 981 1121 explicat
1006 1044 1155 1100 Lnd.
1184 1060 1226 1099 a
1250 1042 1427 1114 Dola,
1456 1040 1560 1098 lib.
1590 1038 1664 1097 de
1709 1040 1998 1117 conjunct.
2028 1058 2411 1099 concur-suum
2440 1039 2554 1098 Dei
2601 1046 2660 1098 et
2689 1040 3010 1118 Creaturae,

601 1123 639 1156 ‘⁸
669 1123 860 1182 Deum
882 1140 1219 1181 concurrere
1247 1128 1353 1196 est,
1382 1120 1483 1178 vel
1502 1119 1749 1178 liberum
1777 1118 2076 1178 arbitrium
2097 1138 2308 1196 creare,
2339 1129 2405 1179 ut
2431 1119 2496 1177 in
2521 1120 2746 1181 actibus
2766 1128 3012 1181 natura-

596 1200 769 1277 libus,
798 1202 897 1262 vel
925 1201 1063 1261 dare
1081 1202 1146 1259 in
1166 1199 1700 1277 supernaturalibus
1737 1198 2056 1277 potentiam
2079 1219 2182 1259 seu
2207 1200 2472 1259 habitum
2498 1200 2726 1277 agendi,
2757 1202 2854 1261 vel
2881 1222 3010 1261 non

596 1282 827 1359 agendi,
857 1301 961 1360 per
980 1301 1153 1360 quem
1178 1281 1307 1358 ipsa
1332 1280 1605 1341 voluntas
1642 1286 1832 1339 totum
1871 1278 2047 1338 faciat
2080 1280 2146 1338 in
2184 1279 2342 1339 omni
2379 1288 2518 1339 actu
2558 1282 3004 1359 supernaturali,

600 1361 821 1439 absque
848 1363 970 1422 ullo
998 1362 1113 1420 alio
1143 1360 1256 1419 Dei
1286 1378 1568 1420 concursu
1586 1358 1922 1419 immediato
1949 1358 2235 1419 actionem
2261 1368 2396 1419 actu
2421 1370 2798 1437 promovente
2815 1362 2873 1438 ;’'
2923 1362 3010 1421 Et

596 1442 681 1501 ita
708 1443 821 1501 hoc
848 1450 1235 1501 commentum
1260 1442 1485 1519 probat,
1514 1448 1581 1499 ut
1606 1440 1842 1500 unicum
1869 1439 2124 1499 medium
2161 1448 2393 1499 censeat
2419 1458 2548 1500 esse
2580 1440 2852 1500 idoneum
2887 1442 3006 1501 tol-

598 1520 789 1581 lendis
809 1522 1028 1597 litibus,
1058 1541 1190 1599 quse
1218 1540 1255 1580 a
1273 1529 1361 1581 tot
1381 1521 1505 1599 jam
1526 1520 1696 1581 annis
1721 1520 1874 1580 inter
1901 1520 2314 1579 Dominicanos
2334 1528 2393 1580 et
2419 1520 2464 1581 J
2465 1520 2682 1581 esuitas
2705 1521 3012 1598 agitantur

600 1600 675 1661 de
700 1601 922 1662 ratione
950 1620 1265 1663 concursus
1290 1600 1496 1659 divini.

808 1734 821 1746 .
1207 1682 1319 1741 IV.
1360 1680 1608 1755 Jesuitoe,
1638 1680 1751 1740 etsi
1777 1679 2067 1740 fateantur
2095 1680 2210 1740 Dei
2237 1679 2669 1739 Providentiam
2709 1700 2827 1740 non
2865 1701 3006 1740 con-

685 1732 998 1783 Jeemtarum.
1122 1760 1323 1821 sistere
1350 1760 1413 1819 in
1438 1762 1564 1820 sola
1584 1761 2036 1821 conservatione
2061 1780 2270 1837 rerum,
2295 1760 2398 1820 sed
2417 1760 2594 1819 etiam
2613 1762 2676 1819 in
2701 1760 2928 1821 influxu
2945 1772 3010 1821 et

602 1860 887 1901 eonem-sn
921 1841 1070 1919 Dei3
1114 1862 1294 1920 quum
1336 1850 1533 1901 tamen
1576 1840 1654 1900 ad
1697 1840 2142 1919 explicationem
2187 1861 2486 1901 concursus
2533 1840 2844 1901 deventum
2889 1852 3002 1919 est,

600 1914 809 1981 volunt
835 1940 967 1981 eum
989 1924 1311 1999 qemralem
1356 1929 1584 1980 tantum
1624 1940 1771 1996 csse,
1814 1929 1874 1980 et
1913 1922 2332 1997 indifferentem,
2379 1921 2480 1997 qui
2508 1921 2922 1981 determinetur
2963 1942 3004 1981 a

598 2002 793 2061 causis
820 2002 1122 2079 secundis;
1169 2000 1254 2061 Ut
1284 2000 1386 2061 Sol
1413 2020 1587 2060 causa
1615 2020 1898 2078 generans
1925 2001 2270 2061 universalis
2317 2000 2733 2061 determinatur
2779 2001 2853 2061 ab
2893 2002 3004 2061 ho-

599 2082 757 2140 mine
785 2090 1113 2159 generante,
1145 2090 1211 2141 ut
1237 2100 1273 2139 a
1300 2100 1475 2141 causa
1498 2080 1871 2158 particulari3
1914 2080 2070 2141 unde
2095 2081 2179 2156 fit,
2210 2090 2275 2141 ut
2301 2100 2420 2140 non
2447 2091 2753 2158 generetur
2791 2102 3008 2160 equus,

599 2162 706 2222 sed
732 2162 921 2237 homo,
947 2182 1083 2222 cum
1098 2162 1357 2221 influxus
1388 2160 1541 2221 Solis
1565 2181 1671 2239 per
1699 2180 1760 2220 se
1791 2160 1866 2221 sit
1892 2160 2226 2220 indifferens
2253 2160 2330 2219 ad
2356 2161 2786 2237 generationem
2813 2162 3006 2221 homi-

597 2242 691 2301 nis
710 2250 771 2302 et
790 2242 942 2320 equi.
1027 2244 1121 2302 Ita
1145 2242 1353 2301 volunt
1378 2240 1665 2301 influxum
1693 2260 1880 2301 causae
1908 2240 2107 2318 primae
2135 2260 2262 2301 esse
2287 2240 2708 2301 indifferentem
2733 2241 2810 2301 ad
2834 2242 3006 2301 illam

598 2323 904 2401 actionem,
933 2323 1031 2381 vel
1057 2322 1133 2381 ad
1160 2322 1519 2397 contrariam,
1548 2340 1660 2381 neo
1687 2340 1814 2380 esse
1841 2321 2276 2381 antecedentem
2305 2330 2364 2379 et
2383 2330 2847 2399 praemoventem,
2891 2323 3004 2381 sed

596 2412 799 2463 contra
825 2422 1057 2462 causam
1086 2402 1397 2461 secundam
1438 2421 1501 2460 se
1527 2401 1909 2461 determinare
1935 2408 2244 2477 antequam
2272 2410 2409 2478 agat
2435 2422 2612 2461 causa
2635 2401 2836 2479 prima,
2865 2421 3004 2478 quae

597 2500 717 2542 non
738 2483 954 2542 excitet
980 2482 1056 2541 ad
1082 2490 1303 2541 motum
1330 2500 1565 2541 causam
1590 2481 1922 2556 secundam,
1975 2481 2078 2540 sed
2127 2500 2302 2541 causa
2349 2481 2602 2541 secunda
2649 2482 2725 2540 sit
2772 2483 3006 2541 occasio

598 2563 813 2641 agendi
840 2582 1028 2622 causae
1054 2562 1253 2640 primae
1278 2584 1293 2622 z
1337 2562 1484 2621 Haec
1512 2570 1601 2622 est
1628 2560 1949 2622 communis
1977 2562 2263 2622 sententia
2287 2562 2342 2622 J
2336 2562 2655 2637 muitarum,
2687 2582 2858 2640 quam
2907 2580 3001 2622 se-

598 2651 854 2721 quuntur
879 2643 1171 2702 Sociniani
1194 2651 1253 2701 et
1278 2644 1756 2702 Remomtrames.
1788 2641 2036 2720 Utrique
2065 2641 2290 2701 duabus
2317 2642 2680 2718 potissimum
2707 2642 2780 2701 de
2807 2643 3005 2701 causis

598 2741 662 2782 se
689 2724 839 2782 hanc
866 2723 1137 2801 amplecti
1163 2723 1531 2800 profitentur:
1576 2722 1714 2781 Una
1740 2727 1846 2796 est,
1865 2729 1931 2780 ut
1953 2723 2116 2780 Deus
2132 2721 2459 2781 vindicetur
2485 2742 2521 2780 a
2546 2722 2767 2799 peccati
2793 2741 2998 2781 causa-

596 2803 761 2863 litate
790 2826 805 2881 3
864 2801 1087 2878 Altera,
1118 2811 1185 2862 ut
1210 2802 1529 2861 voluntatis
1554 2802 1824 2860 humanae
1849 2801 2089 2860 libertas
2115 2809 2176 2861 et
2201 2799 2362 2874 ἃιιφ
2415 2803 2472 2859 e‘a
2516 2801 2577 2858 in
2604 2801 2866 2860 omnibus
2895 2821 3000 2860 ac-

598 2882 773 2957 tibus,
803 2891 863 2942 et
888 2883 1251 2960 potissimum
1278 2881 1340 2938 in
1368 2880 1761 2959 conversione,
1793 2889 2099 2958 asseratur,
2131 2890 2190 2941 et
2237 2901 2369 2942 cum
2512 2880 2766 2940 videntia
2791 2880 3004 2940 divina

596 2962 952 3024 concilietur.

1199 3039 1277 3098 V.
1324 3037 1442 3098 Sed
1469 3038 1628 3098 aliud
1653 3039 1830 3133 longe
1875 3047 2137 3101 statuunt
2179 3042 2242 3100 in
2270 3041 2682 3102 communione
2732 3041 3001 3100 Romana

644 3091 1021 3139 Thonistarum.
1124 3119 1434 3195 Thomt‘stae,
1464 3127 1525 3178 et
1548 3119 1929 3197 Dmmmbam',
1961 3121 2063 3198 qui
2101 3120 2755 3199 proedetermimtionem
2795 3121 2998 3198 physis·

595 3217 725 3260 eam
764 3205 993 3276 urgent,
1039 3206 1107 3259 ut
1158 3219 1359 3259 omnes
1403 3219 1593 3260 causas
1636 3200 1907 3260 secundus
1950 3220 1986 3259 a
2030 3201 2158 3261 Deo
2201 3202 2320 3261 sint
2364 3201 2876 3280 praedeterminatoe
2919 3200 2996 3259 ad

596 3277 905 3356 agendum,
934 3286 996 3338 et
1024 3278 1185 3340 Deus
1210 3297 1329 3338 non
1354 3286 1581 3340 tantum
1608 3289 1748 3359 agat
1772 3301 1904 3340 cum
1933 3301 2108 3340 eausa
2135 3280 2388 3342 secunda
2411 3281 2474 3340 in
2491 3280 2776 3358 effectum,
2807 3280 2910 3342 sed
2936 3289 2998 3340 et

594 3358 659 3418 in
684 3358 869 3436 ipsam
888 3358 1237 3438 immediate,
1266 3370 1440 3437 atque
1458 3361 1543 3420 ita
1568 3361 1647 3420 ad
1671 3362 1785 3421 hoc
1811 3360 2142 3438 volendum,
2171 3362 2269 3421 vel
2296 3362 2608 3421 nolendum
2645 3361 2707 3419 in
2747 3361 2994 3439 particu-

592 3438 704 3497 lari
731 3437 1143 3500 determinetur
1168 3440 1439 3500 voluntas
1477 3441 1551 3498 ab
1600 3461 1688 3518 eo,
1739 3461 1857 3500 non
1903 3449 2129 3500 tantum
2174 3442 2238 3500 in
2283 3441 2451 3502 bonis
2499 3441 2840 3518 actionibus,
2891 3441 2998 3501 sed

595 3517 771 3577 etiam
796 3518 859 3576 in
886 3519 1074 3580 malis.
1158 3519 1333 3580 Unde
1365 3521 1608 3580 Thomas
1640 3525 1693 3581 1.
1723 3542 1780 3599 q.
1810 3523 1906 3598 83,
1938 3521 2099 3580 artic.
2135 3523 2187 3581 1.
2217 3521 2294 3580 ad
2321 3525 2376 3598 3,
2399 3522 2602 3580 “Cum
2629 3521 2876 3580 liberum
2903 3539 2994 3580 ar·

593 3597 833 3658 bitrium
856 3607 1057 3659 movet
1082 3599 1357 3678 seipsum,
1384 3619 1507 3660 non
1532 3601 1880 3676 excluditur,
1907 3601 2050 3679 quin
2077 3599 2152 3659 ab
2179 3601 2294 3660 alio
2321 3609 2639 3678 moveatur,
2671 3621 2708 3659 a
2733 3620 2849 3678 quo
2892 3600 2994 3659 ha-

592 3677 696 3739 bet
720 3678 833 3738 hoc
850 3678 1042 3755 ipsum
1070 3680 1229 3758 quod
1254 3681 1511 3759 seipsum
1536 3689 1735 3740 movet
1751 3683 1808 3758 ;'’
1854 3681 2020 3740 Idem
2045 3680 2190 3740 alibi
2215 3680 2254 3740 i.
2283 3701 2342 3758 q.
2377 3684 2509 3755 105,
2557 3690 2620 3741 et
2662 3681 2764 3740 lib.
2809 3679 2890 3739 iii.
2939 3701 2995 3740 e.

592 3764 753 3834 gent.
782 3777 833 3817 c.
864 3761 960 3834 70,
992 3759 1350 3821 Concursum
1380 3761 1493 3819 Dei
1536 3761 1603 3819 in
1646 3762 1808 3820 hisce
1848 3761 2105 3838 quinque
2129 3761 2312 3838 ponit,
2357 3765 2410 3822 1.
2439 3769 2727 3838 quatenus
2753 3760 2908 3820 vires
2935 3767 3000 3820 et

592 3835 901 3897 facultates
926 3841 1141 3916 agendi
1166 3841 1329 3899 dedit
1360 3840 1551 3900 causis
1598 3839 1905 3917 secundis;
1950 3845 2006 3900 2.
2053 3847 2340 3918 quatenus
2383 3861 2484 3900 eas
2523 3841 2652 3918 ipse
2697 3848 2894 3900 tuetur
2935 3847 3000 3900 et

592 3923 881 3976 sustentat
906 3917 969 3976 in
994 3937 1123 3978 esse
1150 3927 1209 3979 et
1234 3919 1473 3996 vigore3
1518 3922 1575 3980 8.
1604 3927 1892 3996 quatenus
1919 3920 2138 3981 excitat
2170 3929 2230 3982 et
2255 3921 2507 4000 applicat
2539 3939 2746 3980 causas
2789 3939 2994 3980 secun-

594 3993 700 4054 das
727 3995 804 4054 ad
824 3997 1149 4074 agendum3
1192 4001 1249 4058 4.
1278 4007 1566 4076 quatenus
1592 3999 1719 4076 ipse
1745 4018 1844 4058 eas
1881 3999 2226 4061 determinat
2271 4001 2350 4062 ad
2389 4000 2722 4080 agendmm
2765 4002 2822 4060 5.
2851 4019 3000 4077 qua<

590 4077 763 4133 tenus
790 4093 889 4134 eas
914 4075 1067 4152 regit
1110 4083 1169 4136 et
1215 4077 1431 4154 dirigit,
1472 4085 1540 4137 ut
1582 4077 1658 4136 ad
1703 4077 1850 4139 fines
1897 4099 2034 4141 snos
2081 4082 2194 4141 sibi
2235 4083 2591 4159 praestitutos
2635 4079 2992 4159 perveniant.

589 4153 837 4214 Δίωνα
864 4153 1279 4216 Dominicanus
1306 4157 1418 4217 hoe
1447 4167 1851 4235 argmentum
1877 4159 2004 4220 fuse
2039 4169 2324 4222 executus
2351 4169 2442 4221 est
2477 4162 2578 4220 lib.
2609 4161 2683 4220 de
2725 4159 2994 4220 Auaet’lz't’s.

590 4231 917 4293 orthodoxi
942 4233 1023 4293 ad
1044 4236 1391 4312 posteriores
1416 4237 1716 4315 accedunt,
1748 4248 1808 4300 et
1832 4248 1952 4300 tam
1980 4249 2180 4301 eontra
2208 4240 2568 4316 Durandum,
2591 4259 2766 4318 quam
2795 4247 2996 4298 contra

588 4310 868 4406 elamitas,
902 4314 1257 4392 Socinianos,
1288 4325 1347 4376 et
1374 4317 1766 4397 Arminianos,
1799 4327 2064 4380 statuunt
2091 4321 2526 4382 Providentiam
2555 4321 2670 4380 Dei
2695 4339 2816 4380 non
2855 4337 2993 4378 con-

586 4398 791 4452 nstere
818 4400 1045 4454 tantum
1070 4395 1133 4453 in
1158 4399 1597 4460 conservatione
1622 4419 1831 4477 rerum,
1861 4401 1968 4460 sed
1995 4401 2170 4460 etiam
2197 4401 2262 4460 in
2286 4419 2574 4462 concursu
2603 4400 2734 4477 Dei,
2763 4419 2882 4459 non
2904 4399 2994 4456 in-

586 4470 889 4534 differente
914 4481 977 4534 et
1002 4475 1276 4554 generali,
1322 4479 1427 4538 sed
1450 4480 1786 4557 particulari
1811 4489 1872 4542 et
1909 4481 2199 4561 specifico,
2241 4501 2358 4562 quo
2402 4480 2610 4542 influat
2651 4487 2712 4542 et
2751 4480 2816 4540 in
2855 4497 2994 4540 cau-

584 4569 709 4617 sam
728 4561 797 4616 et
818 4553 884 4617 in
898 4554 1179 4618 effectum
1204 4557 1553 4622 iinmediate.
2993 4613 3000 4620 .
