3300 5225
533 359 652 418 262
1426 377 1612 421 Locus
1637 377 1907 422 rsa-rma.
2486 327 2740 440 [Quffis‘r.
2770 376 2945 422 xnx.

535 515 802 595 prioritas
829 517 1065 595 ordinis,
1095 518 1411 578 secundum
1439 538 1612 597 quem
1640 520 1829 580 Filius
1855 526 1945 582 est
1960 539 1997 580 a
2013 517 2203 596 Patre,
2230 518 2369 578 licet
2406 537 2526 577 non
2566 518 2644 578 sit
2670 525 2803 596 post
2832 519 2944 578 Pa-

537 605 703 656 trem.
746 602 802 658 2.
831 603 1140 680 ἄχυμα-υς,
1173 600 1312 678 quia
1339 601 1514 659 Pater
1538 619 1657 659 non
1685 601 1887 679 genuit
1912 609 2078 660 extra
2105 618 2183 676 se,
2216 599 2319 658 sed
2344 598 2407 656 in
2434 597 2637 658 eadem
2674 600 2945 659 essentia.

541 676 714 737 Unde
743 677 951 736 dicitur
977 679 1136 749 Λόγος
1159 681 1335 739 fuisse
1363 680 1518 758 apud
1547 682 1756 757 Deum,
1787 689 1845 740 et
1875 681 2048 740 Pater
2074 681 2134 738 in
2164 679 2336 753 Filio,
2366 686 2427 738 et
2455 679 2643 738 Filius
2658 679 2720 736 in
2749 679 2943 739 Patre.

537 759 593 816 3.
636 762 840 822 ἀπιθὸς
878 759 1001 818 sine
1041 760 1164 818 ulla
1204 761 1489 838 passione,
1532 761 1632 820 vel
1686 760 2021 837 mutatione,
2063 758 2163 818 vel
2200 759 2265 817 in
2302 759 2493 834 Patre,
2535 755 2633 818 vel
2664 759 2727 816 in
2769 759 2941 836 Filio,

537 857 668 895 cum
695 838 886 914 ipsum
912 839 1176 916 generari
1201 839 1421 899 nullam
1446 839 1938 918 imperfectionem
1954 846 2132 915 notet,
2162 838 2267 898 sed
2292 839 2489 916 potius
2506 839 2583 898 sit
2610 839 2796 897 omnis
2815 857 2944 916 per-

538 916 802 976 fectionis
828 919 1098 996 receptio·
1182 919 1462 993 Quamvis
1489 940 1628 997 ergo
1657 928 1922 997 respectu
1958 919 2147 978 Patris
2186 919 2498 978 Generatio
2535 920 2681 978 bene
2720 917 2947 977 dicatur

538 997 746 1072 activa,
776 1017 892 1055 non
920 1005 1114 1057 tamen
1139 998 1287 1058 bene
1315 999 1524 1058 dicitur
1549 999 1783 1080 passiva
1817 1007 2083 1078 respectu
2112 998 2265 1074 Filii,
2309 998 2445 1076 quia
2481 999 2625 1056 alias
2660 998 2947 1076 potuisset

538 1075 657 1134 diei
684 1076 872 1134 Filius
899 1076 960 1134 in
985 1079 1244 1154 potentia
1263 1079 1576 1153 gignentis.
1605 1079 1730 1138 Nec
1757 1079 1950 1138 obstat
1976 1078 2133 1156 quod
2160 1078 2324 1155 gigni
2352 1078 2608 1155 dicatur3
2650 1079 2762 1137 hoc
2790 1079 2946 1137 enim

538 1160 922 1235 drogum-nob}
967 1157 1201 1234 dictum,
1250 1160 1532 1239 θωπςιπὸς
1562 1158 1733 1217 debet
1760 1158 2026 1235 intelligi,
2068 1157 2421 1217 removendo
2466 1178 2693 1217 omnem
2734 1158 2943 1236 imper-

539 1236 880 1314 fectionem3
922 1237 1077 1296 unde
1105 1237 1262 1314 quod
1287 1238 1479 1298 locum
1505 1239 1683 1298 habet
1708 1238 1771 1296 in
1798 1238 2165 1316 generatione
2186 1245 2519 1296 transeunte
2547 1248 2606 1297 et
2624 1239 2866 1316 physica
2885 1245 2946 1296 et

539 1315 840 1392 materiali,
864 1334 981 1375 non
999 1315 1172 1376 debet
1191 1316 1486 1378 transferri
1502 1317 1578 1376 ad
1602 1318 2106 1396 hyperphysicam,
2136 1316 2560 1392 immanentem,
2582 1325 2641 1376 et
2666 1317 2943 1378 divinam.

619 1394 735 1453 VI.
778 1395 1036 1454 Persona.
1069 1397 1218 1457 bene
1251 1397 1464 1458 dicitur
1500 1417 1773 1476 generare
1794 1398 2124 1473 Personam,
2170 1397 2309 1473 quia
2342 1397 2599 1456 actiones
2632 1406 2767 1456 sunt
2810 1418 2943 1476 sup-

539 1474 897 1552 positorum3
941 1474 1046 1534 sed
1071 1496 1189 1535 non
1218 1478 1488 1537 Essentia
1515 1477 1863 1553 Essentiam,
1902 1477 2039 1554 quia
2064 1476 2221 1554 quod
2250 1477 2441 1554 gignit
2472 1483 2531 1535 et
2559 1476 2818 1554 gignitur
2842 1497 2945 1536 ne-

539 1553 790 1613 cessario
829 1554 1263 1633 multiplicatur,
1302 1565 1362 1616 et
1401 1557 1486 1616 sic
1523 1558 1624 1616 via
1660 1565 2009 1616 sterneretur
2048 1556 2124 1615 ad
2162 1557 2592 1616 Tritheismum.
2677 1556 2949 1616 Essentia

539 1633 776 1710 quidem
815 1635 1146 1711 generando
1183 1637 1669 1714 communicatur3
1714 1637 1816 1697 sed
1848 1636 2161 1715 generatio,
2198 1643 2266 1696 ut
2304 1655 2341 1695 a
2373 1636 2629 1695 Persona
2668 1635 2735 1710 fit
2772 1637 2945 1714 origi-

541 1713 768 1790 naliter,
797 1713 882 1773 ita
908 1713 984 1773 ad
1013 1715 1328 1776 Personam
1353 1716 1713 1776 terminatur.

623 1792 772 1852 VII.
807 1794 1134 1872 Utrumque
1162 1803 1353 1874 potest
1381 1815 1521 1855 sano
1549 1815 1725 1856 sensu
1751 1795 1883 1871 dici,
1928 1795 2163 1854 Patrem
2189 1795 2400 1854 Filium
2434 1815 2730 1873 qenerare,
2774 1804 2828 1855 et
2846 1815 2945 1872 ye-

541 1872 724 1931 nuiese
739 1897 766 1946 ,·
807 1873 978 1932 Prius
1017 1884 1282 1954 respectu
1322 1875 1709 1954 generationis
1742 1875 1803 1934 in
1832 1894 1893 1934 se
1922 1881 2211 1952 spectatae,
2254 1875 2393 1952 quia
2431 1894 2606 1952 opera
2644 1875 2946 1935 Trinitatis

541 1951 618 2010 ad
644 1951 812 2028 intra,
843 1954 1013 2030 quale
1041 1963 1131 2014 est
1157 1955 1396 2034 gignere
1425 1963 1483 2015 et
1509 1953 1692 2034 gigni,
1738 1962 1872 2014 sunt
1906 1962 2120 2014 aeterna
2146 1963 2206 2014 et
2242 1954 2665 2032 indesinentia3
2710 1955 2853 2014 alias
2894 1957 2945 2014 si

543 2039 708 2090 actus
747 2033 1079 2109 personales
1119 2035 1399 2095 haberent
1436 2035 1628 2110 finem,
1671 2035 1951 2095 haberent
1991 2034 2165 2093 etiam
2204 2034 2568 2112 principium,
2609 2055 2717 2093 nec
2758 2035 2945 2094 omnis

539 2119 740 2188 posset
765 2113 826 2172 in
856 2113 984 2172 Deo
1011 2113 1212 2191 negari
1237 2114 1500 2174 mutati0.
1585 2115 1672 2176 Ut
1699 2133 1839 2192 ergo
1876 2114 1939 2172 in
1965 2133 2137 2191 opere
2164 2122 2303 2172 sunt
2326 2113 2583 2194 perfecti,
2612 2115 2695 2173 ita
2721 2115 2783 2172 in
2810 2134 2946 2192 ope-

537 2190 761 2249 ratione
789 2199 926 2251 sunt
963 2193 1264 2271 perpetui3
1307 2194 1430 2255 Nec
1455 2194 1578 2254 ulla
1600 2202 1906 2272 propterea
1944 2201 2137 2270 potest
2176 2194 2375 2271 colligi
2415 2194 2801 2271 generationis
2840 2194 2947 2252 im·-

538 2270 830 2348 perfectio,
861 2271 1000 2348 quia
1023 2273 1197 2333 etiam
1238 2273 1300 2334 in
1326 2282 1534 2334 natura
1559 2273 1787 2349 dantur,
1816 2292 1947 2350 quae
1990 2281 2125 2332 sunt
2150 2272 2288 2332 dum
2327 2274 2489 2349 fiunt,
2519 2283 2587 2333 ut
2622 2273 2770 2332 radii
2796 2275 2947 2332 sola-

539 2367 654 2408 res.
740 2350 1034 2410 Posterius
1061 2361 1254 2413 tamen
1281 2355 1489 2414 melius
1529 2353 1741 2414 dicitur
1766 2353 1950 2412 nostri
1975 2362 2258 2430 respectu,
2302 2353 2396 2412 cui
2435 2353 2829 2430 imperfectum
2856 2360 2949 2412 est

540 2428 701 2509 quod
727 2440 816 2489 est
841 2429 903 2488 in
928 2429 1073 2507 fieri,
1113 2433 1432 2512 perfectum
1457 2453 1598 2493 vero
1625 2432 1784 2511 quod
1815 2441 1905 2492 est
1932 2433 1992 2490 in
2019 2433 2170 2491 facto
2199 2452 2343 2492 esse.
2428 2433 2601 2492 Unde
2632 2433 2945 2510 Scriptura,

543 2527 674 2566 cum
703 2528 818 2585 qua
843 2509 1012 2568 nobis
1036 2511 1408 2588 loquendum,
1451 2513 1634 2572 utitur
1658 2513 1853 2590 potius
1892 2513 2073 2572 verbo
2112 2511 2403 2589 praeterito
2444 2530 2615 2590 quam
2653 2512 2943 2588 praesenti,

545 2588 643 2648 Ps.
673 2588 733 2647 ii.
761 2597 822 2648 et
850 2588 1022 2649 Prov.
1051 2590 1174 2651 viii.
1256 2592 1590 2651 Terminata
1614 2612 1755 2669 ergo
1791 2592 1939 2652 bene
1977 2591 2188 2651 dicitur
2227 2591 2522 2669 generatio
2564 2591 2949 2651 terminatione

532 2668 909 2744 per-fictionis,
951 2688 1068 2728 non
1097 2670 1480 2731 ter-minatione
1516 2673 1846 2747 durateus,
1875 2679 1943 2731 ut
1981 2678 2185 2731 notant
2226 2671 2607 2748 Scholastici3
2650 2672 2731 2731 Et
2769 2691 2949 2748 quum

543 2748 732 2807 Filius
760 2766 985 2840 semper
1009 2749 1175 2827 gigni
1201 2750 1430 2827 dicitur,
1457 2770 1576 2811 non
1601 2758 1849 2829 negatur
1867 2752 2140 2828 perfidio
2169 2752 2408 2829 termini,
2440 2751 2543 2811 sed
2550 2752 2696 2831 fini-3
2721 2758 2947 2810 tantum

542 2828 1069 2888 commumcatiom‘s.

545 2945 810 2993 ueneratio
907 2944 1026 2991 Filii
1147 2903 1330 2969 VIII.
1375 2908 1687 2969 Generatio
1731 2909 1845 2969 ista
1889 2909 2181 2988 probatur,
2217 2911 2272 2969 1.
2302 2929 2379 2969 ex
2422 2908 2638 2968 illustri
2678 2908 2944 2986 Graculo,

601 3005 837 3107 ww
861 3017 924 3051 ⁰¹
943 3004 1026 3049 P*
1067 2986 1605 3145 {afflaiff'aizffl‘off
1623 2990 2639 3147 ffsstzssfflsfzg'a‘ziffussffix‘
2662 2989 2849 3127 &¹⁰3⁵
2874 2988 2951 3127 ’Ξῖ

543 3147 670 3206 xiii.
700 3146 797 3224 33,
841 3146 998 3205 Heb.
1026 3146 1066 3206 i.
1098 3148 1152 3221 5,
1185 3146 1289 3207 sed
1315 3140 1514 3207 Judaei
1540 3149 1655 3227 ipsi
1680 3149 1743 3207 vi
1768 3148 2033 3208 veritatis
2070 3149 2256 3227 pressi
2287 3148 2454 3208 fateri
2498 3156 2802 3225 coguntur.
2886 3148 2949 3207 Is

543 3236 739 3286 autem
765 3234 1008 3285 vocatur
1036 3226 1223 3287 Filius
1251 3227 1380 3304 Dei,
1411 3247 1528 3286 non
1554 3228 1989 3305 qualiscunque,
2020 3229 2125 3287 sed
2152 3229 2253 3306 qui
2278 3229 2414 3288 talis
2442 3228 2518 3287 sit
2543 3230 2662 3286 κατ’
2688 3228 2864 3303 ἐξοχὴ,
2891 3234 2950 3285 et

543 3305 846 3365 exclusive
873 3305 950 3364 ad
989 3306 1150 3383 ipsos
1176 3306 1479 3384 Angelos3
1521 3308 1683 3367 Nam
1722 3308 1817 3368 cm·
1836 3309 2185 3385 Angelorum
2222 3328 2473 3385 unquam
2514 3310 2734 3383 dictum,
2770 3310 2857 3366 Tu
2892 3326 2951 3365 es

543 3387 730 3445 Filius
754 3406 923 3463 meus,
955 3384 1084 3461 &c.,
1111 3393 1182 3447 ut
1207 3386 1529 3465 Apostolus
1570 3396 2021 3464 argumentatur,
2053 3387 2207 3446 Heb.
2237 3388 2277 3447 i.
2306 3390 2362 3463 5,
2394 3396 2567 3464 atque
2602 3386 2747 3445 adeo
2772 3404 2949 3446 verus

544 3475 605 3525 et
631 3473 880 3525 aeternus
909 3485 1041 3525 cum
1071 3466 1243 3526 Patre
1272 3466 1434 3527 Deus
1456 3488 1471 3543 3
1516 3466 1660 3541 Quis
1688 3468 1841 3526 enim
1866 3466 1985 3525 nisi
2012 3468 2173 3526 Deus
2202 3468 2396 3544 Regni
2424 3468 2515 3525 sui
2542 3467 2819 3545 pomoeria
2846 3484 2949 3544 po-

543 3547 657 3605 tuit
681 3566 866 3624 usque
894 3545 970 3605 ad
995 3544 1141 3605 fines
1167 3554 1335 3605 terrae
1361 3547 1721 3624 protendere,
1752 3566 1811 3606 v.
1842 3548 1897 3623 8,
1930 3548 2127 3624 Reges
2154 3555 2213 3605 et
2244 3547 2507 3625 populos,
2536 3556 2603 3606 ut
2630 3566 2773 3605 vasa
2797 3546 2947 3623 figu-

542 3626 664 3684 lina
691 3634 1004 3701 conterere,
1032 3646 1091 3685 v.
1123 3628 1178 3703 9,
1209 3644 1381 3703 quem
1411 3626 1606 3705 Reges
1645 3634 1814 3685 terrae
1843 3625 2093 3685 debeant
2132 3627 2398 3703 osculari,
2428 3626 2509 3685 id.
2550 3626 2823 3703 religiose
2852 3646 2949 3684 co-

541 3705 679 3782 lere,
710 3727 768 3765 v.
803 3709 896 3781 11,
932 3708 1024 3780 12,
1055 3705 1156 3781 qui
1199 3706 1522 3765 absolutam
1569 3706 1783 3766 habeat
1828 3713 2173 3783 potestatem
2201 3707 2339 3765 vitae
2382 3714 2442 3766 et
2480 3706 2657 3782 necis,
2708 3706 2811 3782 qui
2850 3705 2951 3763 vel

541 3786 782 3844 minimo
809 3785 910 3843 irae
939 3784 1142 3843 ardore
1171 3795 1375 3861 gentes
1403 3794 1462 3845 et
1491 3786 1791 3862 Principes
1818 3778 2117 3863 depascat,
2137 3786 2200 3843 in
2227 3804 2399 3863 quem
2424 3784 2641 3844 fiducia
2668 3785 2743 3843 sit
2770 3784 2947 3843 collo-

543 3864 746 3937 canda,
778 3872 836 3923 et
863 3883 898 3921 a
925 3882 1042 3939 quo
1069 3863 1314 3923 felicitas
1341 3864 1705 3942 expectanda
1733 3866 1826 3940 sit,
1856 3866 1969 3923 nisi
1986 3884 2160 3924 verus
2188 3874 2247 3924 et
2268 3874 2517 3924 aeternus
2536 3866 2699 3923 Deus
2719 3868 2747 3922 P
2790 3864 2950 3921 Huic

547 3943 700 4001 Filio
727 3942 1000 4001 tribuitur
1026 3944 1338 4019 generatio,
1368 3963 1486 4002 non
1526 3945 1860 4021 temporalis
1901 3952 1960 4003 et
1986 3944 2245 4022 physica,
2278 3944 2381 4003 sed
2424 3942 2852 4023 hyperphysica
2890 3950 2953 4001 et

543 4031 775 4097 aeterna,
807 4021 996 4097 qualis
1021 4020 1110 4079 illi
1136 4030 1328 4099 potest
1353 4030 1695 4099 competere,
1725 4024 1827 4099 qui
1868 4032 2116 4083 aeternus
2142 4031 2233 4083 est
2274 4024 2473 4083 aeterni
2515 4023 2707 4081 Patris
2742 4022 2949 4097 Filius,

545 4108 719 4176 atque
747 4099 892 4158 adeo
919 4118 1093 4158 verus
1121 4120 1252 4159 cum
1279 4100 1407 4178 ipso
1439 4101 1616 4178 DeuS,
1643 4120 1751 4180 per
1776 4121 1951 4179 quam
1978 4103 2279 4162 extollitur
2302 4122 2422 4161 non
2448 4103 2623 4161 modo
2652 4122 2825 4180 supra
2844 4102 2950 4159 ho-

543 4180 748 4254 mines,
779 4178 883 4237 sed
909 4179 1084 4237 etiam
1111 4179 1270 4256 ipsos
1297 4180 1580 4257 Angelos.
1666 4180 1751 4239 At
1770 4182 1820 4239 si
1845 4192 2081 4260 propter
2106 4184 2419 4261 gratiosam
2440 4182 2951 4241 communication-

543 4278 638 4317 em
667 4257 990 4318 existentiae
1015 4259 1115 4317 vel
1142 4260 1343 4336 gloriae
1369 4260 1454 4318 ita
1478 4270 1800 4336 vocaretur,
1830 4280 1948 4321 non
1976 4262 2086 4321 hoc
2113 4262 2201 4321 illi
2229 4263 2355 4338 soli,
2388 4261 2492 4321 sed
2532 4270 2591 4321 et
2618 4262 2765 4337 aliis,
2810 4260 2954 4318 licet

541 4338 764 4415 dispari
811 4336 996 4415 gradu
1041 4348 1240 4415 posset
1279 4339 1473 4398 tribui.
1557 4341 1681 4399 Nec
1707 4341 1901 4400 obstat
1926 4342 2106 4417 locus,
2140 4342 2276 4401 Aet.
2318 4342 2443 4400 xiii.
2474 4344 2570 4418 33,
2600 4341 2704 4400 ubi
2733 4340 2953 4399 Paulus

544 4418 778 4477 videtur
805 4416 1114 4477 Oraculum
1142 4419 1254 4478 hoc
1279 4419 1490 4478 referre
1518 4420 1593 4478 ad
1609 4422 2084 4481 resurrectionem
2108 4422 2342 4481 Christi.
2402 4422 2552 4479 Nam
2568 4428 2953 4498 praeterquam

544 4497 702 4575 quod
727 4498 907 4571 locus,
943 4497 1138 4555 Psalm
1165 4498 1244 4573 ii.,
1277 4519 1394 4557 non
1420 4506 1540 4557 tam
1567 4499 1803 4560 affertur
1841 4501 1918 4559 ab
1947 4501 2233 4578 Apostolo
2262 4500 2337 4559 ad
2364 4500 2720 4579 probandam
2763 4518 2953 4558 resur-

543 4578 858 4637 rectionem
886 4576 1118 4654 Christi,
1148 4578 1306 4655 quod
1345 4578 1499 4654 facit,
1529 4598 1588 4637 v·
1618 4582 1697 4639 35
1726 4600 1803 4639 ex
1847 4581 1944 4639 Ps.
1975 4580 2095 4639 xvi.
2126 4600 2299 4657 quam
2342 4580 2418 4638 ad
2444 4578 2802 4658 probandam
2844 4577 2953 4635 im-

541 4657 854 4735 pletionem
880 4658 1278 4737 promissionis
1305 4658 1457 4719 datae
1486 4660 1759 4719 Patribus
1786 4659 1859 4720 de
1889 4659 2121 4719 Christo
2156 4659 2468 4720 excitando
2496 4668 2557 4719 et
2582 4660 2644 4719 in
2672 4656 2954 4719 mundum
