3300 5225
513 357 588 407 xii
1245 350 1615 405 ELENOHUS
1647 352 1999 416 LOGORUM,
2036 354 2182 404 ETO.

772 534 993 587 LOCUS
1025 533 1270 585 NONUS.
1273 535 1438 587 -DE
1471 535 1804 600 ΡΕΟΟΑΤΟ,
1842 538 1920 589 IN
1952 537 2241 588 GENERE
2274 538 2368 587 ET
2400 538 2660 591 SPECIE.
2828 501 2921 542 ru.

511 674 749 736 ροισι-ιο
783 670 826 721 Ι.
861 670 947 719 An
965 669 1170 721 Peccati
1193 668 1322 719 ratio
1342 668 1569 721 formalis
1590 676 1728 723 recte
1749 670 2027 723 consistere
2048 670 2275 723 dicatur
2259 688 2314 722 ιιι
2337 678 2413 723 ἄη
2393 696 2466 735 opu
2452 674 2559 751 54?
2570 676 2725 738 Affin,
2823 677 2922 728 535

755 734 829 785 11.
863 734 948 785 An
987 755 1039 783 vo
1059 736 1132 783 iau
1133 733 1223 783 ὅσα
1225 733 1387 785 sive
1417 734 1783 797 voluntarium,
1815 741 2067 813 quatenus
2099 742 2179 787 est
2198 736 2353 799 illius,
2376 738 2467 803 qui
2488 738 2655 789 sciens
2677 742 2732 789 et

961 798 1141 848 volens
1163 797 1232 846 ali
1269 796 1356 873 uid
1378 799 1504 874 agit,
1527 800 1598 850 sit
1631 800 1695 851 de
1732 800 1957 851 essentia
1992 801 2189 866 peceati
2204 802 2230 851 ?
2264 774 2392 867 Ne’q.
2416 812 2580 852 οοπενα
2600 803 2728 853 Pon-

973 863 1118 925 tificw
995 864 1143 925 fictos
1163 871 1210 911 et
1325 862 1522 925 inanum,
1655 900 1671 913 .
2822 869 2917 920 537

727 928 829 979 ΙΙΙ.
865 926 952 977 An·
972 933 1146 976 reatus
1167 926 1238 976 sit
1272 927 1484 978 formale
1505 928 1717 993 peccati,
1757 928 1843 979 vei
1876 928 1959 993 adj
1962 934 2176 979 unctum
2208 930 2319 993 ejus
2354 904 2729 1007 inseparabile?

965 992 1052 1040 An
1073 1005 1195 1041 vero
1217 995 1420 1041 tantum
1441 992 1553 1056 ejus
1575 992 1825 1044 effectus?
1857 998 1913 1043 et
1928 995 2013 1042 An
2035 992 2164 1044 bene
2180 993 2564 1059 distinguatur·
2547 1011 2604 1044 ιιι
2626 1010 2729 1045 rea

963 1060 1077 1105 tum
1097 1054 1262 1131 culpae
1283 1060 1337 1105 et
1356 1071 1514 1121 poenae
1529 1058 1556 1106 ἰ’
1657 1093 1671 1106 .
2824 1060 2921 1110 538

739 1120 833 1170 IV.
867 1119 954 1169 An
974 1118 1146 1168 omnia
1165 1125 1377 1184 peecata
1409 1136 1500 1197 per
1538 1136 1592 1171 se
1627 1127 1683 1171 et
1714 1126 1902 1171 nature
1935 1136 2031 1171 sua
2064 1122 2171 1171 sint
2190 1121 2463 1172 mortalia?
2498 1122 2584 1171 An
2606 1138 2729 1173 vero

963 1183 1168 1248 aliquod
1183 1184 1330 1233 detur
1342 1184 1540 1235 veniale
1552 1184 1578 1234 ?
1595 1182 1745 1235 Prius
1758 1185 1807 1234 A
1798 1186 1886 1251 ff
1906 1182 2086 1235 Poster'.
2095 1182 2242 1249 Neq„
2252 1194 2417 1235 eonem
2432 1186 2727 1251 Pontificios,
2824 1188 2923 1238 539

1351 1334 1421 1369 nn
1441 1334 1602 1370 mrsu
1623 1334 1953 1372 messenum.

773 1410 838 1459 V.
873 1409 1138 1472 Quodnam
1161 1408 1319 1459 fuerit
1337 1408 1560 1523 primum
1583 1409 1859 1459 Peccatum
1898 1407 2232 1473 Angelorum,
2272 1424 2373 1473 quo
2395 1408 2639 1460 defecisse
2660 1409 2731 1460 di-

962 1480 1152 1524 cuntur
1171 1486 1206 1523 a
1227 1474 1338 1523 Deo
1656 1508 1670 1521 .
1868 1508 1881 1520 .
2078 1508 2094 1521 .
2290 1508 2305 1522 .
2502 1510 2517 1523 .
2710 1508 2730 1523 .
2826 1476 2925 1525 544

1489 1620 1560 1655 nn
1582 1621 1743 1656 mrsu
1765 1621 1952 1656 snm.

737 1697 832 1749 VI.
868 1697 1133 1759 Quodnam
1157 1696 1326 1747 fuerit
1345 1695 1568 1762 primum
1602 1696 1826 1747 hominis
1862 1700 2143 1763 peccatum,
2185 1698 2272 1747 An
2307 1696 2606 1761 Infldelitss,
2644 1698 2729 1749 An

707 1824 831 1875 VII.
873 1760 1269 1887 ngxlrligglobissbi
1283 1824 1530 1938 fpotuerit
1571 1823 1725 1875 homo
1761 1823 1963 1891 integer
1976 1826 2003 1875 ¹?
2052 1830 2107 1877 et
2141 1840 2371 1890 quaenam
2405 1827 2517 1891 ejus
2554 1825 2729 1892 lapsus
2818 1765 2917 1815 546

964 1904 1087 1938 vera
1107 1904 1264 1939 causa
1305 1904 1416 1939 ueri
2714 1927 2727 1940 .
2824 1894 2923 1943 549

674 1953 826 2002 VIII.
863 1952 948 2002 An
971 1952 1200 2003 Adsmus
1217 1952 1536 2066 perbeffimm
1551 1967 1705 2003 suum
1726 1952 1953 2003 amiserit
1976 1953 2075 2003 Dei
2094 1954 2415 2031 imaginem?
2447 1953 2557 2020 Aff
2709 1991 2723 2003 .
2822 1959 2921 2008 553

730 2017 826 2067 IX.
860 2016 948 2067 An
980 2017 1196 2067 actualis
1229 2033 1316 2067 mo
1415 2017 1572 2067 entia
1611 2016 1797 2066 Adami
1833 2017 2068 2067 omnibus
2084 2018 2217 2095 ‚ejus
2250 2018 2467 2096 posteris
2504 2018 2730 2067 naturali

965 2081 1292 2145 generatione
1325 2080 1392 2131 ab
1423 2096 1482 2131 eo
1505 2081 1729 2131 oriundis
1764 2081 2045 2147 imputetur
2081 2081 2419 2147 imputatione
2438 2082 2732 2133 immediata

963 2151 1018 2196 et
1039 2145 1368 2197 antecedente
1385 2146 1410 2195 ?
1443 2146 1552 2211 Affi
1658 2182 1675 2207 ,
2712 2183 2726 2196 .
2824 2149 2922 2201 555

1409 2295 1479 2329 ns
1501 2294 1726 2331 racemo
1748 2295 2033 2330 omarum.

771 2370 838 2423 X
871 2369 957 2419 An
979 2370 1128 2425 detur
1147 2374 1415 2435 peccatum
1437 2369 1642 2435 aliquod
1661 2369 1940 2446 originale,
1976 2386 2071 2421 seu
2101 2369 2245 2425 labes
2278 2374 2333 2421 et
2366 2369 2623 2420 vitiositas
2656 2368 2731 2418 in-

966 2433 1174 2495 haerens,
1201 2450 1310 2498 quas
1321 2449 1424 2508 per
1444 2434 1826 2498 generationem
1847 2435 1911 2482 ad
1932 2448 2027 2483 nos
2058 2435 2355 2483 traducatur
2370 2434 2395 2481 ¹?
2428 2434 2538 2497 Affi
2563 2441 2729 2481 eontra

743 2558 840 2609 XI.
876 2496 1132 2607 AnPday
1137 2496 1568 2636 temzinale
1553 2557 1719 2624 ipsam
1754 2558 1933 2607 animae
1956 2556 2297 2609 substantiam
2332 2573 2479 2609 corru
2541 2558 2646 2609 rit?
2678 2566 2733 2612 et
2826 2498 2923 2548 569

1073 2623 1142 2674 sit
1163 2638 1304 2673 mers
1323 2622 1558 2689 privatio,
1583 2624 1670 2672 An
1692 2622 1847 2673 etiam
1869 2622 2090 2689 positiva
2112 2625 2345 2688 quaedam
2366 2639 2401 2689 q
2508 2629 2588 2674 tas
2605 2625 2631 2673 Ῥ
2820 2627 2921 2677 575

1343 2771 1414 2806 nn
1438 2772 1831 2808 nomos-noim
1854 2772 2085 2807 rsecxrr.

695 2847 822 2898 XII.
856 2846 1117 2910 Quomodo
1137 2850 1404 2922 peccatum
1426 2845 1675 2922 originale
1695 2852 2004 2925 propagetur
2024 2862 2057 2896 a
2078 2846 2420 2898 Parentibus
2403 2862 2459 2896 1n
2481 2845 2729 2898 Liberos?
2824 2851 2922 2899 578

673 2911 832 2961 XIII.
867 2913 948 2961 De
971 2911 1186 2960 Peecsto
1208 2909 1414 2970 actuali,
1437 2914 1492 2960 et
1513 2911 1671 2960 variis
1693 2911 1805 2974 ejus
1827 2909 2176 2972 divisionibus,
2294 2948 2307 2960 .
2825 2915 2920 2963 581

690 2976 835 3026 XIV.
871 2977 936 3025 In
957 2989 1057 3050 quo
1077 2974 1326 3024 consistat
1347 2974 1480 3024 ratio
1513 2974 1743 3024 formalis
1777 2975 1983 3026 Peecati
2012 2976 2069 3025 in
2092 2975 2337 3042 Spiritum
2364 2975 2433 3036 a,
2456 2981 2513 3026 et
2532 2975 2637 3026 Cur
2658 2975 2730 3026 sit

965 3037 1312 3088 irremissibile
1328 3039 1353 3088 ?
1435 3075 1450 3088 .
2294 3077 2307 3089 .
2504 3077 2518 3090 .
2715 3076 2727 3088 .
2826 3043 2925 3091 584

713 3102 828 3152 XV.
863 3102 950 3152 An
969 3107 1236 3168 peecatum
1256 3102 1418 3167 possit
1439 3118 1551 3153 esse
1572 3117 1724 3169 poena
1744 3103 1939 3169 peccati
1955 3103 1981 3153 ?
2013 3103 2123 3169 Aff.
2714 3141 2728 3153 .
2825 3106 2924 3155 589

836 3368 1057 3420 LOCUS
1089 3369 1588 3420 DECIMUs.-DE
1620 3371 1887 3422 LIBERO
1918 3370 2226 3421 HOMINIS
2258 3371 2601 3423 ARBITRIO

1377 3433 1456 3485 IN
1487 3433 1719 3485 STATU
1752 3435 2069 3486 PECCATI.

512 3567 749 3632 Quam-10
783 3567 826 3616 Ι.
860 3561 950 3617 Αιι
968 3581 1157 3616 nomen
1179 3565 1351 3618 Liberi
1373 3565 1588 3618 Arbitrii
1609 3583 1703 3619 seu
1723 3591 1785 3618 αν
1760 3571 1885 3630 iem-⁸3
1863 3569 1959 3619 οιύσ
1958 3591 2006 3619 ου
2024 3568 2347 3620 retinendum
2369 3569 2437 3620 sit
2457 3569 2515 3618 in
2536 3568 2731 3619 Scholis

965 3630 1285 3693 Christianis,
1322 3637 1376 3682 et
1413 3633 1478 3682 ad
1515 3647 1671 3696 quam
1704 3633 2003 3684 facultatem
2037 3633 2233 3695 animae,
2272 3633 2594 3684 intellectum
2638 3639 2729 3682 aut

961 3694 1298 3758 voluntatem,
1321 3696 1577 3760 pertineat
1591 3697 1616 3746 ?
2824 3700 2921 3748 597

755 3759 830 3808 ΙΙ.
865 3758 952 3808 An
974 3759 1232 3809 voluntati
1253 3767 1506 3825 repugnet
1526 3759 1718 3826 quaevis
1740 3761 2029 3812 Necessitas
2044 3762 2071 3811 ¹?
2094 3760 2240 3828 Νεφ,
2264 3769 2429 3812 contra
2448 3760 2730 3825 Pontificius

963 3831 1010 3872 ec
1027 3821 1428 3886 Remu-strantes,
2826 3827 2924 3876 599

728 3886 831 3935 111.
866 3887 952 3935 An
972 3887 1103 3935 ratio
1124 3887 1351 3937 formalis
1390 3888 1562 3938 Liberi
1596 3886 1811 3939 Arbitrii
1848 3889 2015 3954 posita
2049 3862 2119 3939 sit
2139 3888 2193 3938 in
2232 3863 2611 3941 indifferentia?
2644 3888 2731 3937 An

964 3965 1086 3999 vero
1105 3951 1162 3998 in
1183 3950 1414 4000 lubentia
1435 3951 1671 4001 rationali
1687 3953 1712 4001 ⁴?
1729 3952 2034 4020 PriusNeq„
2058 3953 2245 4004 Poster.
2267 3955 2315 4003 A
2307 3957 2395 4019 ff
2418 3963 2584 4004 comm
2603 3953 2732 4003 Pon-

902 4012 1090 4076 tificubs,
1115 4012 1398 4064 Socinianos
1419 4025 1464 4064 et
1482 4015 1883 4078 Revnomtranm,
2828 4017 2922 4066 602

739 4075 830 4127 IV.
867 4076 952 4127 An
975 4076 1217 4126 Liberum
1238 4077 1562 4127 Arbitrium
1544 4095 1599 4128 ιιι
1623 4087 1763 4130 statu
1785 4080 1981 4147 peceati
2002 4082 2079 4132 its
2099 4081 2169 4132 sit
2190 4097 2412 4144 servum,
2446 4087 2501 4134 et
2520 4087 2729 4147 peccato

963 4139 1900 4271 ffifflmfflhfflffifflisffl
1911 4120 2730 4322 fflafflvsssfifflffiss

964 4273 1252 4330 externum,
1276 4269 1366 4319 sed
1386 4270 1646 4320 internum
1669 4278 1722 4322 et
1744 4287 1769 4322 s
1770 4247 2024 4338 pirit’usle,
2228 4279 2489 4325 raescntoe
2510 4273 2567 4321 in
2589 4274 2731 4336 Lege

967 4331 1066 4381 Dei
1101 4331 1359 4382 voluntati
1380 4341 1616 4385 accurate
1637 4289 1941 4402 respondeat
1955 4337 1980 4387 P
2011 4273 2229 4388 Ἰᾙιιιιερ
2182 4338 2231 4387 A
2222 4339 2313 4403 ff
2228 4289 2538 4388 Ppomr.
2578 4334 2726 4399 Ne9.,

962 4404 1128 4445 contra
1147 4395 1444 4460 Pontificio-⁹,
1469 4397 1749 4450 Socinianos
1772 4411 1819 4451 et
1837 4400 2231 4464 Romanunm,
2828 4399 2924 4448 605

760 4458 824 4507 V.
857 4457 942 4508 An
964 4459 1196 4510 Virtutes
1217 4461 1555 4512 Ethnieorum
1575 4463 1768 4514 fuerint
1788 4465 1925 4516 bona
1946 4481 2113 4530 opera,
2154 4482 2219 4516 ex
2240 4465 2426 4529 quibus
2443 4461 2615 4514 Liberi
2637 4461 2729 4512 Ar-

961 4522 1103 4573 bitrii
1125 4525 1260 4576 vires
1282 4526 1348 4575 ad
1369 4524 1561 4577 bonum
1581 4527 1758 4593 colligi
1778 4529 1978 4595 possint
1994 4531 2019 4579 ?
2052 4528 2197 4594 Neq,
2217 4539 2381 4579 contra
2401 4526 2695 4590 Pomaficios,
2828 4528 2923 4576 618

514 4677 684 4726 Isnnx
710 4679 914 4736 Renum,
939 4681 1029 4730 ἀρ..

2830 4683 2922 4730 621
