3300 5225
516 333 619 395 xvi
1265 345 1604 393 EPISTOLA
1644 348 2152 395 DEDICATORIA.

514 511 682 573 Dum
715 510 822 573 alii
856 513 1131 573 vastatos
1183 528 1386 591 agros,
1423 509 1629 573 Urbes
1659 517 1875 589 captas
1923 516 1989 573 et
2023 509 2351 589 expilatus,
2384 510 2661 572 incensos
2692 508 2909 589 Pagos,

495 608 866 672 'Provincias
900 606 1161 688 excisa-5,
1182 616 1249 669 et
1281 614 1522 671 caeterae
1553 628 1690 687 quae
1721 607 1935 671 insunt
1965 607 2127 671 bello
2160 605 2598 681 lamentabilia,
2615 605 2759 667 dira
2774 606 2910 668 visu

513 714 580 771 et
612 705 925 788 immania,
959 724 1084 767 non
1133 704 1269 768 sine
1315 726 1551 769 summo
1601 705 1790 767 animi
1823 726 2078 769 moerore
2107 724 2357 769 cernere
2386 709 2706 785 coguntur,
2754 712 2821 766 et
2871 725 2911 766 a

511 804 734 885 patriis
785 803 1033 867 sedibus
1083 801 1283 867 avulsi
1330 810 1607 867 extorres
1658 824 1729 867 ac
1760 804 2039 883 palantes
2073 803 2295 867 misere
2344 808 2648 883 vagantur
2676 822 2694 874 ;
2772 799 2909 863 Nos

511 904 628 967 sub
660 902 786 965 vite
834 909 900 964 et
929 903 1046 965 sub
1081 902 1201 964 ficu
1229 907 1443 964 nostra
1475 922 1634 982 pane
1663 908 1878 965 nostro
1907 900 2241 981 tranquille
2288 920 2627 979 vescamur,
2662 905 2728 961 et
2778 898 2909 961 alta

511 1020 663 1080 pace
691 998 1012 1062 fruamur?
1066 999 1480 1080 Ingratissimi
1511 1020 1657 1063 sane
1686 1020 1956 1063 essemus
1988 999 2359 1074 mortalium,
2384 996 2502 1060 nisi
2526 997 2685 1060 hanc
2720 996 2905 1059 liber-

511 1104 706 1161 tatem
756 1105 821 1161 et
871 1117 1084 1178 pacem
1134 1118 1369 1161 merum
1405 1097 1544 1174 Dei,
1597 1118 1712 1179 pro
1760 1098 1960 1162 salute
2008 1103 2225 1161 nostra
2272 1094 2664 1175 excubantis,
2718 1096 2903 1157 bene-

511 1197 716 1259 ficium
748 1195 1317 1275 interpretaremur.
1370 1194 1487 1257 Ille
1521 1196 1685 1259 solus
1715 1195 1895 1259 nobis
1926 1197 2057 1260 haec
2090 1195 2220 1257 otia
2250 1194 2421 1275 fecit,
2456 1202 2523 1256 et
2558 1192 2747 1266 facit3
2784 1192 2903 1255 Ille

507 1314 664 1358 1111118
694 1294 797 1375 (1111
831 1292 992 1356 tanti
1023 1293 1292 1357 muneris
1326 1294 1509 1357 semel
1543 1292 1797 1357 Author
1824 1295 1966 1369 fuit,
2000 1294 2274 1373 ejusdem
2304 1292 2519 1355 Stator
2546 1299 2614 1354 et
2638 1290 2905 1353 Conser-

505 1398 686 1455 vator
719 1391 1005 1472 deinceps
1055 1410 1188 1455 esse
1228 1392 1438 1454 voluit.
1525 1390 1678 1467 Quis
1728 1392 1890 1455 enim
1940 1391 2099 1455 alius
2146 1398 2247 1454 tot
2297 1388 2787 1471 conjurationum
2838 1394 2904 1451 et

502 1490 917 1570 proditionum
983 1491 1238 1553 technas
1287 1495 1516 1569 proeter
1566 1508 1807 1553 omnem
1855 1489 2169 1553 hominurn
2201 1488 2693 1569 expectationem
2743 1494 2905 1549 rete-

503 1607 650 1668 gere
679 1610 697 1662 ;
750 1586 901 1664 Quis
932 1586 1090 1650 alius
1122 1593 1220 1649 tot
1251 1586 1634 1651 incursiones
1668 1596 1734 1650 et
1763 1586 2079 1651 molimina
2110 1608 2264 1651 ausu
2296 1586 2560 1649 nefando
2592 1586 2759 1647 facta
2799 1603 2905 1647 re-

503 1684 734 1763 pellere
762 1692 828 1747 01
860 1683 1044 1746 irrita
1069 1685 1330 1749 reddere
1369 1685 1727 1765 potuisset!
1803 1685 1924 1762 Qui
1958 1684 2455 1767 Hieroglyphicis
2488 1680 2899 1761 delectantur,

502 1781 963 1848 Providentiam
997 1782 1202 1844 omnia
1231 1790 1685 1846 sustentantem
1714 1782 2163 1860 adumbraturi,
2185 1782 2420 1846 Urbem
2450 1781 2619 1844 nullo
2643 1779 2901 1844 tibicine

499 1880 740 1957 fultam,
774 1880 839 1942 in
869 1890 1010 1943 aere
1039 1880 1239 1943 medio
1266 1880 1620 1962 pendulam,
1670 1882 1892 1962 grandi
1924 1881 2177 1945 brachio
2208 1880 2449 1944 coelitus
2500 1885 2717 1941 exerto
2762 1896 2902 1940 sus-

500 1982 826 2053 tentatam,
860 1977 1174 2059 ingeniose
1205 1978 1553 2043 describere
1589 1979 1808 2043 solent.
1878 1978 2129 2043 Geneva
2159 1986 2375 2042 nostra
2407 1996 2529 2040 11011
2558 1974 2899 2038 umbratice

499 2083 564 2138 et
594 2075 1038 2151 emblematice,
1073 2078 1182 2139 sed
1214 2096 1377 2153 vere,
1414 2084 1512 2141 est
1544 2077 1717 2141 Urbs
1749 2076 1857 2141 illa
1888 2098 2022 2158 1111εο
2058 2077 2189 2141 sola
2217 2076 2337 2140 Dei
2366 2096 2575 2156 manu,
2616 2094 2741 2137 non
2780 2074 2901 2136 hu·-

497 2172 698 2237 manis
727 2174 948 2238 mediis
978 2181 1088 2237 ant
1115 2175 1421 2255 praesidiis
1452 2182 1881 2240 sustentatur:
1947 2176 2101 2239 Non
2137 2184 2436 2251 exercitu,
2468 2194 2602 2236 non
2630 2174 2894 2251 viribus,

494 2274 610 2335 sed
638 2273 896 2354 Spiritu
925 2293 1086 2355 me0,
1118 2274 1322 2355 inquit
1355 2274 1685 2339 DominuS.
1774 2274 2013 2338 Verum
2044 2273 2227 2356 longe
2258 2273 2459 2353 majus
2488 2278 2555 2335 et
2594 2269 2895 2332 illustrius

497 2370 732 2434 censeri
763 2372 950 2434 debet
992 2370 1255 2435 alterum
1288 2372 1443 2435 illud
1471 2373 1857 2453 beneficium,
1910 2372 2072 2453 quod
2118 2372 2496 2452 praecipuum
2546 2373 2642 2430 est
2672 2365 2893 2428 divinae

493 2467 907 2530 Protectionis
955 2468 1442 2548 fundament-um,
1486 2473 1599 2533 sub
1649 2472 1827 2548 cujus
1874 2472 2096 2532 umbra
2142 2470 2440 2531 hactenus
2474 2465 2596 2528 tuti
2626 2462 2889 2544 quiesci-

495 2584 632 2627 mus
659 2586 676 2638 ;
731 2563 1010 2628 Coelestis
1061 2566 1350 2628 nimirum
1385 2564 1662 2640 Veritas,
1713 2572 1779 2628 et
1828 2566 2099 2646 purioris
2117 2564 2462 2645 Religionis
2514 2561 2881 2642 depositum,

494 2664 672 2743 cujus
703 2662 1118 2726 inaestimabili
1149 2665 1311 2726 dono
1358 2665 1544 2726 beare
1577 2683 1689 2727 nos
1741 2663 1936 2726 voluit
1968 2664 2159 2743 Deus,
2196 2683 2310 2743 per
2342 2681 2525 2742 quam
2558 2658 2890 2740 profligata

493 2759 762 2824 Romani
797 2759 1224 2824 Anti-Christi
1275 2761 1627 2841 tyrannide,
1664 2761 1895 2824 Errore
1946 2762 2349 2841 triumphato,
2390 2761 2606 2840 fugata
2656 2757 2885 2836 Super-

494 2858 768 2934 stitione,
806 2859 999 2922 Idolis
1049 2859 1292 2935 dirutis,
1346 2859 1638 2924 discussis
1670 2859 1990 2936 Tenebris,
2042 2859 2183 2922 Lux
2233 2858 2343 2920 illa
2388 2855 2699 2936 salutaris,
2748 2875 2885 2935 (111εο

490 2958 658 3020 Post
691 2955 1012 3019 Tenebras
1031 2958 1164 3036 jam
1193 2957 1337 3021 olim
1371 2957 1757 3037 sperabatur,
1788 2963 1929 3020 orta
1956 2965 2053 3021 est
2075 2957 2337 3020 feliciter
2356 2956 2434 3020 iis
2467 2955 2572 3036 qui
2595 2953 2892 3033 jacebant

492 3055 556 3116 in
590 3056 866 3118 tenebris
896 3057 1127 3118 umbrae
1162 3055 1396 3119 mortis.
1499 3053 1682 3118 Beati
1716 3055 1919 3131 colles,
1950 3075 2103 3137 quos
2152 3061 2407 3118 eatenus
2440 3053 2659 3116 dilexit
2692 3051 2884 3122 Deus,

491 3161 565 3214 ut
597 3151 666 3214 in
694 3151 816 3215 illis
846 3171 1096 3216 aureum
1130 3153 1440 3218 Veritatis
1473 3153 1920 3217 Candelabrum
1972 3153 2322 3234 collocaret,
2374 3173 2456 3216 ex
2504 3170 2626 3231 quo
2659 3148 2883 3212 divinae

490 3251 645 3314 lucis
672 3249 834 3313 radii
867 3250 1257 3332 undiquaque
1286 3251 1490 3314 diffusi
1522 3271 1805 3332 magnam
1838 3252 2027 3315 Orbis
2060 3251 2406 3314 Reformati
2438 3256 2681 3331 partem
2708 3247 2881 3310 illus-

489 3349 772 3411 trarunt!
838 3347 1020 3412 Felix
1047 3349 1280 3413 Civitas
1329 3357 1396 3413 et
1433 3349 1732 3424 Ecclesia,
1769 3369 1951 3429 quam
1978 3356 2161 3412 tanto
2204 3351 2438 3412 honore
2466 3347 2756 3427 dignatus
2785 3351 2883 3408 est
2936 3415 2955 3437 x

491 3446 792 3528 Christus,
829 3453 902 3508 ut
929 3465 1062 3510 eam
1112 3447 1180 3509 in
1211 3449 1398 3510 Arcae
1433 3447 1827 3522 domicilium,
1866 3447 2187 3529 Evangelii
2219 3447 2443 3520 sedem,
2496 3451 2561 3508 et
2593 3442 2881 3507 Nominis

489 3543 584 3606 8111
619 3544 953 3607 sacrarium
986 3544 1381 3626 consecrarit,
1417 3565 1554 3625 (11100
1586 3553 1661 3606 111
1693 3552 1764 3606 111
1792 3545 2023 3608 1111111110
2052 3565 2240 3610 exosa
2252 3546 2523 3607 furorem
2554 3549 2623 3606 et
2646 3543 2881 3605 rabiem

489 3641 739 3705 Diaboli
797 3653 864 3705 et
932 3642 1356 3706 Anti—Christi
1417 3641 1482 3704 in
1545 3661 1612 3706 se
1662 3643 1858 3724 magis
1904 3645 2217 3725 magisque
2274 3641 2571 3708 concitari
2626 3641 2877 3720 sentiat,

488 3739 625 3802 Deo
656 3747 864 3804 tamen
903 3740 1152 3822 dilecta,
1201 3749 1268 3804 et
1299 3741 1499 3804 instar
1538 3740 1787 3820 pupillae
1817 3741 1975 3804 oculi
2006 3744 2213 3823 chara,
2248 3743 2361 3805 sub
2392 3743 2611 3803 umbra
2643 3737 2878 3800 alarum

487 3837 622 3916 ejus
672 3839 942 3902 suaviter
971 3839 1302 3920 delitescit,
1339 3858 1458 3901 non
1490 3839 1671 3903 bonis
1701 3845 1944 3901 tantum
1980 3840 2107 3904 suis
2138 3840 2281 3902 laeta
2318 3839 2611 3920 gaudens,
2646 3836 2757 3899 sed
2806 3855 2881 3898 ea

485 3935 674 3998 etiam
723 3934 1004 4015 pluribus
1054 3935 1192 4000 aliis
1238 3943 1419 4018 grata
1465 3936 1845 4017 impertiens,
1902 3957 2159 4017 quarum
2204 3938 2343 4001 ideo
2388 3937 2485 4000 vel
2523 3937 2733 4000 Mater
2781 3934 2877 3997 vel

487 4031 726 4094 Nutrix
757 4033 876 4097 dici
911 4034 1159 4116 meruit,
1191 4054 1326 4116 quae
1357 4055 1468 4098 sua
1509 4035 1899 4112 incunabula,
1932 4035 2028 4100 vel
2060 4036 2462 4116 incrementa,
2498 4042 2642 4116 post
2672 4035 2874 4096 Deum

485 4130 627 4193 huic
661 4138 888 4194 110811Ἒο
921 4132 1146 4196 debere
1179 4152 1246 4196 se
1277 4133 1686 4214 profitentur!
1760 4132 1886 4197 Sed
1920 4153 1994 4197 eo
2025 4134 2267 4198 nomine
2306 4134 2695 4214 potissimum
2726 4132 2879 4194 bea-

485 4235 574 4310 ta,
629 4229 791 4308 quod
841 4229 1187 4293 admirabili
1238 4229 1721 4295 Reformationis
1772 4231 2094 4314 privilegio
2142 4232 2437 4314 singulari
2488 4231 2608 4294 Dei
2662 4231 2873 4292 favore

483 4343 724 4406 semper
750 4327 1012 4403 fruatur,
1037 4336 1102 4392 et
1131 4329 1640 4409 pretiosissimum
1664 4329 2003 4412 Religionis
2035 4337 2305 4406 κειμήλιον
2334 4329 2451 4394 sibi
2484 4325 2871 4391 commissum

483 4423 786 4488 illibatum
816 4426 1114 4490 hactenus
1146 4429 1440 4492 servarit!
1509 4427 1663 4492 Haec
1696 4435 1792 4493 est
1819 4429 2037 4510 gloria,
2066 4429 2220 4494 Haec
2249 4447 2475 4493 corona
2496 4431 2729 4498 nostra,
2752 4445 2875 4505 qua

483 4519 620 4586 aliis
647 4523 802 4587 bene
837 4523 1046 4588 multis
1075 4533 1378 4589 terrarum
1408 4526 1653 4608 populis
1682 4527 1903 4607 quibus
1934 4527 2193 4591 similem
2229 4523 2553 4606 denegavit
2584 4524 2867 4604 gratiam,

483 4620 871 4704 antistamus,
889 4629 956 4686 et
975 4623 1242 4706 glorioso
1261 4625 1493 4689 Poculii
1516 4626 1659 4700 Dei,
1682 4632 1747 4690 et
1771 4627 1975 4690 Sacrae
1996 4625 2200 4690 Sionis
2222 4623 2465 4688 nomine
2484 4621 2866 4704 insignimur.
