3300 5225
278 386 499 439 Quaes‘r.
532 368 647 451 xa]
1290 390 1369 431 m:
1398 390 1740 434 sommum.
2567 371 2675 427 101

272 527 401 605 δια,
431 529 697 604 citantur,
728 548 847 587 non
876 528 1011 587 hinc
1036 529 1202 605 petiti
1230 538 1363 589 sunt
1388 532 1463 589 ab
1492 531 1795 609 Apost010,
1827 531 1931 591 sed
1957 552 2032 591 ex
2059 530 2322 609 pluribus
2351 526 2599 587 Psalmis
2626 526 2684 585 in

270 628 453 667 unum
480 608 787 684 contracti3
826 616 893 668 ut
918 627 993 667 ex
1024 607 1121 667 Ps.
1150 628 1217 684 v;
1256 609 1347 685 xi;
1388 610 1604 687 xxxvi3
1644 612 1770 687 cxl;
1810 620 1871 671 et
1892 612 2007 671 Isa.
2037 611 2140 688 lix,
2169 609 2327 689 quod
2357 608 2555 667 Hiero.
2578 606 2680 665 do-

271 688 395 747 cuit
419 687 637 765 praefat.
666 687 729 745 in
761 689 833 746 16
862 687 963 746 lib.
994 688 1287 747 Commen.
1315 688 1377 746 in
1407 689 1521 749 Isa.
2623 754 2630 762 ‚

355 766 544 825 XXI.
592 769 623 824 1
657 767 788 825 Cor.
816 786 917 825 xv.
946 770 1044 842 47,
1072 785 1191 825 non
1217 775 1306 827 est
1332 770 1621 847 corruptio
1647 770 1710 829 in
1736 769 1928 829 Textu
1957 768 2181 845 Graeco,
2207 766 2310 827 sed
2337 768 2398 826 in
2423 765 2687 843 Vulgata

272 844 577 920 Versionc,
607 865 737 922 quae
762 845 959 904 omisit
984 865 1195 905 nomen
1220 846 1410 927 Κῦρος,
1441 867 1556 925 quo
1582 849 1680 908 hic
1719 847 2030 927 insignitur
2057 848 2337 923 Christus,
2365 854 2434 906 ut
2459 850 2685 905 constet

270 944 401 984 csse
431 925 743 984 Dominum
770 926 815 985 J
816 925 1079 1001 011ον0111,
1110 945 1225 984 non
1267 927 1486 985 nudum
1521 928 1830 1003 hominem,
1867 936 1930 987 et
1954 928 2036 987 sic
2069 928 2374 987 antithesis
2412 925 2584 1003 primi
2624 930 2684 982 et

272 1005 512 1064 secundi
540 1003 757 1063 Adami
782 1005 965 1064 multo
994 1012 1083 1063 est
1109 1003 1324 1083 fortior,
1355 1008 1584 1065 Primus
1608 1010 1772 1067 homo
1799 1010 1869 1067 de
1895 1017 2054 1067 tem-a
2075 1017 2345 1083 menas,
2367 1008 2470 1064 sed
2489 1022 2680 1063 secun·

272 1086 379 1149 dus
404 1086 566 1143 homo
593 1084 871 1143 Dominus
897 1104 928 1142 0
954 1087 1107 1143 coelo.

354 1162 595 1221 XXII.
624 1164 902 1237 Quamvis
928 1161 1207 1238 δοξαλογίε,
1237 1183 1367 1240 quae
1394 1164 1655 1241 habetur,
1688 1165 1898 1225 Matth.
1927 1166 2008 1225 vi.
2043 1168 2134 1240 13,
2165 1164 2226 1223 in
2255 1163 2514 1223 clausula
2540 1161 2680 1222 Ora-

272 1242 448 1301 tionis
478 1242 795 1301 Dominicae
822 1262 940 1301 non
967 1252 1128 1303 extet
1154 1243 1307 1320 apud
1336 1242 1572 1319 Lucam,
1604 1264 1654 1303 c.
1690 1247 1782 1321 ll,
1804 1245 1993 1304 necin
2013 1244 2190 1303 variis
2217 1241 2643 1319 exemplaribus
2666 1262 2682 1299 ε

274 1322 407 1381 Νο11
436 1322 693 1398 sequitur
720 1330 1047 1400 corruptum
1075 1342 1201 1381 esse
1229 1323 1437 1397 locum,
1467 1322 1605 1400 quia
1632 1324 1917 1383 Dominus
1956 1324 2144 1401 potuit
2171 1323 2262 1383 bis
2287 1322 2529 1380 eandem
2555 1339 2682 1398 pre-

273 1401 443 1459 candi
471 1401 773 1460 formulam
798 1422 1131 1479 proponere,
1162 1401 1347 1480 primo
1374 1402 1435 1459 in
1460 1401 1688 1479 privata
1715 1404 2126 1481 discipulorum
2164 1402 2523 1461 institutione
2559 1398 2684 1457 sine

272 1500 359 1555 ea,
389 1480 597 1540 deinde
626 1482 809 1540 turbae
830 1481 1185 1559 promiscuae,
1208 1482 1311 1541 ubi
1330 1482 1489 1539 illam
1512 1482 1745 1560 adjecit.
1829 1484 1952 1541 Nec
1971 1482 2266 1541 insolitum
2287 1499 2465 1539 unum
2488 1480 2682 1537 Evan-

273 1560 539 1636 gelistam
566 1559 855 1637 praeterire
896 1560 1054 1637 quod
1092 1562 1239 1619 alter
1264 1562 1523 1639 exponit,
1565 1582 1698 1621 cum
1739 1563 1932 1621 omnia
1957 1582 2157 1621 omnes
2188 1558 2540 1639 perscribere
2567 1577 2684 1616 non

274 1639 658 1699 necessarium
685 1640 973 1715 duxerint,
1002 1648 1070 1700 ut
1098 1642 1266 1701 Matt.
1290 1641 1369 1699 vi.
1400 1644 1496 1717 33,
1525 1641 1773 1701 habetur
1797 1643 2047 1709 Quaem'te
2073 1644 2332 1718 Reqnum
2351 1640 2470 1697 Dei
2493 1647 2546 1697 et
2554 1640 2682 1715 jus-

274 1719 453 1778 titiam
492 1722 613 1795 ejus
628 1743 653 1792 ,·
695 1718 781 1778 At
823 1720 965 1779 Luc.
1006 1720 1087 1778 vi.
1130 1723 1226 1796 31,
1271 1720 1607 1797 simpliciter
1645 1721 1907 1796 habetur,
1957 1722 2208 1789 Quoerite
2246 1722 2508 1796 Regnum
2547 1718 2682 1776 Dei.

274 1798 407 1857 Non
448 1818 587 1875 ergo
628 1798 878 1874 eradere,
910 1799 1014 1857 sed
1050 1801 1315 1877 supplere
1356 1808 1581 1877 oportet
1620 1820 1698 1859 ex
1740 1802 2038 1878 Matthaeo‚
2068 1800 2226 1877 quod
2254 1799 2444 1857 Lucas
2471 1796 2681 1873 omisit,

272 1898 403 1937 cum
423 1886 665 1953 uterque
693 1877 768 1936 sit
792 1877 1104 1943 suamve-m
1120 1909 1138 1946 3
1180 1880 1433 1937 maxime
1460 1900 1591 1939 cum
1618 1880 1732 1938 ista
1755 1881 2024 1957 pericopa
2037 1880 2318 1938 habeatur
2337 1879 2399 1936 in
2419 1877 2686 1937 omnibus

273 1958 497 2017 Graecis
524 1955 820 2015 codicibus
846 1958 1001 2034 apud
1029 1958 1391 2033 Matthaeum,
1420 1967 1487 2017 ut
1512 1961 1796 2017 Erasmus
1821 1967 1884 2019 et
1907 1962 2126 2018 Bellar.
2156 1959 2423 2017 fatentur.

352 2035 615 2093 XXIII.
660 2034 937 2108 Quamvis
964 2036 1026 2092 in
1053 2035 1397 2111 quibusdam
1440 2037 1752 2096 codicibus
1789 2039 2032 2115 legatur,
2066 2038 2236 2097 Rom.
2263 2037 2368 2095 xii.
2404 2039 2496 2112 11,
2525 2038 2686 2117 μαζῷ·

270 2112 567 2177 amam-⁶
600 2114 837 2187 tempori
859 2114 1167 2189 sementes,
1207 2116 1323 2173 hoc
1346 2135 1466 2173 non
1504 2116 1751 2175 habetur
1775 2116 1837 2173 in
1878 2117 2160 2191 omnibus,
2203 2116 2320 2174 imo
2347 2117 2688 2175 Francisczoe

271 2196 463 2252 Lucas
490 2199 735 2251 testatur
760 2212 822 2250 se
851 2212 956 2251 sex
982 2192 1215 2269 vidisse,
1259 2193 1321 2251 in
1348 2194 1557 2269 quibus
1584 2202 1739 2253 esset
1766 2196 1944 2275 Kvglq.
2027 2197 2184 2253 Beza
2209 2192 2414 2253 asserit
2445 2194 2530 2253 ita
2565 2194 2687 2271 legi

272 2274 335 2331 in
360 2270 779 2349 probatissimis
818 2271 1159 2349 quibusque,
1202 2281 1263 2331 et
1288 2274 1460 2331 Dom.
1502 2292 1543 2330 a
1581 2274 1717 2331 Soto
1758 2274 2030 2334 observat
2067 2292 2196 2332 eam
2222 2273 2528 2333 lectionem
2561 2273 2686 2351 jam

273 2350 588 2413 universim
616 2358 831 2426 extare,
863 2359 985 2409 tum
1015 2352 1219 2411 Graece
1246 2360 1370 2410 tum
1399 2352 1623 2419 Latine.

354 2428 607 2489 XXIV.
651 2430 883 2489 Certum
911 2438 1001 2488 est
1027 2449 1226 2489 omnes
1268 2429 1505 2490 Graecos
1548 2428 1792 2490 Codices
1833 2430 2109 2491 dissidere
2137 2452 2174 2491 a
2201 2429 2442 2505 Latinis,
2478 2433 2509 2488 1
2539 2428 2586 2489 J
2586 2430 2680 2489 011.

272 2510 353 2569 iv.
382 2512 438 2585 3,
468 2528 601 2566 nam
628 2508 728 2568 ubi
759 2508 951 2569 Graeci
976 2509 1193 2569 habent
1219 2510 1394 2569 omnis
1419 2508 1666 2586 Spiritus
1693 2511 1793 2587 qui
1815 2532 1927 2570 non
1953 2514 2242 2591 confitetur
2264 2512 2463 2569 Jesum
2494 2510 2684 2570 C'lm's-

270 2598 387 2648 tum
414 2589 473 2648 in
499 2608 671 2648 carne
696 2590 917 2664 venisse,
948 2588 1255 2654 Latinisic
1280 2590 1499 2668 legunt,
1530 2590 1709 2650 omnis
1733 2591 1978 2668 Spim'tzae
2005 2590 2288 2669 qui‘solvt't
2309 2592 2506 2650 Jesum
2523 2613 2542 2650 .·
2569 2608 2687 2649 non

273 2670 861 2807 1(ἔρεξε)ἰιιιξᾱοοιῚἿιῙ)ιοῙὲιῩ
882 2669 1242 2808 esse-fonte?
1251 2669 1401 2807 ἓυία
1425 2669 1599 2806 lectio
1628 2671 1838 2730 Graeca
1876 2681 1936 2730 et
1961 2673 2262 2750 augustior
2287 2677 2394 2747 est,
2424 2676 2484 2730 et
2507 2670 2684 2748 longe

296 2769 331 2807 o
386 2768 473 2806 ior
575 2768 777 2806 versus
864 2769 925 2807 es
952 2769 1077 2806 orm
1164 2769 1196 2807 e
1306 2769 1343 2808 u
1413 2770 1443 2807 c
1486 2769 1595 2808 em.
1890 2781 1898 2788 ·

354 2826 569 2896 XXV.
626 2826 811 2887 Aliud
864 2836 955 2886 est
1010 2757 1577 2904 eruptioijliud
1628 2830 1798 2888 varia
1838 2831 2049 2890 Lectio.
2151 2829 2362 2888 Varias
2407 2828 2684 2888 lectiones

272 2905 468 2983 plures
496 2905 623 2964 dari
649 2915 767 2965 tam
794 2905 855 2964 in
882 2907 959 2966 V.
989 2927 1163 2984 quam
1202 2908 1265 2966 in
1292 2908 1367 2967 N.-
1395 2909 1463 2966 Τ.
1506 2907 1768 2985 fatemur‚
1800 2929 1929 2986 quae
1969 2929 2046 2968 ex
2073 2909 2364 2967 variorum
2406 2907 2682 2967 Codicum

272 2985 577 3047 collatione
604 2986 896 3062 oriuntur;
940 2986 1045 3046 sed
1072 2987 1493 3065 corruptionem
1521 2985 1727 3050 saltem
1753 2989 2139 3048 universalem
2165 2987 2290 3047 dari
2317 3006 2615 3064 negamus.
2695 2981 2708 2994 ”

354 3063 603 3124 XXVI.
646 3065 831 3124 Aliud
858 3073 946 3124 est
971 3066 1131 3142 loqui
1160 3065 1233 3124 dc
1260 3069 1643 3126 haereticorum
1671 3077 1875 3125 conatu
1901 3068 1961 3125 in
1988 3067 2418 3144 corrumpendis
2446 3066 2682 3144 quibus-

271 3143 405 3202 dam
436 3143 761 3218 Codicibus,
791 3144 947 3220 quod
974 3144 1141 3203 facile
1170 3145 1553 3220 concedimus,
1585 3167 1700 3222 quo
1721 3147 2016 3224 'pertinent
2055 3146 2303 3224 querelae
2335 3147 2588 3222 Patrum,
2618 3153 2685 3204 ut

272 3223 346 3280 de
378 3222 672 3279 Marcione
700 3225 905 3282 Irenae.
945 3224 1007 3282 li.
1038 3224 1117 3282 xi.
1148 3245 1197 3282 c.
1229 3227 1325 3300 29,
1368 3234 1428 3284 et
1461 3227 1648 3300 Ore'qe.
1689 3226 1750 3282 in
1781 3226 1890 3284 Ro.
1921 3227 2042 3285 xvi.
2077 3230 2168 3302 1-3,
2199 3233 2259 3284 οι
2289 3227 2566 3284 Τήεοᾱον.
2609 3226 2682 3284 (10

271 3301 517 3359 Tatiano
544 3300 646 3359 lib.
680 3304 731 3360 l.
760 3301 963 3361 haeres.
1034 3301 1218 3362 Aliud
1238 3324 1378 3362 vero
1406 3305 1477 3363 de
1504 3324 1769 3380 successu,
1791 3325 1892 3364 seu
1910 3306 1982 3363 de
2003 3305 2264 3386 plen-aria
2285 3313 2344 3364 et
2370 3303 2684 3364 universali

271 3380 651 3456 corruptione,
680 3399 853 3457 quam
880 3401 1175 3458 negamus,
1206 3390 1329 3441 tum
1356 3392 1588 3461 propter
1600 3383 2042 3458 'Providentiam
2062 3385 2189 3459 Dei,
2213 3403 2344 3460 quae
2370 3403 2486 3441 non
2512 3403 2685 3460 passa

272 3466 363 3518 est
402 3479 501 3518 eos
541 3460 813 3536 perficere
861 3461 1017 3537 quod
1060 3461 1451 3538 intendebant,
1494 3467 1619 3523 tum
1659 3471 1892 3540 propter
1935 3465 2170 3522 Patnun
2215 3461 2681 3522 orthodoxorum

272 3538 649 3614 diligentiam,
678 3533 781 3616 {lui
818 3539 997 3618 penes
1038 3560 1101 3601 se
1143 3541 1386 3601 Codices
1412 3541 1605 3600 varios
1643 3541 1942 3617 habentes,
1973 3562 2009 3600 a
2034 3541 2374 3617 corruptelis
2400 3541 2683 3600 immunes

273 3637 373 3676 eos
398 3618 802 3701 praestiterunt.
1380 3627 1387 3632 “

1196 3808 1583 3944 QnAEsno
1624 3855 1745 3915 XI.

950 4007 955 4010 ’
1062 4030 1143 4071 nr.
1170 3991 1453 4074 ammona
1478 3993 1878 4075 Aurnm'rrcA.

274 4149 367 4229 A'n
393 4172 517 4230 soca
542 4129 742 4230 Editio
772 4169 1020 4230 Hebrm
1056 4172 1269 4232 Veteris
1299 4173 1442 4232 Tea.
1472 4181 1527 4231 et
1557 4173 1771 4234 amca
1795 4174 1952 4234 Nous
1973 4172 2046 4234 sit
2069 4174 2387 4234 authentica
2402 4177 2432 4234 ,τ
2513 4174 2678 4234 Affir.

1190 4259 1393 4325 contra
1420 4251 1772 4331 Pontificio&

356 4406 407 4466 I.
450 4409 743 4468 Editionee
769 4408 1097 4484 Soenpturoe,
1142 4406 1271 4468 aliae
1312 4418 1447 4471 sunt
1486 4411 1804 4492 πςατὸτυποι
1845 4431 1948 4472 seu
1975 4411 2267 4493 ὶςχίτνποι,
2295 4411 2683 4486 ονίρίηαϊεεα

265 4487 566 4562 primariae
592 4487 801 4564 quibus
828 4489 1015 4565 primo
1051 4490 1142 4548 usi
1170 4499 1305 4550 sunt
1345 4491 1621 4566 authores.
1653 4493 1929 4550 librorum
1952 4512 1968 4568 3
2013 4492 2167 4550 Aliae
2194 4510 2332 4551 vero
2357 4488 2557 4549 ’ἔκτυπα
2585 4490 2682 4549 vel

272 4569 635 4642 secundariae,
666 4568 804 4625 nim.
833 4568 1147 4627 Versiones
1175 4570 1393 4646 quibus
1412 4571 1473 4628 in
1489 4571 1632 4630 alias
1657 4571 1888 4648 linguas
1905 4579 1994 4630 est
2011 4571 2286 4630 derivata.
2373 4571 2682 4629 Hebraeam

276 4644 352 4703 V.
382 4655 441 4704 ct
469 4647 731 4708 Graecam
762 4647 833 4706 N.
864 4647 931 4706 Τ.
975 4669 1102 4708 esse
1144 4648 1483 4725 originalem
1524 4657 1583 4708 et
1621 4650 2021 4727 primigeniam
2049 4669 2216 4709 nemo
2244 4657 2458 4726 negat:
2544 4647 2677 4724 Sed,
