3300 5225
517 344 636 402 294
1487 357 1671 399 Locus
1698 358 1989 407 omarus.
2578 335 2828 418 [QUAEST.
2860 357 2919 400 v.

513 503 638 562 vita
663 508 906 580 possunt
933 499 1172 578 concipi,
1204 507 1328 558 tum
1355 498 1494 577 quia
1517 499 1799 560 terminus
1826 500 1925 559 ille
1952 499 2166 558 nemini
2200 498 2469 576 cognitus
2496 507 2603 575 est,
2632 505 2759 558 tum
2785 499 2925 576 quia

513 603 716 662 preces
759 581 972 640 debent
1015 599 1240 658 semper
1279 599 1406 638 esse
1447 600 1526 639 ex
1567 581 1881 658 hypothesi
1916 579 2233 640 voluntatis
2278 579 2407 655 Dei,
2454 579 2549 638 cui
2596 599 2657 638 se
2702 599 2924 656 suaque

516 664 710 722 omnia
735 662 936 722 fideles
965 681 1190 739 semper
1215 659 1553 720 submittere
1581 659 1813 720 debent.

599 743 790 802 XXI.
833 742 946 817 Qui
971 741 1258 801 violentes
1299 741 1411 799 sibi
1453 760 1660 800 manus
1701 739 1969 814 inferunt,
2012 758 2131 798 non
2172 747 2417 816 possunt
2456 739 2593 798 hinc
2635 739 2919 818 excusari,

516 824 652 902 quia
678 823 793 883 tale
822 823 1010 882 scelus
1051 842 1168 879 non
1195 821 1578 896 committunt,
1621 828 1688 880 ut
1730 819 1959 878 decreto
2004 817 2132 894 Dei,
2177 819 2335 896 quod
2369 819 2655 896 ignorent,
2702 839 2923 880 morem

515 911 735 982 gerant,
768 902 871 961 sed
896 910 963 961 ut
989 901 1238 960 furorem
1267 900 1632 976 diabolicum,
1662 919 1777 978 quo
1817 899 2021 977 perciti
2048 907 2200 974 sunt,
2232 900 2537 977 expleant;
2582 899 2638 958 N
2640 919 2705 958 ec
2732 901 2921 977 magis

513 991 864 1043 excusantur
889 981 1044 1059 apud
1073 982 1261 1040 Deum
1291 979 1366 1038 ob
1393 980 1701 1040 terminum
1726 980 1865 1039 vitae
1893 999 2012 1039 suae
2039 979 2122 1038 ita
2146 979 2347 1056 fixum,
2378 999 2553 1057 quam
2578 980 2832 1040 latrones
2859 981 2922 1040 in

513 1063 773 1122 necando
801 1063 1038 1137 viatore,
1071 1063 1171 1138 qui
1199 1081 1274 1118 ex
1305 1060 1416 1118 Dei
1443 1060 1809 1138 providentia
1834 1060 1897 1118 in
1916 1079 2114 1118 eorum
2142 1079 2347 1118 manus
2373 1060 2596 1119 incidit.

595 1143 821 1201 XXII.
865 1141 1144 1202 Doctrina
1171 1140 1244 1200 de
1286 1141 1558 1199 Termino
1584 1140 1723 1200 vitae
1762 1139 1901 1216 fixo,
1932 1141 2017 1199 sic
2046 1140 2221 1200 debet
2246 1160 2353 1199 nos
2394 1139 2571 1200 fortes
2608 1147 2669 1198 et
2707 1139 2917 1218 imper-

510 1223 740 1282 territos
759 1221 997 1281 reddere
1025 1222 1086 1279 in
1112 1221 1384 1298 periculis
1404 1220 1673 1280 omnibus
1700 1241 1831 1298 quae
1850 1241 1957 1279 nos
1978 1220 2366 1295 circumstant,
2398 1219 2537 1278 dum
2557 1221 2920 1280 vocationem

508 1311 764 1362 nostram
793 1302 1118 1379 sequimur;
1161 1308 1228 1359 ut
1253 1320 1371 1358 non
1412 1300 1586 1361 faeiat
1623 1321 1734 1360 nos
1774 1301 2108 1360 temerarios
2134 1300 2213 1358 ad
2250 1301 2591 1360 tentandum
2620 1301 2827 1376 Deum,
2858 1309 2920 1360 et

510 1382 775 1442 adeunda
802 1382 1076 1459 quaelibet
1101 1380 1359 1458 pericula
1385 1381 1508 1440 sine
1536 1380 1912 1456 necessitst03
1956 1389 2023 1440 ut
2049 1381 2253 1440 Turcae
2280 1382 2391 1439 hoc
2426 1389 2729 1457 praetextu,
2759 1380 2921 1458 quod

507 1461 632 1522 dies
658 1464 914 1540 ipsorum
941 1461 1228 1521 numerati
1255 1460 1387 1536 sint,
1411 1461 1636 1520 nullum
1656 1460 1889 1538 fugiunt
1910 1459 2233 1536 discrimen,
2264 1469 2323 1520 et
2342 1461 2490 1521 nihil
2516 1460 2629 1520 sibi
2654 1469 2919 1520 metuunt

507 1563 544 1602 s
567 1552 748 1620 peste,
779 1543 1020 1623 ejusque
1043 1541 1328 1618 contagio,
1359 1560 1507 1618 quos
1532 1548 1835 1620 propterea
1853 1561 2076 1600 securos
2096 1561 2137 1599 a
2152 1551 2327 1618 peste,
2358 1544 2460 1600 sed
2482 1561 2594 1601 non
2631 1551 2774 1601 tutos
2800 1544 2919 1602 hoee

507 1621 694 1700 opinio
715 1631 970 1699 proestat,
1001 1630 1068 1681 ut
1095 1621 1236 1680 scite
1265 1621 1634 1698 Busbequius
1662 1621 1933 1699 loquitur,
1965 1621 2131 1699 epist.
2162 1625 2219 1680 4.

589 1701 852 1762 XXIII.
899 1703 1036 1762 Sive
1064 1701 1196 1780 quis
1221 1701 1499 1760 moriatur
1535 1702 1733 1776 semel,
1772 1710 1873 1760 aut
1911 1702 2018 1777 bis,
2060 1709 2127 1760 ut
2166 1701 2229 1760 in
2256 1701 2494 1778 Lazaro,
2526 1709 2587 1761 et
2612 1701 2733 1760 filia
2758 1701 2803 1762 J
2804 1702 2917 1760 siri

506 1783 716 1860 visum,
765 1783 889 1842 sive
931 1801 1050 1842 non
1089 1782 1382 1858 moriatur,
1426 1789 1494 1841 ut
1531 1782 1752 1856 Enoch,
1798 1790 1900 1842 eut
1940 1788 2165 1842 tantum
2207 1781 2557 1856 immutetur,
2602 1790 2671 1841 ut
2712 1781 2915 1841 fideles

506 1865 844 1941 superstites
884 1863 1200 1922 novissimo
1241 1863 1352 1937 die,
1389 1865 1419 1920 1
1453 1862 1582 1920 Cor.
1611 1882 1715 1920 xv.
1744 1864 1839 1938 51,
1882 1871 2077 1922 manet
2111 1870 2307 1922 tamen
2346 1861 2639 1920 immobile
2670 1862 2783 1920 Dei
2813 1861 2913 1920 de·-

506 1953 742 2020 cretum,
773 1963 888 2021 quo
918 1943 1162 2021 singulis
1189 1942 1440 2020 praefixit
1466 1950 1570 2002 sut
1593 1942 1791 2018 vitam,
1823 1950 1925 2001 eut
1950 1951 2211 2019 mortem,
2240 1963 2433 2018 unam,
2463 1942 2560 2001 vel
2602 1942 2908 2020 geminem,

505 2034 607 2083 eut
633 2025 1186 2083 transmutationem.
1926 2033 1931 2036 “

587 2103 838 2163 XXIV.
884 2103 1100 2162 Incola
1125 2103 1296 2180 primi
1323 2101 1544 2178 mundi,
1571 2101 1902 2178 Sodomitae,
1926 2109 1986 2160 et
2006 2101 2225 2160 similes
2249 2108 2581 2179 peccatores
2600 2121 2911 2180 prorogare

503 2191 771 2262 poterant
797 2184 996 2260 vitam,
1027 2185 1078 2242 si
1117 2183 1527 2260 resipuissent3
1571 2201 1690 2240 non
1716 2182 1869 2241 ultra
1895 2181 2203 2240 terminum
2230 2201 2267 2240 a
2296 2182 2423 2240 Deo
2448 2181 2649 2258 fixum,
2681 2183 2819 2258 quie
2845 2191 2911 2242 ut

503 2283 620 2322 non
648 2264 984 2323 decreverat
1021 2263 1138 2321 illis
1177 2263 1313 2322 dare
1356 2262 1829 2340 resipiscentiam,
1875 2262 1957 2320 ita
2000 2281 2107 2320 nec
2134 2261 2315 2320 vitam
2360 2281 2557 2320 eorum
2600 2282 2911 2340 prorogare

503 2344 706 2420 voluit,
722 2342 840 2402 sed
865 2352 1132 2420 respectu
1159 2363 1460 2402 causarum
1485 2343 1837 2401 naturalium
1864 2350 1923 2400 et
1948 2361 2151 2400 cursus
2178 2341 2452 2400 ordinarii
2478 2342 2633 2401 vitae.

584 2423 800 2483 XXV.
845 2423 1123 2482 Ninivitis
1150 2423 1531 2482 denunciatus
1557 2422 1667 2482 fuit
1692 2421 1959 2481 interitus
1992 2421 2103 2480 sub
2140 2421 2485 2495 conditione,
2528 2422 2643 2481 nisi
2676 2423 2908 2499 resipis-

503 2513 714 2579 cerent,
761 2503 864 2562 sed
889 2504 1068 2563 tacita.
1107 2511 1166 2561 et
1192 2503 1612 2580 subintellecta,
1657 2502 1814 2580 quod
1840 2509 1907 2560 ut
1931 2501 2111 2577 fieret,
2144 2502 2307 2560 Deus
2332 2502 2579 2560 terribili
2606 2503 2909 2580 Prophetae

503 2583 946 2645 comminatione
974 2582 1181 2642 effecit.

585 2663 836 2723 XXVI.
881 2662 1074 2738 Quum
1102 2662 1316 2737 Moses,
1349 2663 1448 2721 Ps.
1471 2682 1564 2722 xc.
1588 2665 1679 2737 10,
1706 2662 1848 2721 dicit
1874 2663 1993 2721 dies
2018 2663 2145 2721 vitae
2162 2672 2371 2722 πωπω
2396 2682 2510 2721 esse
2534 2663 2904 2739 septinginta,

501 2748 590 2804 vel
613 2744 894 2821 octoginta
918 2762 1136 2816 annom
1177 2762 1296 2801 non
1333 2740 1591 2819 loquitur
1617 2742 1691 2801 de
1718 2742 1962 2803 termino
1991 2744 2129 2803 vitae
2170 2743 2409 2821 speciali
2448 2743 2656 2819 cuique
2696 2743 2907 2802 indivi-

501 2824 621 2884 duo
647 2824 976 2899 constituto,
1009 2823 1114 2882 sed
1139 2830 1262 2881 tum
1290 2821 1364 2880 de
1389 2824 1634 2881 termino
1664 2823 1937 2900 generali,
1968 2823 2043 2881 ad
2064 2842 2237 2899 quem
2264 2824 2387 2882 vita
2405 2823 2795 2883 Israelitarum
2816 2823 2909 2883 sui

499 2904 776 2982 temporis
817 2903 1049 2962 redacta
1090 2909 1228 2978 erat,
1273 2921 1518 2979 quorum
1559 2896 1819 2979 corpora'
1838 2903 2121 2961 cadebant
2166 2903 2229 2961 in
2274 2903 2517 2979 deserte,
2570 2909 2628 2961 et
2674 2903 2909 2980 quidem

499 3004 771 3062 magnam
798 2991 1019 3061 partem
1047 2983 1198 3041 intre.
1236 2982 1402 3040 illum
1441 2982 1749 3041 terminum
1779 2985 1857 3040 70
1896 2990 1997 3041 aut
2038 2985 2117 3041 80
2157 3002 2471 3060 annorum3
2514 2992 2639 3041 tum
2677 2983 2753 3042 de
2792 2992 2909 3042 ter-

499 3066 656 3123 mino
685 3062 976 3123 communi
1015 3062 1204 3140 posito
1243 3062 1382 3121 vitae
1421 3062 1735 3137 hominum,
1780 3063 1881 3138 qui
1922 3063 1983 3127 ὃς
2024 3064 2105 3122 ὃς)
2134 3068 2189 3122 τὶ
2229 3080 2367 3123 man
2405 3063 2557 3123 intra
2595 3064 2905 3122 terminum

498 3146 674 3204 istum
703 3142 984 3219 consistit,
1029 3150 1087 3202 et
1114 3141 1348 3219 quidem
1375 3142 1436 3200 in
1473 3142 1903 3217 valentioribus,
1948 3144 2147 3221 paucis
2187 3144 2352 3204 illum
2392 3151 2453 3203 et
2493 3143 2783 3203 rarissime
2810 3162 2905 3203 su·

497 3222 866 3363 PeerXlVlISI.
912 3303 1050 3361 Huc
1088 3320 1206 3359 non
1247 3302 1396 3360 male
1443 3301 1701 3379 refertur,
1746 3301 1903 3379 quod
1948 3304 2165 3379 passim
2214 3303 2368 3381 apud
2414 3303 2799 3380 Philosophus
2847 3311 2905 3362 et

499 3385 706 3445 Poetae
733 3383 1004 3461 profanos
1032 3381 1104 3441 de
1131 3381 1277 3441 lethi
1303 3381 1645 3441 certitudine
1674 3390 1733 3441 et
1758 3382 2200 3443 inevitabilitate
2226 3384 2457 3461 legitur,
2490 3392 2554 3442 ut
2581 3383 2730 3443 illud
2760 3384 2897 3441 Pin-

495 3465 622 3524 dari
665 3464 860 3541 Pythi·
905 3463 1015 3522 ode
1061 3463 1152 3538 12,
1197 3467 1252 3521 τὶ
1280 3486 1340 3534 ’γι
1366 3462 1602 3543 μόριμον
1631 3465 1685 3521 οὗ
1711 3462 2017 3543 wlepem-ur,
2049 3464 2129 3523 id.
2156 3467 2347 3539 fatale
2374 3468 2656 3523 decretum
2682 3484 2795 3522 non
2823 3472 2904 3521 est

495 3547 765 3605 evitabile.
854 3544 1028 3603 Unde
1055 3560 1266 3601 nomen
1293 3544 1488 3601 mortis
1513 3543 1748 3601 videtur
1786 3543 2069 3620 originem
2111 3544 2321 3603 ducere
2350 3564 2385 3601 a
2413 3564 2557 3603 voce
2595 3543 2743 3624 μλςος
2768 3564 2900 3620 quse

496 3626 652 3703 apud
683 3626 895 3685 Polites
935 3644 1040 3701 pro
1068 3623 1226 3683 letho
1257 3623 1527 3697 sumitur3
1569 3622 1715 3704 pig-5
1756 3624 1910 3681 enim
1938 3644 1973 3681 s
2000 3624 2179 3683 verbo
2204 3626 2353 3718 μιίςυ
2380 3624 2700 3699 deducitur,
2734 3617 2900 3700 qussi

488 3707 827 3787 μιμιςισμέιος
847 3710 948 3770 τοῖς
971 3704 1140 3779 mio-lv,
1167 3704 1216 3761 ἔτι
1234 3700 1284 3762 ³⁸
1299 3712 1388 3762 τοῦ
1401 3703 1546 3784 μίξις
1573 3704 1757 3775 aya-{ua
1783 3728 2039 3783 μεμε-μον,
2060 3712 2125 3763 ut
2146 3705 2403 3781 loquitur
2422 3704 2655 3780 Etym0.
2680 3724 2895 3780 magm,

491 3795 549 3845 et
577 3806 679 3863 per
705 3786 1052 3844 metathesin
1081 3810 1127 3857 e,
1156 3784 1412 3864 paige-aptos,
1443 3790 1498 3841 τὸ
1527 3787 1829 3865 ππςυμίιον
1856 3790 1947 3842 καὶ
1972 3790 2027 3842 τὶ
2055 3785 2351 3862 ιῖμκςμίιοι.
2436 3784 2527 3843 ΕΟ
2554 3785 2729 3843 etiam
2768 3802 2897 3860 per-

489 3866 678 3924 tinent
704 3865 818 3923 iste.
846 3864 1120 3939 Lucretii,
1150 3864 1254 3923 lib.
1283 3862 1366 3923 iii.

1053 4020 1228 4081 Certa
1255 4022 1476 4097 quidem
1485 4022 1626 4099 finis
1652 4023 1781 4080 vitoe
1805 4024 2133 4081 mortalibus
2158 4026 2350 4083 adstat

1046 4103 1170 4159 Nee
1197 4101 1441 4159 devitari
1464 4102 1666 4159 lethum
1682 4110 1834 4177 pote,
1866 4104 2001 4178 quin
2028 4106 2305 4163 commus.

485 4260 565 4320 Et
591 4260 704 4320 ista
735 4259 862 4319 Silii
892 4259 1100 4333 Italici,

1042 4418 1128 4476 Ee
1139 4436 1292 4493 pace
1316 4428 1372 4476 et
1393 4420 1532 4477 bello
1559 4420 1768 4478 eunetis
1793 4428 1909 4477 stat
1930 4420 2197 4479 terminus
2220 4423 2343 4497 oevt',

1041 4499 1488 4575 Extremumque
1513 4500 1659 4558 diem
1676 4500 1903 4576 pn’mus
1930 4501 2071 4560 tulit.

473 4682 508 4721 e
536 4658 746 4739 quibus
773 4674 888 4717 non
917 4656 1202 4717 abludunt
1241 4658 1363 4716 haec
1407 4658 1701 4717 Ciceronis
1741 4658 1815 4717 de
1858 4666 2171 4735 senectute,
2219 4662 2255 4693 “
2284 4658 2455 4735 Quod
2494 4659 2703 4736 cuique
2746 4666 2888 4717 tem-
