3300 5225
281 354 504 409 quater.
535 331 740 413 xvm.]
1113 354 1191 393 m:
1221 354 1802 397 swnnsrinsrroas.
2580 342 2691 401 371

286 494 446 561 Heb.
475 493 536 553 ii.
572 496 664 567 16,
695 501 755 552 et
795 492 1008 553 missus
1047 502 1138 555 est
1177 513 1293 553 non
1336 514 1442 571 pro
1483 494 1865 571 daemonibus,
1910 494 2015 555 sed
2052 513 2159 571 pro
2198 493 2566 556 hominibus:
2610 498 2705 559 Ita

282 574 424 633 solis
449 572 782 633 hominibus
819 580 974 633 recte
1014 574 1368 651 proponitur,
1411 593 1530 633 non
1557 594 1697 634 vero
1726 573 1991 649 diabolis,
2022 574 2233 653 quibus
2262 574 2491 634 sublata
2517 577 2705 637 omnis

283 672 417 730 spes
445 652 666 713 salutis.
739 650 1024 727 Secundo,
1054 653 1190 730 quia
1217 651 1508 713 daemones
1537 674 1669 724 cum
1697 652 1983 713 damnatis
2010 661 2179 713 extra
2200 652 2356 711 viam
2384 655 2701 735 constituti,

273 732 401 810 jam
447 740 585 792 sunt
625 732 688 789 in
730 739 885 791 statu
927 732 1158 809 poenali,
1207 732 1311 791 ubi
1356 751 1560 811 poenas
1605 732 1868 813 pendunt
1910 752 2145 791 suorum
2194 732 2531 811 criminum;
2592 754 2701 795 nec

282 820 526 889 possunt
553 812 802 889 amplius
829 811 1003 871 etiam
1043 811 1382 889 imperative
1410 813 1644 889 vocari3
1693 813 1811 873 Sed
1836 810 2031 890 quoad
2070 810 2362 904 reprobos,
2392 812 2530 890 quia
2558 822 2695 873 sunt

281 891 472 951 adhuc
500 891 561 949 in
587 892 702 966 via,
732 890 990 967 quandiu
1015 890 1078 949 in
1106 890 1274 951 terris
1301 900 1620 969 versantur,
1653 891 1759 953 ubi
1784 911 1998 969 magna
2023 890 2302 969 patientia
2328 911 2366 950 a
2394 892 2522 961 Deo
2550 893 2695 953 tole-

283 979 498 1046 rantur,
549 970 689 1029 dum
729 968 992 1029 differtur
1031 969 1219 1028 adhuc
1261 990 1459 1030 eorum
1505 991 1695 1048 poena,
1738 990 1847 1030 nec
1888 990 2087 1029 eorum
2134 969 2463 1048 reprobatio
2507 971 2699 1031 adhuc

283 1049 453 1109 nobis
479 1058 619 1110 nota
644 1058 749 1126 est,
781 1048 946 1107 Nihil
972 1048 1164 1109 obstat
1191 1069 1294 1109 eos
1321 1050 1534 1125 vocari,
1564 1059 1631 1111 ut
1658 1049 1801 1127 quid
1828 1050 1920 1109 sui
1947 1050 2026 1110 sit
2051 1049 2226 1110 officii
2261 1049 2611 1129 intelligant,
2642 1061 2702 1111 et

281 1148 356 1190 ne
383 1129 768 1207 ignorantiam
795 1128 1231 1206 impoenitentiae
1259 1148 1380 1189 suae
1405 1137 1727 1207 praetexere
1752 1130 1997 1209 possint.

1146 1363 1534 1445 QUAESTIO
1577 1364 1831 1427 XVIII.

685 1542 766 1583 nr.
793 1541 1015 1583 onoma
1042 1540 1444 1584 encaemorum
1471 1543 1575 1585 Dm
1603 1542 1664 1583 m
1693 1542 2296 1586 ramuss‘rmssronr..

417 1684 512 1743 An
537 1682 742 1760 aliqua
775 1684 934 1743 ordo
961 1683 1022 1743 in
1049 1684 1304 1743 Decretis
1326 1682 1550 1743 Divinis
1576 1682 1953 1744 admittendus
1977 1681 2065 1759 sit,
2095 1690 2151 1741 et
2175 1681 2299 1759 quis
2322 1682 2421 1750 ille
2448 1684 2519 1753 sit
2535 1686 2564 1742 3

367 1840 419 1899 Ι.
463 1840 743 1915 Quamvis
773 1840 1097 1901 Christiana
1135 1841 1321 1919 pietas
1361 1840 1475 1911 ista
1503 1840 1835 1917 Quaestione
1876 1838 2044 1907 facile
2082 1858 2275 1899 carere
2315 1838 2617 1917 potuisset,
2650 1840 2701 1901 si

285 1920 550 1979 homines
576 1919 848 1979 revelatis
875 1920 1148 1996 contenti,
1171 1940 1370 1997 sapere
1397 1920 1720 1989 voluissent
1747 1919 1823 1977 ad
1850 1920 2238 1993 sobrietatem,
2268 1939 2375 1977 nec
2402 1919 2464 1979 in
2492 1940 2703 1979 arcana

289 1998 404 2057 Dei
452 1998 764 2076 irrumpere
805 2018 1060 2074 unquam
1107 2000 1471 2077 sategissent,
1521 1998 1598 2059 ad
1645 1998 1887 2059 consilia
1933 1998 2061 2076 ejus
2108 1996 2437 2079 ἆηξιςεὺητα
2483 2008 2700 2059 temere

285 2077 614 2153 scrutanda,
643 2085 706 2137 et
730 2077 964 2137 decreta
989 2078 1118 2155 ejus
1145 2077 1412 2137 minutim
1437 2076 1757 2155 partienda,
1789 2076 1956 2153 qussi
1984 2076 2146 2136 Deus
2174 2078 2427 2137 humano
2454 2079 2695 2137 metien-

285 2156 399 2219 dus
439 2164 594 2217 esset
630 2155 814 2233 pede:
857 2156 1254 2217 Necessarium
1279 2177 1410 2217 eam
1435 2166 1631 2217 tamen
1658 2154 2083 2233 quodammodo
2120 2155 2372 2216 reddidit
2400 2155 2698 2216 Adversa-

285 2236 504 2311 riorum
543 2235 876 2313 pertinacia,
919 2236 1022 2313 qui
1063 2236 1172 2295 sub
1211 2255 1366 2297 novo
1408 2245 1468 2295 et
1502 2243 1854 2328 praepostero
1897 2234 2275 2294 Decretorum
2322 2233 2436 2294 Dei
2480 2236 2699 2311 ordine,

287 2334 501 2375 novam
545 2324 604 2375 et
647 2314 1030 2393 periculosam
1078 2325 1278 2377 contra
1319 2315 1434 2377 Dei
1475 2314 1739 2379 Gratiam
1785 2333 1891 2391 pro
1932 2313 2117 2373 libero
2164 2314 2416 2373 hominis
2463 2314 2701 2375 arbitrio

293 2394 616 2456 doctrinam
642 2394 1025 2471 invexerunt3
1069 2395 1280 2473 quibus
1306 2402 1373 2455 ut
1400 2403 1747 2471 occurratur,
1772 2413 1964 2486 pauca
1989 2393 2063 2469 ‚de
2092 2392 2472 2453 Decretorum
2499 2394 2701 2453 ordine

283 2473 554 2549 dicenda,
584 2482 652 2533 ut
677 2482 919 2550 constet,
937 2473 1054 2551 An
1082 2474 1224 2534 ordo
1252 2474 1463 2553 aliquis
1503 2474 1566 2533 in
1592 2473 1711 2533 illis
1739 2480 1815 2532 sit
1842 2471 2252 2549 admittendus,
2283 2481 2343 2531 et
2368 2473 2499 2551 quis
2528 2493 2702 2533 verus

289 2552 368 2614 sit
395 2561 454 2614 et
477 2554 767 2632 genuinus
789 2572 871 2612 ex
896 2552 1095 2614 Verbo
1125 2554 1254 2631 Dei,
1284 2554 1416 2633 quis
1443 2573 1582 2614 vero
1611 2552 1792 2612 falsus
1808 2554 1837 2612 Ρ

287 2666 372 2714 Δ,
409 2667 539 2714 ordo
583 2668 636 2712 ᾗ,
675 2667 772 2715 Do-
894 2632 981 2692 ΙΙ.
1025 2633 1192 2693 Licet
1209 2634 1272 2692 in
1291 2633 1556 2694 Decretis
1565 2633 1913 2708 formaliter,
1938 2639 1998 2692 et
2017 2652 2053 2692 a
2070 2639 2244 2708 parte
2262 2630 2380 2692 Dei
2403 2651 2432 2691 s
2506 2630 2695 2708 etatis,

349 2727 497 2772 cretis
559 2725 652 2772 Dei
711 2728 778 2773 sit
815 2732 934 2770 non
961 2712 1182 2772 attendi
1221 2713 1407 2791 possit
1445 2712 1675 2790 proprie
1704 2710 1862 2787 ord0,
1893 2711 2031 2788 quia
2069 2730 2188 2770 non
2224 2719 2360 2770 sunt
2399 2732 2439 2789 p
2464 2732 2612 2788 ures,
2644 2719 2704 2771 et

347 2785 694 2830 admittendus.
817 2791 993 2850 divisi
1032 2800 1214 2868 actus,
1253 2792 1363 2858 ‚sed
1403 2792 1609 2852 unicus
1649 2800 1710 2851 et
1750 2790 2226 2868 simplicissimus,
2257 2809 2374 2867 quo
2404 2791 2599 2849 omnia
2624 2789 2701 2850 ab

290 2878 508 2934 aeterno
551 2869 846 2931 decrevit:
903 2871 1065 2933 Nihil
1107 2871 1301 2932 obstat
1339 2871 1648 2950 quominus
1684 2871 1747 2927 in
1794 2870 1912 2930 illis
1958 2867 2100 2929 ordo
2141 2869 2352 2947 aliquis
2396 2878 2699 2946 statuatur,

288 2957 576 3026 quatenus
603 2952 874 3028 odiet-cive,
898 2958 957 3011 et
984 2971 1020 3010 a
1033 2961 1210 3030 parte
1235 2953 1417 3014 nostri
1440 2950 1892 3024 considerantur,
1922 2950 2143 3009 ratione
2168 2948 2328 3018 modi
2354 2949 2538 3009 nostri
2565 2970 2701 3008 con-

292 3029 560 3108 cipiendi,
592 3030 729 3107 quia
755 3051 886 3095 cum
926 3051 1020 3091 res
1061 3031 1306 3090 decretae
1347 3031 1695 3108 multiplices
1738 3029 1856 3090 sint
1897 3038 1956 3087 et
1997 3028 2423 3104 diversissimae,
2455 3049 2702 3107 quaeque

291 3108 734 3186 dependentiam
763 3118 823 3169 et
849 3109 1378 3170 subordinationem
1406 3108 1483 3168 ad
1507 3129 1572 3170 se
1599 3109 1851 3168 invicem
1890 3107 2103 3168 habere
2144 3115 2405 3186 possunt,
2436 3128 2700 3170 necessa-

291 3188 376 3246 rio
425 3187 488 3246 in
529 3188 646 3246 illis
687 3187 898 3266 aliquis
939 3189 1080 3248 ordo
1121 3187 1530 3270 concipiendus
1568 3197 1673 3264 est,
1718 3187 2035 3247 secundum
2063 3207 2235 3265 quem
2278 3187 2407 3246 alise
2448 3187 2578 3247 aliis
2605 3188 2704 3248 vel

290 3265 529 3344 priores,
558 3265 656 3325 vel
681 3268 1027 3344 posteriores
1054 3267 1334 3346 dicantur,
1365 3275 1425 3328 et
1451 3288 1487 3331 a
1513 3267 1681 3328 nobis
1709 3267 1979 3328 distincte
2006 3265 2412 3345 percipiantur.

374 3345 496 3406 ΙΙΙ.
542 3345 688 3405 Cum
715 3364 854 3408 vero
884 3346 999 3405 duo
1039 3347 1328 3424 praecipua
1355 3347 1473 3405 sint
1500 3345 1613 3404 Dei
1652 3345 1857 3424 Opera,
1901 3363 2031 3423 quae
2059 3365 2095 3404 a
2123 3345 2372 3404 Decreto
2401 3345 2529 3422 ejus
2568 3365 2701 3422 pro-

293 3423 476 3487 ficisci
515 3423 855 3502 debuerunt,
902 3425 1100 3486 Unum
1153 3425 1472 3486 creationis
1511 3433 1570 3485 et
1608 3433 1848 3499 namne,
1880 3423 2149 3484 Alterum
2176 3425 2597 3502 Redemptiom's
2645 3433 2705 3484 et

293 3503 516 3580 gratiae‚
558 3504 675 3564 duo
715 3524 834 3581 prae
863 3505 1086 3564 caeteris
1125 3505 1221 3564 hic
1261 3504 1511 3564 Decreta
1538 3503 1916 3581 concipienda
1942 3512 2093 3579 sunt,
2137 3503 2385 3580 primum
2414 3502 2487 3560 de
2516 3503 2703 3580 Opere

297 3581 635 3658 CreationiS,
665 3583 910 3644 alterum
938 3583 1010 3643 de
1040 3583 1226 3662 Opere
1256 3583 1712 3660 Redemptionis,
1756 3582 1907 3640 inter
1938 3602 2068 3658 quae
2096 3581 2281 3640 veluti
2320 3580 2576 3638 medium
2617 3581 2702 3638 in-

295 3661 537 3723 tercedit
564 3661 859 3722 decretum
886 3662 959 3722 de
985 3661 1371 3742 permittendo
1401 3661 1648 3724 Generis
1674 3661 1912 3720 humani
1938 3661 2124 3737 lapsu.
2173 3660 2417 3734 Rursus,
2446 3666 2515 3718 ut
2541 3659 2703 3735 Opus

299 3740 735 3818 Redemptionis
756 3742 948 3802 varias
973 3751 1166 3820 partes
1192 3743 1384 3818 habet,
1415 3760 1659 3818 quarum
1687 3739 1816 3798 aliae
1843 3738 2060 3798 habent
2086 3739 2366 3798 rationem
2393 3737 2544 3814 finis,
2576 3738 2705 3813 alias

295 3819 650 3897 mediorum3
695 3821 823 3880 aliae
851 3821 927 3880 ad
966 3823 1298 3888 missionem
1325 3819 1542 3881 Christi
1569 3819 1875 3898 pertinent,
1906 3818 2035 3880 aliae
2062 3816 2138 3876 ad
2165 3816 2544 3894 vocationem,
2575 3817 2705 3888 alise

294 3899 372 3958 ad
398 3899 911 3977 glorificationem:
954 3902 1050 3960 Ita
1075 3901 1308 3962 diversa
1345 3907 1589 3980 possunt
1617 3898 1843 3976 concipi
1884 3895 2116 3959 decreta
2155 3917 2259 3975 pro
2288 3916 2483 3956 earum
2512 3895 2703 3956 diver-

295 3978 484 4040 sitate.
569 3978 697 4054 Quo
724 4000 864 4042 vero
893 3981 1110 4056 ordine,
1141 4000 1318 4059 quum
1357 3981 1512 4039 inter
1549 3999 1613 4040 se
1637 3975 2028 4052 conferuntur,
2059 3975 2398 4037 collocanda
2425 3976 2557 4053 sint,
2588 3996 2705 4036 non

293 4079 413 4118 una
439 4066 529 4119 est
555 4059 810 4120 omnium
837 4061 1140 4122 sententia.

293 4179 466 4226 Prima
475 4179 745 4236 enuntia,
905 4139 1017 4199 IV.
1061 4139 1212 4201 Nam
1231 4138 1332 4218 qui
1361 4158 1532 4218 supra
1553 4137 1827 4216 Lapsum,
1850 4137 1947 4196 vel
1977 4134 2338 4212 creationem
2365 4135 2702 4212 ascendunt,

353 4237 746 4344 Ξιιιξιι-ἒὲιξᾚὲὶζ
819 4219 912 4358 ἓξ
929 4217 1408 4358 Οοιιειίίἓιθηᾶυω
1435 4216 1967 4355 Ιῗτωᾱοειίιιαιίοιξρ
1996 4215 2321 4353 Opjecttlilm,
2353 4213 2444 4308 ita
2469 4225 2708 4353 cetzssent

355 4353 689 4402 ”emm-
819 4318 1540 4458 sossissffimssiiicfftss'
1570 4315 2000 4438 ‘ffiaenioss'tuii
2022 4314 2561 4434 ἓῗᾱθεῖἔὲῗιῑὲἕῑε
2592 4315 2706 4434 ὲέἓῗ

294 4464 490 4518 tuetur
515 4457 677 4536 prius
699 4458 948 4519 Decreto
971 4456 1308 4533 creationis,
1339 4465 1398 4518 et
1423 4454 1818 4534 permissionis
1843 4455 2058 4532 lapsus,
2089 4459 2149 4516 et
2168 4453 2523 4531 concipiatur
2545 4453 2707 4513 Deus

293 4536 480 4615 primo
509 4536 798 4615 cogitasse
827 4537 901 4598 de
941 4537 1364 4598 manifestanda
1403 4535 1590 4617 gloria
1629 4556 1737 4602 sua
1784 4535 1843 4596 in
1885 4533 2161 4597 exercitio
2205 4531 2619 4592 Misericordiae
2647 4539 2707 4590 et

295 4617 340 4678 J
343 4617 556 4678 ustitiae
583 4617 780 4697 quoad
817 4617 1066 4686 salutem
1095 4617 1189 4678 vel
1231 4615 1657 4679 damnationem
1699 4615 2015 4692 hominum,
2058 4634 2231 4694 quam
2261 4611 2604 4690 cogitaverit
2632 4606 2705 4670 de
