3300 5225
270 308 491 357 onze-er.
522 285 659 371 vin]
1146 304 1225 343 ns
1254 304 1660 347 raovmsn'ru
1689 303 1810 347 nm.
2559 276 2675 340 465

265 448 573 527 quominus
598 442 889 507 liberrime
910 462 1137 523 semper
1161 453 1317 523 agat.
1362 445 1503 523 Nec,
1534 445 1588 505 si
1612 444 1692 506 ad
1715 444 2151 527 permissionem
2179 442 2438 521 sequitur
2464 438 2676 500 infalli-

266 528 460 588 biliter
486 535 803 606 peccatum,
832 524 965 583 ideo
989 533 1183 603 potest
1208 525 1326 585 dici
1352 526 1480 604 ejus
1505 545 1700 603 causa,
1730 526 1835 586 sed
1860 533 2086 586 tantum
2112 523 2477 597 antecedens,
2520 518 2679 599 quod

264 607 589 668 necessario
616 605 975 685 supponitur.
1783 617 1788 623 ·

869 684 990 743 XI.
1035 682 1134 742 Ad
1159 684 1596 762 permissionem
1634 685 1862 747 accedit
1901 685 2156 760 desertio,
2179 702 2284 763 per
2299 700 2474 760 quam
2493 680 2674 756 Deus,

323 753 368 799 ²·
382 751 665 859 ffi23ffl0‘·
782 772 851 823 ιιι
874 784 994 823 ιιοιι
1030 763 1309 842 impediat
1346 764 1639 825 hominem
1679 785 1936 845 peccare,
1977 766 2146 825 illum
2186 762 2419 839 deserit,
2451 760 2674 820 subtra-

594 841 608 856 ⁰
786 842 981 902 hendo
1008 845 1255 921 gratiam
1292 853 1533 922 peccato
1559 845 1982 922 adversantem,
2024 845 2124 905 vel
2162 863 2282 903 non
2323 841 2515 901 dando
2555 849 2676 898 tam

266 924 573 999 efficacem,
589 942 706 1001 qua
731 943 1001 1001 superare
1028 923 1214 1001 possit
1231 924 1609 985 tentationem
1630 926 2024 1002 ingruentem3
2067 944 2198 1002 quae
2221 922 2556 995 subtractio,
2576 920 2676 979 vel

266 1013 357 1064 est
384 1004 693 1081 Ρήυαΐίυα,
728 1022 908 1081 quum
1016 1004 1191 1063 atiam
1228 1012 1400 1063 antea
1438 1002 1635 1064 datam
1674 1005 1844 1081 tollit,
1888 1005 1986 1063 vel
2025 1005 2302 1082 negativa,
2339 1022 2517 1081 quum
2557 1020 2678 1059 non

265 1084 368 1143 dat
392 1102 606 1142 novam
632 1083 877 1161 gratiam
905 1103 941 1141 a
1006 1082 1379 1160 perstandum
1406 1084 1824 1145 necessariamz
1869 1084 2056 1143 Priori
2076 1103 2251 1143 sensu
2280 1084 2442 1141 Deus
2463 1080 2679 1140 deserit

265 1164 530 1223 homines
555 1171 904 1241 peccatores,
946 1183 1125 1240 quum
1154 1163 1272 1221 illis
1312 1162 1501 1223 aufert
1538 1164 1736 1223 lumen
1775 1181 1892 1241 quo
1932 1164 2265 1239 abutuntur,
2309 1170 2369 1221 et
2410 1161 2677 1239 spiritum

266 1251 627 1304 coercentem
652 1243 910 1317 retrahit,
941 1262 1057 1318 quo
1084 1243 1169 1317 fit,
1212 1251 1277 1302 ut
1304 1243 1415 1301 hoc
1442 1243 1607 1302 obice
1634 1252 1857 1303 remoto
1883 1251 2056 1302 ruant
2081 1243 2248 1301 velut
2273 1241 2472 1301 effusis
2497 1239 2674 1299 habe-

266 1324 358 1383 nis
384 1324 447 1383 in
475 1322 727 1382 scelera:
772 1322 1086 1382 Posteriori
1122 1321 1377 1381 deseruit
1417 1322 1732 1399 Adamum,
1775 1340 1894 1382 non
1920 1322 2114 1381 dando
2155 1340 2288 1381 cum
2315 1321 2534 1380 auxilio
2559 1321 2679 1378 sine

268 1423 380 1479 quo
408 1411 563 1463 stare
588 1420 706 1460 non
744 1411 987 1479 poterat,
1030 1408 1091 1460 ct
1116 1420 1233 1479 quo
1258 1401 1513 1461 habebat
1550 1421 1722 1481 posse
1750 1403 1802 1463 si
1827 1404 2024 1479 vellet,
2067 1402 2349 1463 auxilium
2388 1420 2498 1479 quo
2537 1408 2677 1460 actu

270 1490 467 1559 staret,
498 1490 559 1541 et
584 1480 826 1541 haberet
850 1481 1005 1541 velle
1031 1480 1190 1558 quod
1215 1489 1429 1558 posset.

910 1560 1067 1619 XII.
1110 1559 1374 1620 Desertio
1405 1568 1599 1621 autem
1635 1560 1752 1621 ista
1785 1568 1980 1641 potest
2017 1580 2146 1623 esse
2181 1559 2413 1639 triplex,
2461 1563 2515 1619 1.
2545 1560 2678 1618 Ex-

776 1640 1139 1718 plorationis,
1169 1659 1349 1718 quum
1378 1639 1541 1701 Deus
1568 1640 1786 1702 deserit
1821 1642 2134 1719 hominem,
2175 1648 2243 1701 ut
2278 1659 2411 1700 cum
2450 1639 2674 1719 probet,

790 1720 980 1797 qualis
1007 1720 1281 1780 tribuitur
1308 1720 1594 1797 Ezechiae,
1624 1724 1662 1780 2
1693 1722 1906 1781 Chron.
1934 1722 2126 1781 xxxii.
2155 1725 2253 1798 31,
2281 1740 2460 1797 quum
2490 1720 2678 1797 Lega-

268 1811 362 1861 tos
388 1800 849 1881 Babyloniorum
874 1799 1125 1875 admisit,
1168 1809 1229 1861 et
1254 1800 1559 1861 thesauros
1598 1801 1719 1861 illis
1759 1820 1898 1863 suos
1936 1821 2140 1862 omnes
2177 1800 2420 1879 aperuit,
2463 1801 2679 1877 quippe

268 1890 409 1942 tunc
436 1882 649 1941 dicitur
672 1879 840 1939 illum
866 1881 1171 1938 deseruisse
1198 1882 1377 1955 Deus,
1422 1889 1490 1939 ut
1514 1882 1796 1958 probaret
1830 1884 2006 1958 illum,
2049 1890 2104 1941 et
2140 1889 2492 1957 cognosceret
2529 1880 2686 1958 quod

270 1970 399 2021 erat
422 1963 481 2021 in
507 1963 678 2021 corde
701 1979 821 2019 suo.
907 1958 1005 2017 Sic
1032 1958 1288 2018 deseruit
1314 1959 1627 2035 Adamum‚
1671 1980 1850 2038 quum
1877 1961 2158 2040 permissa
2183 1960 2518 2034 tentatione,
2561 1978 2680 2018 non

270 2041 433 2101 dedit
458 2041 545 2100 illi
572 2040 779 2101 efficax
806 2038 1105 2113 auxilium,
1120 2057 1236 2115 quo
1261 2038 1351 2097 illi
1376 2038 1699 2117 resisteret3
1745 2040 1874 2100 Deo
1890 2040 2076 2099 veluti
2102 2039 2328 2098 eminus
2355 2037 2678 2115 recedente,

270 2130 338 2181 ut
361 2120 659 2201 patefieret
686 2126 905 2198 quanta
940 2118 1018 2177 sit
1044 2117 1169 2176 sine
1198 2117 1485 2178 Creatoris
1511 2117 1727 2178 virtute
1753 2119 2022 2178 humanae
2041 2127 2266 2177 naturae
2290 2117 2678 2178 imbecillitas.

794 2202 853 2257 2.
886 2197 1278 2274 Coi-rectionis,
1309 2205 1577 2276 respectu
1618 2198 1899 2258 Ecclesiae
1934 2206 1996 2258 et
2027 2198 2304 2272 fidelium,
2328 2216 2476 2274 quos
2518 2196 2683 2257 Deus

792 2276 1005 2337 dicitur
1030 2276 1296 2337 deserere
1322 2276 1399 2337 ad
1425 2285 1672 2356 tempus,
1702 2286 1770 2338 ut
1793 2286 1997 2356 postea
2023 2277 2262 2354 colligat
2287 2296 2389 2335 eos
2415 2277 2478 2333 in
2506 2276 2680 2335 mise-

270 2359 591 2418 rationibus
612 2356 860 2433 aeterniS,
886 2357 969 2419 Is.
985 2357 1090 2417 liv.
1104 2360 1160 2434 7,
1181 2364 1240 2416 et
1259 2356 1357 2416 Ps.
1380 2377 1558 2416 cxxv.
1580 2360 1636 2417 3.
1680 2360 1737 2418 3.
1754 2358 2004 2417 Poenalis
2003 2357 2228 2434 judicii,
2250 2356 2439 2432 qualis
2460 2355 2681 2415 denun-

399 2490 441 2537 1³
520 2489 585 2536 al·
797 2437 983 2496 ciatur
1006 2437 1425 2515 peccatoribus,
1468 2440 1507 2495 2
1538 2437 1688 2515 Reg.
1717 2438 1842 2497 xxi.
1877 2440 1969 2512 14,
1998 2438 2044 2497 J
2046 2456 2126 2495 er.
2153 2436 2255 2495 vii.
2286 2438 2386 2511 29,
2413 2442 2474 2496 et
2511 2436 2682 2497 xxiii.

443 2504 519 2536 ⁰⁸¹¹
568 2504 626 2539 ¹⁸·
798 2519 894 2593 33,
935 2525 996 2577 et
1024 2516 1299 2577 tribuitur
1325 2515 1677 2593 Gentilibus,
1719 2536 1868 2595 quos
1907 2516 2320 2596 cupiditatibus
2353 2514 2474 2576 suis
2511 2514 2686 2576 foedis

272 2596 651 2676 dereliquisse
678 2604 738 2657 et
754 2596 1063 2657 tradidisse
1090 2597 1316 2674 dicitur,
1350 2596 1520 2658 Rom.
1550 2597 1589 2657 i.
1618 2599 1718 2658 24.

355 2677 549 2739 XIII.
592 2678 792 2756 Hujus
818 2686 1013 2737 autem
1040 2677 1383 2738 desertionis
1410 2696 1587 2737 causa
1612 2685 1705 2737 est
1731 2697 1958 2756 semper
1989 2677 2154 2756 justa
2179 2685 2240 2738 ct
2265 2683 2465 2737 sancta
2503 2695 2684 2757 penes

276 2757 465 2818 Deum
492 2780 506 2834 ς
556 2757 663 2818 sed
708 2757 881 2817 modo
928 2757 1252 2834 manifesta,
1300 2766 1368 2819 ut
1414 2755 1666 2816 desertio
1713 2766 2095 2835 peccatorum,
2125 2758 2226 2834 qui
2245 2757 2522 2835 ‚peccatis
2561 2758 2685 2816 suis

271 2837 731 2915 praecedentibus
756 2857 885 2896 eam
912 2835 1233 2897 commeriti
1279 2844 1431 2912 sunt,
1472 2836 1647 2897 modo
1675 2838 1904 2897 occulta
1927 2845 2140 2913 manet,
2181 2838 2372 2914 qualis
2397 2837 2460 2896 in
2497 2838 2686 2916 primo

274 2915 493 2976 Adami
520 2926 775 2995 peccato,
858 2916 1103 2976 Interim
1129 2915 1438 2977 causalitas
1478 2917 1607 2994 ejus
1633 2936 1751 2976 non
1778 2923 1972 2995 potest
2013 2918 2141 2976 Deo
2167 2917 2289 2976 ulla
2315 2917 2536 2976 ratione
2574 2917 2684 2975 im-

274 2997 457 3074 pingi,
487 2997 624 3074 quia
648 3016 753 3074 per
778 2997 1163 3056 desertionem
1189 2997 1369 3066 illam,
1398 3016 1506 3056 nec
1526 2997 1722 3076 coegit
1748 2996 1912 3057 illum
1935 2996 2012 3056 ad
2036 2996 2282 3074 lapsum,
2311 3016 2420 3056 nec
2439 2997 2682 3074 inspira·

274 3076 365 3134 vit
390 3075 503 3152 ipsi
528 3076 891 3134 voluntatem
916 3075 1170 3151 labendi,
1212 3095 1325 3137 nec
1350 3076 1591 3136 abstulit
1632 3077 1879 3155 gratiam
1905 3077 2084 3137 ullam
2112 3078 2398 3136 internam
2424 3077 2487 3134 in
2526 3097 2686 3136 crea-

272 3154 431 3213 tione
459 3153 671 3228 datam,
702 3154 807 3213 sed
834 3163 1057 3214 tantum
1098 3154 1412 3232 denegavit
1436 3155 1754 3215 indebitam
1788 3157 2036 3235 gratiam
2075 3156 2528 3216 confirmationis
2566 3176 2686 3217 non

275 3233 489 3309 datam,
518 3251 593 3292 ex
620 3233 914 3292 liberrimo
952 3233 1271 3297 voluntatis
1299 3254 1419 3293 sues
1458 3235 1839 3312 beneplacito,
1881 3255 1998 3314 quo
2025 3235 2100 3296 de
2140 3255 2246 3295 suo
2287 3236 2584 3314 dispensat
2623 3245 2691 3297 ut

276 3312 423 3387 vult,
464 3313 614 3371 liber
653 3331 817 3390 aeque
843 3311 1126 3370 donorum
1154 3331 1389 3372 suorum
1433 3321 1678 3390 negator
1704 3334 1773 3373 ac
1811 3315 2073 3392 largitor.
2157 3315 2324 3374 Licet
2363 3323 2557 3375 autem
2585 3336 2685 3376 ne-

277 3391 518 3452 cessitas
544 3393 742 3470 lapsus
769 3410 901 3450 cum
941 3391 1250 3468 negatione
1277 3392 1446 3451 istius
1486 3392 1690 3468 gratiae
1725 3392 1914 3468 fuerit,
1957 3412 2076 3451 non
2103 3394 2332 3453 sublata
2356 3393 2468 3453 fuit
2494 3403 2690 3453 tamen

274 3473 514 3532 libertas
550 3480 612 3532 et
650 3469 1047 3549 spontaneitas
1081 3470 1333 3530 hominis
1371 3471 1684 3548 peccantis,
1729 3471 1834 3532 sed
1867 3479 2094 3532 tantum
2135 3482 2449 3547 ostensum,
2495 3473 2690 3532 Deum

276 3550 553 3627 voluisse,
580 3559 649 3610 ut
674 3557 832 3610 certo
871 3549 1179 3610 laberetur.
1260 3550 1484 3610 Verum
1524 3558 1592 3610 ut
1632 3551 1795 3610 Deus
1827 3570 1959 3610 eum
2001 3557 2159 3610 certo
2199 3549 2321 3608 labi
2357 3551 2565 3627 voluit,
2609 3571 2687 3611 ex

278 3640 492 3690 aeterno
521 3647 626 3690 suo
652 3629 902 3706 decreto,
930 3629 1015 3689 ita
1041 3629 1213 3689 simul
1251 3628 1545 3688 liberrime
1570 3649 1704 3689 eum
1740 3630 1860 3691 labi
1886 3629 2092 3704 voluit,
2135 3649 2242 3688 nec
2269 3629 2458 3706 magis
2485 3630 2560 3688 ob
2589 3650 2689 3690 ne-

278 3718 479 3788 gatum
507 3711 683 3769 istum
712 3709 824 3768 Dei
852 3729 1194 3768 concursum
1220 3709 1297 3768 ad
1324 3709 1453 3786 ejus
1480 3709 1766 3768 actualem
1793 3708 2282 3786 perseverantiam
2304 3708 2478 3768 desiit
2503 3709 2688 3788 ipsius

276 3791 477 3867 lapsus
503 3809 632 3853 esse
657 3788 1000 3862 liberrimus,
1032 3808 1207 3866 quam
1234 3788 1311 3848 ob
1336 3788 1694 3848 liberrimum
1725 3789 1835 3848 Dei
1857 3807 2198 3848 concursum
2227 3807 2360 3847 cum
2387 3808 2564 3849 causa
2587 3810 2688 3851 ne·

278 3868 542 3944 cessaria,
574 3867 789 3927 desinit
814 3867 1069 3945 operatio
1096 3867 1268 3928 istius
1293 3887 1485 3926 causae
1511 3886 1640 3928 esse
1667 3868 2007 3942 necessaria,
2035 3868 2136 3927 vel
2161 3868 2460 3928 natmalis.

361 3948 542 4008 XIV.
587 3947 688 4006 An
714 3966 855 4006 vero
896 3955 1105 4024 praeter
1128 3946 1561 4024 permissionem
1613 3956 1675 4007 et
1701 3946 2086 4007 desertionem
2116 3945 2230 4006 Dei
2256 3946 2426 4006 detur
2451 3947 2692 4009 ulterior

276 4027 545 4104 quaedam
575 4026 690 4086 Dei
714 4027 986 4102 operatio,
1029 4046 1147 4085 non
1186 4026 1473 4086 immerito
1513 4027 1807 4105 quaeritur,
1851 4026 2009 4104 quod
2049 4026 2286 4103 quidam
2314 4028 2524 4087 acriter
2563 4029 2689 4087 infi-

280 4106 521 4182 ciantur,
552 4106 654 4165 alii
680 4125 821 4164 vero
848 4114 1149 4166 asseruntz
1192 4106 1293 4164 Illi
1318 4126 1393 4166 ne
1424 4107 1551 4166 Deo
1578 4106 1770 4166 labem
1797 4107 1975 4165 ullam
2004 4106 2241 4166 malitiae
2267 4107 2366 4164 vel
2393 4107 2692 4185 injustitias

278 4194 606 4264 aspergant,
637 4206 768 4263 quae
796 4203 929 4244 eum
968 4184 1192 4262 peccati
1217 4185 1521 4245 authorem
1561 4185 1774 4262 faciat3
1821 4185 1930 4245 Isti
1970 4206 2044 4246 ne
2072 4185 2214 4262 quid
2241 4185 2456 4245 divinae
2487 4185 2692 4247 Provi-

278 4265 491 4325 dentiae
520 4265 879 4324 subtrahant.
962 4265 1098 4323 Non
1136 4264 1469 4341 negandum
1506 4264 1776 4342 equidem
1815 4266 1999 4324 multa
2037 4267 2169 4325 loca
2203 4265 2532 4343 Scripturas,
2562 4263 2692 4344 quse

278 4345 468 4404 active
510 4345 908 4421 enunciantur,
950 4344 1183 4422 passive
1224 4344 1503 4421 explicari
1543 4363 1716 4423 posse
1745 4351 1804 4404 et
1831 4344 2058 4420 debere,
2101 4347 2184 4404 ita
2209 4353 2278 4404 ιιι
2317 4345 2465 4404 illud
2505 4345 2692 4405 facere

278 4425 506 4483 dicatur
532 4425 759 4500 aliquiS,
804 4423 961 4500 quod
983 4431 1226 4488 tantum
1266 4424 1564 4501 permittit,
1607 4432 1670 4484 et
1711 4443 1831 4483 non
1871 4423 2132 4502 impedit,
2179 4431 2246 4485 ut
2287 4442 2466 4502 quum
2493 4426 2698 4484 David

281 4505 569 4563 Moabitas
593 4504 896 4582 υἰυῇῒοαεεε
932 4503 1160 4579 dicitur,
1189 4506 1228 4562 2
1276 4503 1431 4562 Sam.
1458 4503 1583 4562 viii.
1627 4507 1684 4578 2,
1727 4501 1808 4563 id.
1848 4523 1968 4562 non
2007 4504 2307 4577 occidisse,
2337 4513 2397 4564 et
2423 4506 2692 4564 Noae-hus

280 4583 583 4662 vimficasse
610 4583 901 4659 animalia,
934 4583 1085 4642 Gen.
1115 4581 1193 4643 vi.
1228 4585 1323 4659 19,
1352 4582 1431 4643 id.
1463 4602 1856 4643 conservasse.
1932 4582 2134 4661 Atque
2161 4584 2246 4642 ita
2271 4584 2400 4642 loca
2425 4583 2691 4661 quaedam

2181 4666 2218 4720 2
2249 4681 2288 4721 o

268 1626 388 1677 Qum
420 1626 619 1687 triplex,
651 1625 747 1673 Ex-

356 1686 659 1745 plorationis.

340 2252 683 2299 correctionis.
