3300 5225
577 264 694 320 478
1398 320 1407 329 ,
1556 276 1740 319 Locus
1769 275 2008 319 ssx'rus.
2573 252 2842 335 [Quaesr.
2883 272 3045 313 var.

574 418 761 481 sciant
788 437 905 479 non
951 419 1125 479 licere
1156 416 1407 479 Diabolo
1430 426 1491 479 et
1532 415 1726 496 impiis
1753 416 2004 496 grassari
2043 434 2148 494 pro
2189 414 2446 491 arbitrio,
2477 414 2582 475 sed
2623 434 2728 477 eos
2769 414 3044 495 potenti

572 500 955 579 providentiae
981 499 1159 560 fraeno
1186 499 1271 559 ita
1294 498 1568 574 cohiberi,
1586 507 1654 558 ιιι
1679 499 1742 556 in
1763 497 2047 571 omnibus,
2067 495 2206 559 licet
2231 496 2540 555 frementes
2561 503 2621 555 et
2637 493 3040 573 frendentes,

574 579 954 659 providentia
983 578 1097 637 Dei
1124 578 1368 653 subsint,
1397 586 1458 639 ct
1482 578 1642 637 furor
1669 598 1868 639 eorum
1893 577 1957 635 in
1983 576 2228 637 salutem
2255 577 2431 637 etiam
2458 575 2718 635 fidelium
2747 595 3040 635 conver..

574 669 758 735 tatur;
792 661 828 691 “
846 659 1126 733 Verum,'’
1156 658 1361 736 inquit,
1387 658 1535 718 “ubi
1554 657 1615 717 in
1642 658 1980 721 memoriam
2003 665 2297 733 revocant,
2331 655 2662 732 Diabolum,
2691 664 3036 733 totamque

574 738 882 817 impiorum
922 739 1234 814 cohortem,
1267 738 1351 797 sic
1388 736 1658 798 omnibus
1695 736 1976 815 partibus,
2004 756 2180 799 manu
2223 737 2352 813 Dei,
2383 745 2660 814 tanquam
2685 735 2882 799 fimo
2915 756 3034 795 ω·

574 818 780 893 hiberi,
810 826 879 879 ut
902 837 1011 880 nec
1040 818 1339 896 concipere
1365 817 1551 879 ullum
1579 816 1860 879 adversus
1888 836 1998 877 nos
2021 816 2386 894 maleficium,
2427 836 2618 893 neque
2645 824 3030 894 conceptum

576 899 783 973 moliri,
813 918 921 956 nec
949 897 1024 956 ad
1050 898 1495 976 perpetrandum
1522 897 1575 957 si
1600 898 1852 957 maxime
1879 897 2191 957 moliantur
2216 896 2467 975 digitum
2491 915 2726 955 movere
2753 904 3024 973 queant,

574 979 693 1037 nisi
718 986 997 1056 quantum
1024 978 1123 1037 ille
1150 978 1489 1055 permiserit,
1520 976 1637 1037 imo
1681 977 1794 1037 nisi
1821 985 2102 1057 quantum
2143 976 2448 1053 mandarit,
2478 994 2587 1035 nec
2614 976 3026 1054 compedibus

573 1065 800 1117 tantum
826 1058 1011 1119 teneri
1036 1058 1265 1135 ligatos,
1296 1058 1400 1117 sed
1426 1057 1601 1117 etism
1627 1056 1705 1117 ad
1731 1056 2009 1135 obsequia
2034 1056 2364 1134 praestanda
2383 1056 2562 1117 fi‘aeno
2582 1056 2745 1133 cogi:
2775 1056 3027 1115 habent

576 1138 731 1197 unde
760 1158 823 1197 se
848 1138 1074 1215 prolixe
1102 1138 1528 1198 consolentur.’'
1590 1136 1733 1211 Quis
1761 1156 1900 1197 vero
1927 1156 2044 1195 non
2071 1136 2250 1213 videt,
2281 1136 2442 1195 aliud
2467 1154 2597 1195 esse
2619 1137 2834 1211 Deum,
2857 1136 3020 1195 Dia-

575 1218 743 1278 bolos
770 1226 829 1279 et
856 1216 1147 1295 improbos
1164 1218 1332 1296 quasi
1357 1217 1537 1279 fraeno
1554 1224 1836 1292 coercere,
1855 1236 1929 1277 ne
1951 1216 2277 1294 concipiant
2297 1224 2357 1275 et
2383 1216 2695 1276 moliantur
2719 1215 3024 1275 malificia

575 1297 639 1357 in
665 1298 819 1376 pios3
850 1297 1011 1357 aliud
1030 1316 1187 1372 vero,
1209 1298 1401 1357 Deum
1428 1316 1527 1357 eos
1556 1316 1764 1375 eogere
1792 1296 1869 1355 ad
1895 1296 2241 1355 maleficium
2259 1298 2290 1355 ‘c‘
2329 1295 2479 1355 Vult
2505 1295 2728 1355 scilicet
2751 1295 3021 1355 innuere

576 1398 677 1437 eos
704 1377 853 1454 cogi,
884 1397 1003 1435 non
1028 1377 1105 1436 ad
1130 1377 1493 1453 maleficium,
1506 1376 1665 1454 quod
1685 1383 1892 1453 sponte
1919 1387 2117 1453 agunt,
2137 1375 2242 1435 sed
2269 1376 2346 1435 ad
2371 1375 2728 1452 obsequium,
2747 1384 2821 1435 ut
2847 1376 3020 1435 male

572 1458 801 1535 agendo
829 1456 1085 1517 serviant
1112 1457 1355 1517 consilio
1382 1456 1513 1533 Dei,
1544 1464 1603 1515 et
1628 1456 1990 1517 voluntatem
2029 1456 2154 1533 ejus
2195 1464 2404 1534 praeter
2441 1473 2608 1515 suam
2652 1464 2918 1515 mentem
2949 1464 3022 1517 et

574 1538 935 1598 voluntatem
964 1536 1195 1595 faciant.

658 1616 839 1675 XIV.
887 1616 951 1675 Si
980 1615 1257 1677 Calvinus
1300 1614 1383 1675 ait
1409 1615 1601 1675 Deum
1638 1614 1866 1693 operari
1904 1614 1968 1675 in
2004 1614 2296 1677 mentibus
2321 1613 2646 1693 impiorum,
2675 1621 2738 1673 et
2761 1634 2874 1692 per
2897 1634 3014 1675 eos

575 1702 853 1773 tanquam
878 1714 985 1771 per
1010 1714 1117 1753 sua
1142 1695 1524 1755 instrumenta
1566 1694 1776 1771 ipsum,
1806 1704 1874 1755 ut
1909 1714 2144 1755 causam
2170 1695 2436 1772 primam,
2465 1694 2653 1753 facere
2680 1713 2752 1753 ea
2777 1696 3006 1773 omnia,

576 1794 707 1852 quae
734 1782 1002 1851 respectu
1027 1774 1327 1833 hominum
1354 1782 1489 1835 sunt
1515 1782 1577 1835 et
1604 1774 1876 1835 dicuntur
1903 1794 2044 1834 vera
2069 1784 2326 1853 peccata,
2353 1774 2457 1833 lib.
2487 1774 2526 1833 i.
2555 1794 2680 1851 cap.
2713 1777 2807 1850 17,
2858 1794 2910 1835 8.
2941 1778 3004 1851 5,

575 1863 635 1914 et
663 1874 787 1931 cap.
820 1855 913 1927 18,
946 1872 992 1913 s.
1026 1856 1077 1929 1,
1104 1858 1159 1930 2,
1188 1874 1307 1913 non
1348 1853 1522 1915 debet
1562 1863 1867 1932 propterea
1905 1854 2182 1932 accusari,
2213 1855 2374 1932 quod
2395 1855 2757 1935 θυομιςτησίυ
2783 1854 3004 1915 invex-

538 1977 546 1986 «
576 1934 705 1993 erit.
791 1934 865 1993 R.
900 1937 953 1992 1.
985 1934 1135 2009 Quia
1160 1935 1422 2013 sequitur
1452 1934 1826 2011 Scripturam,
1856 1954 1986 2013 quae
2011 1954 2134 1995 non
2162 1934 2341 1995 semel
2369 1934 2453 1995 sic
2480 1934 2752 2011 loquitur,
2781 1942 2853 1994 ut
2893 1954 3004 1993 an-

574 2021 672 2073 tea
690 2013 900 2073 visum.
944 2016 1000 2073 2.
1032 2014 1195 2073 Dens
1238 2013 1461 2092 operari
1504 2014 1716 2075 dicitur
1741 2015 1911 2089 mala,
1945 2015 2049 2075 sed
2073 2033 2192 2073 non
2219 2034 2336 2091 qua
2375 2014 2529 2075 mala
2551 2015 2908 2091 formaliter,
2939 2023 3006 2075 et

572 2093 637 2155 in
664 2095 961 2169 abstracte,
993 2093 1098 2153 sed
1124 2093 1187 2153 in
1214 2103 1467 2155 concreto
1494 2102 1553 2155 et
1578 2095 1968 2171 mter-naliter,
1997 2102 2282 2172 quatenus
2311 2103 2447 2154 sunt
2487 2114 2678 2171 opera,
2705 2094 2804 2153 vel
2827 2095 3000 2170 judi·

572 2174 809 2249 cialiter,
826 2182 1111 2251 quatenus
1140 2182 1276 2233 sunt
1295 2175 1458 2251 justa
1485 2194 1591 2233 sua
1609 2174 1851 2252 judicis.
1893 2178 1951 2235 3.
1972 2174 2273 2250 Quomodo
2293 2175 2454 2237 Deus
2481 2174 2667 2251 possit
2685 2174 2771 2235 uti
2795 2174 3000 2252 impiis

572 2261 641 2313 ιιι
679 2253 1092 2330 instrumentis,
1124 2253 1249 2315 sine
1297 2254 1419 2313 ulla
1463 2261 1657 2313 tamen
1703 2254 1766 2313 in
1809 2252 1936 2331 ipso
1963 2254 2094 2314 vitii
2139 2254 2289 2329 labe,
2320 2262 2616 2315 ostensum
2661 2262 2751 2315 est
2799 2273 2996 2331 supra.

574 2337 633 2393 4.
665 2334 941 2393 Calvinus
969 2333 1093 2411 ipse
1134 2334 1217 2393 ita
1260 2352 1324 2394 se
1368 2333 1610 2411 exponit
1653 2341 1713 2393 et
1739 2333 2014 2409 vindicat,
2045 2342 2112 2393 ut
2154 2334 2352 2393 nullus
2400 2333 2786 2393 criminationi
2825 2334 2994 2395 locus

574 2433 875 2490 superesse
916 2413 1117 2491 possit,
1150 2413 1343 2475 Instit.
1373 2413 1475 2475 lib.
1504 2413 1564 2471 ii.
1596 2432 1720 2490 cap.
1750 2414 1807 2489 4,
1838 2421 1978 2475 866ι.
2009 2416 2066 2473 5.
2112 2415 2149 2446 “
2179 2414 2386 2490 Longo
2425 2422 2621 2473 tamen
2661 2414 2994 2473 discrimine

573 2512 801 2571 semper
828 2492 1005 2553 distat
1031 2492 1094 2552 id
1120 2493 1279 2570 quod
1304 2492 1427 2570 agit
1456 2493 1760 2569 Dominus,
1789 2492 1864 2553 ab
1891 2512 1962 2553 eo
1989 2492 2147 2570 quod
2177 2493 2356 2552 Satan
2383 2501 2442 2555 et
2467 2493 2631 2571 impii
2657 2493 2990 2553 moliuntur.

574 2572 687 2634 Ille
731 2573 885 2632 mala
932 2572 1325 2648 instrumenta,
1357 2592 1489 2651 quse
1530 2572 1641 2634 sub
1685 2591 1860 2634 manu
1901 2571 2095 2650 habet,
2125 2580 2186 2634 et
2209 2592 2442 2634 versare
2477 2573 2740 2651 quolibet
2779 2580 2988 2652 potest,

570 2653 794 2712 servire
812 2652 839 2730 j
846 2653 1059 2712 ustitiae
1088 2673 1207 2714 suae
1234 2653 1391 2714 facit.
1435 2653 1536 2728 Hi,
1567 2661 1740 2730 prout
1765 2653 1906 2712 mali
1933 2661 2085 2729 sunt,
2115 2653 2432 2732 nequitiem
2459 2653 2682 2731 ingenii
2706 2653 2990 2731 pravitate

446 2729 455 2735 “
576 2740 917 2811 conceptam
944 2731 1155 2794 effectu
1180 2732 1470 2811 pariunt.''
1516 2733 1596 2791 Et
1620 2732 1723 2792 lib.
1753 2732 1828 2792 de
1857 2741 2072 2794 aeterna
2099 2733 2214 2792 Dei
2243 2733 2617 2792 Praedestina.
2646 2732 2770 2794 fuse
2799 2741 2990 2794 osten·

574 2812 679 2888 dit,
712 2813 903 2872 Deum
952 2811 1036 2872 ita
1076 2832 1250 2890 agere
1296 2820 1365 2872 ut
1404 2831 1509 2889 per
1547 2813 1708 2889 ipsos
1751 2813 1924 2872 etiam
1973 2812 2182 2891 impios
2217 2813 2356 2874 licet
2381 2813 2596 2874 inscios
2624 2821 2684 2874 et
2708 2813 2988 2888 nolentes,

574 2891 734 2969 quod
760 2892 1089 2950 ordinatum
1136 2891 1324 2952 fuerat
1366 2891 1738 2967 compleatur,
1769 2911 1877 2952 nee
1920 2900 2116 2952 tamen
2166 2901 2472 2970 propterea
2496 2893 2594 2952 vel
2637 2892 2827 2970 ipsum
2863 2911 2989 2952 esse

574 2971 683 3030 ulli
710 2971 895 3047 culpae
922 2969 1167 3046 affinem,
1199 2971 1297 3028 vel
1322 2971 1477 3030 mala
1500 2971 1884 3031 instrumenta
1923 2990 2041 3030 non
2077 2991 2334 3050 peccare.
2420 2972 2539 3032 Sed
2565 2973 2776 3032 clarius
2802 2971 2989 3032 adhuc

576 3057 831 3110 mentem
871 3068 1037 3108 suam
1065 3049 1307 3127 exponit
1340 3049 1402 3110 in
1427 3049 1803 3110 Imm-actione
1845 3053 2116 3110 adversus
2141 3053 2475 3128 Libertinos,
2505 3072 2632 3130 cap.
2660 3053 2803 3129 xiv„
2833 3061 2988 3130 post-

574 3148 751 3206 quam
780 3127 933 3186 enim
962 3127 1113 3189 dixit
1139 3149 1256 3206 eos,
1286 3149 1365 3188 ex
1407 3149 1477 3190 eo
1504 3129 1663 3208 quod
1710 3130 1822 3190 Dei
1850 3131 2225 3192 Providentia
2252 3132 2463 3194 dicitur
2509 3131 2732 3194 efficere
2779 3131 2986 3207 omnis,

578 3209 773 3266 omnia
814 3208 1177 3285 permiscere,
1206 3218 1267 3269 et
1307 3228 1427 3270 non
1470 3217 1698 3273 tantum
1747 3210 1958 3270 coelum
2006 3231 2138 3271 cum
2185 3221 2354 3288 terra,
2387 3212 2492 3272 sed
2538 3220 2598 3272 et
2627 3211 2818 3271 Deum
2859 3229 2988 3270 cum

581 3287 829 3346 Diabolo
859 3287 1225 3365 confundere,
1256 3289 1420 3350 addit
1468 3290 1583 3350 “id
1626 3290 1711 3350 ita
1757 3291 2034 3367 accidere,
2066 3290 2224 3368 quod
2250 3291 2620 3370 exceptiones
2647 3291 2794 3352 duas
2820 3289 2988 3349 valde

576 3368 930 3428 necessarias
957 3369 1193 3430 minime
1220 3369 1548 3430 observent.
1594 3369 1762 3430 Prior
1787 3378 1894 3447 est,
1929 3371 2202 3432 Satanam
2231 3379 2290 3430 et
2331 3371 2562 3449 iniquos
2609 3390 2726 3429 non
2755 3370 2840 3430 sic
2867 3388 2990 3429 6886

576 3447 957 3507 instrumenta
976 3448 1105 3524 Dei,
1124 3449 1266 3526 quin
1292 3450 1406 3528 ipsi
1433 3450 1605 3510 etism
1634 3469 1770 3510 suas
1791 3459 1984 3528 partes
2011 3451 2248 3527 agant,”
2269 3448 2378 3510 Sec.
2425 3449 2682 3510 “Altera
2707 3449 2987 3526 exceptio,

574 3529 745 3606 cujus
771 3527 1029 3590 infelices
1055 3529 1155 3590 isti
1179 3531 1402 3590 nullam
1427 3530 1710 3590 rationem
1751 3531 1985 3606 habent,
2013 3531 2139 3590 haec
2181 3538 2288 3606 est,
2317 3549 2591 3608 magnam
2637 3549 2766 3592 esse
2803 3527 2987 3588 differ-

574 3607 791 3669 entiam
818 3609 968 3668 inter
994 3627 1139 3687 opus
1169 3609 1298 3684 Dei,
1330 3618 1390 3670 et
1416 3629 1562 3688 opus
1587 3608 1770 3688 impii,
1801 3629 1933 3670 cum
1959 3629 2028 3668 eo
2058 3609 2220 3670 Deus
2246 3611 2378 3670 vice
2403 3609 2770 3670 instrumenti
2796 3608 2989 3668 utitur.

574 3688 801 3766 Impius
830 3687 985 3750 enim
1013 3707 1119 3747 sus
1144 3688 1405 3766 avaritia,
1436 3699 1537 3750 aut
1562 3690 1896 3765 ambitione,
1928 3698 2028 3748 aut
2071 3689 2310 3767 invidia,
2341 3698 2443 3750 aut
2485 3689 2825 3750 crudelitate
2851 3687 2987 3746 inci·

574 3775 732 3828 tatur
758 3768 835 3826 sd
862 3768 1085 3827 facinus
1114 3787 1299 3844 suum,
1328 3788 1438 3828 nec
1466 3769 1644 3830 alium
1672 3769 1848 3830 finem
1876 3776 2118 3847 spectat.
2167 3769 2313 3830 Ideo
2341 3789 2418 3828 ex
2445 3768 2640 3828 radice
2665 3769 2787 3843 ilia,
2816 3767 2880 3826 id
2903 3775 2990 3826 est

575 3867 653 3904 ex
668 3846 859 3905 ⁸animi
887 3845 1207 3922 affectione,
1237 3857 1297 3907 et
1322 3848 1437 3908 fine
1464 3867 1639 3926 quem
1668 3855 1908 3926 spectat,
1941 3867 2088 3927 opus
2115 3849 2452 3925 qualitatem
2481 3847 2676 3923 sumit,
2706 3855 2766 3907 et
2789 3847 2989 3906 merito

576 3925 795 3984 malum
816 3925 1132 4001 judicetur.
1219 3926 1337 3986 Sed
1366 3927 1532 3994 Deus
1568 3935 1896 4004 respectum
1925 3927 2158 3989 omnino
2187 3928 2538 3990 contrarium
2565 3927 2758 4003 habet,
2789 3945 2988 4003 nempe

573 4013 641 4064 ιιι
678 4005 967 4081 justitiam
996 4025 1161 4064 suam
1187 4015 1455 4066 exerceat
1501 4005 1578 4066 ad
1604 4005 2033 4069 conservandos
2072 4008 2274 4084 bonos,
2305 4007 2496 4084 gratia
2521 4015 2580 4068 et
2605 4006 2864 4067 bonitate
2891 4025 2989 4066 sus

575 4091 773 4142 utatur
800 4103 939 4160 erga
964 4083 1184 4158 fideles,
1214 4085 1366 4144 male
1410 4092 1605 4144 autem
1646 4085 1886 4144 meritos
1929 4086 2194 4164 castiget.
2279 4087 2373 4146 En
2401 4106 2516 4164 quo
2545 4094 2718 4164 pacto
2747 4087 2824 4146 sit
2849 4084 2990 4144 inter

579 4161 771 4220 Deum
798 4170 857 4221 et
883 4163 1147 4222 homines
1175 4163 1635 4238 discernendum,
1665 4172 1734 4226 ut
1779 4165 1916 4224 hinc
1959 4165 2022 4224 in
2049 4165 2250 4224 eodem
2286 4184 2459 4244 opere
2496 4165 2804 4243 justitiam,
2832 4165 2984 4224 boni-

576 4248 756 4300 tatem
784 4249 843 4300 et
882 4242 1169 4318 judicium
1198 4242 1327 4314 ejus
1374 4244 1862 4322 contemplemur3
1907 4244 2069 4304 illinc
2098 4244 2334 4305 Diaboli
2381 4253 2442 4306 et
2483 4245 2804 4304 infidelium
2831 4244 2986 4302 mali-

576 4320 777 4380 tiam.''
862 4320 1017 4380 Vide
1044 4320 1219 4380 etiam
1256 4329 1328 4384 tr.
1364 4322 1437 4383 de
1465 4323 1692 4384 occulta
1722 4324 1834 4384 Dei
1864 4325 2256 4399 Providentia,
2299 4325 2400 4385 ubi
2441 4324 2655 4384 refiitat
2681 4323 2988 4384 calumnias

575 4399 899 4475 nebulonis,
930 4401 1033 4476 qui
1059 4399 1379 4460 doctrinam
1406 4403 1535 4480 ejus
1560 4411 1839 4480 tanquam
1867 4403 2104 4481 impiam
2131 4413 2190 4464 et
2216 4404 2614 4482 blasphemam
2641 4402 2986 4464 traducebat.

578 4479 703 4539 Nec
728 4479 1070 4540 absimiliter
1096 4482 1254 4542 Besa
1280 4481 1355 4540 de
1382 4491 1597 4542 aeterna
1626 4483 1738 4542 Dei
1769 4482 2302 4560 Praedestinatione,
2331 4493 2394 4546 et
2429 4485 2492 4544 in
2517 4483 2876 4545 abstersione
2901 4501 2986 4542 ea-

576 4558 921 4624 lumniarum
966 4559 1263 4638 Heshusii,
1296 4562 1399 4640 qui
1431 4561 1659 4625 Calvini
1708 4570 1960 4624 mentem
2009 4571 2068 4624 ct
2109 4583 2273 4626 susm
2321 4563 2476 4624 clare
2517 4563 2798 4642 explicat:
2843 4563 2989 4624 Loca
