3300 5225
544 348 617 407 72
749 420 753 425 ,
1494 362 1677 409 Locus
1707 362 2024 409 sncuxons.
2583 338 2852 426 [quaer.
2883 360 2944 405 v.

622 506 873 565 XVIII.
918 504 1048 565 Non
1076 516 1166 565 est
1194 502 1569 566 contradictio
1597 509 1748 565 inter
1779 510 1807 564 1
1835 506 2005 566 Chre.
2030 506 2110 565 iii.
2138 509 2230 582 19,
2261 516 2319 564 et
2343 506 2485 564 Mat.
2515 506 2554 563 i.
2589 508 2681 581 13,
2713 515 2771 565 et
2800 505 2943 565 Luc.

540 586 620 645 iii.
651 590 747 662 27,
784 604 961 663 quum
1000 585 1108 644 filii
1150 584 1523 645 zorobabelis
1563 586 1834 645 dicuntur
1874 606 2000 645 esse
2042 585 2104 643 in
2141 584 2243 643 lib.
2274 586 2444 644 Chro.
2475 586 2845 643 Meschullam
2885 593 2946 643 et

540 666 837 741 Hanania,
869 664 1023 743 apud
1052 666 1394 727 Matthaeum
1416 686 1555 724 vero
1582 666 1784 741 Abina,
1817 660 1972 742 apud
2000 665 2217 724 Lucam
2237 666 2394 723 Besa
2409 688 2433 736 ;
2475 665 2612 740 quia
2636 664 2748 723 hoc
2774 663 2945 722 facile

540 745 894 820 conciliatur,
928 745 978 803 si
1014 755 1131 805 tres
1172 745 1355 803 lineas
1382 745 1757 804 Zorobabelis
1784 745 2044 803 diversas
2071 744 2319 802 describi
2359 743 2633 819 dicamus,
2665 762 2841 803 unam
2883 743 2944 801 in

538 824 641 883 lib.
673 824 905 884 Chroni.
933 824 1039 881 filii
1076 824 1205 901 ejus
1232 832 1373 883 natu
1398 824 1637 882 maximi
1666 826 1969 883 Mewllam
1995 832 2056 883 et
2080 823 2324 881 aliorum
2349 842 2595 899 quorum
2635 822 2944 899 progenies

538 902 648 962 fuit
674 904 965 981 praeclara,
996 911 1055 961 et
1074 923 1149 962 ex
1171 904 1383 980 quibus
1410 904 1823 981 gubernatores
1851 912 1910 962 et
1929 902 2106 962 duces
2127 902 2346 981 aliquot
2374 902 2584 961 seculis
2601 903 2644 962 J
2645 901 2943 961 udaeorum

540 982 717 1041 Genti
748 982 1050 1059 Babylone
1090 982 1287 1041 reduci
1328 982 1620 1060 praepositi
1655 990 1823 1058 sunt;
1868 982 2178 1040 secundam
2206 980 2361 1058 apud
2391 982 2601 1041 Matth.
2630 982 2835 1056 Abina,
2865 1001 2942 1040 ex

536 1080 652 1137 quo
692 1062 737 1121 J
739 1062 1022 1140 osephus3
1082 1062 1307 1121 tertiam
1350 1061 1505 1139 apud
1551 1061 1768 1119 Lucam
1808 1062 1990 1135 Resae,
2037 1080 2114 1119 ex
2158 1079 2274 1136 quo
2319 1060 2524 1134 Maria,
2567 1061 2669 1137 qui
2708 1059 2943 1119 fuerunt

478 1140 498 1161 ⁸
536 1140 797 1200 homines
815 1139 1043 1218 privati,
1076 1158 1318 1217 quorum
1339 1140 1462 1199 vita
1482 1140 1631 1199 inter
1649 1140 1926 1217 populum
1949 1140 2209 1216 obscura,
2239 1148 2540 1217 propterea
2561 1139 2622 1196 in
2644 1139 2944 1198 Chronicis

535 1218 767 1278 videtur
792 1220 1022 1278 omissa.
1107 1220 1221 1277 Vel
1263 1239 1393 1279 cum
1434 1220 1565 1279 aliis
1606 1219 1916 1278 dicendum
1949 1219 2210 1278 diversos
2250 1218 2428 1277 fuisse
2458 1218 2845 1278 Zorobabele's
2881 1226 2942 1277 et

538 1298 897 1373 Salathieles,
928 1298 1060 1357 ideo
1086 1318 1203 1357 non
1231 1298 1439 1357 mirum
1467 1298 1654 1357 videri
1681 1298 1890 1357 debere
1919 1299 1968 1371 si
1996 1295 2212 1357 diversi
2241 1298 2357 1357 sint
2383 1316 2580 1356 eorum
2608 1298 2842 1374 posteri.
2927 1314 2934 1324 ·

614 1377 805 1437 XIX.
850 1377 1039 1453 Quum
1068 1378 1112 1438 J
1113 1378 1267 1437 osias
1294 1377 1505 1437 dicitur
1530 1377 1802 1455 genuisse
1828 1378 1872 1438 J
1875 1377 2174 1437 echoniam
2201 1379 2282 1436 ἐπὶ
2305 1382 2391 1443 τῖς
2414 1378 2732 1454 μετοικεσίας,
2762 1377 2943 1436 verba

533 1456 645 1516 ista
671 1476 789 1515 non
817 1466 953 1517 sunt
978 1456 1257 1518 vertenda
1295 1457 1533 1534 praecise
1561 1458 1621 1515 in
1648 1457 2142 1533 transportatione,
2173 1476 2304 1516 cum
2331 1464 2557 1517 constet
2590 1477 2664 1515 ex
2696 1456 2938 1534 promis*

534 1536 695 1595 sione
722 1536 923 1595 &vina
960 1536 1238 1613 peculiari
1264 1555 1381 1595 non
1408 1535 1626 1596 vidisse
1653 1537 1869 1595 malum
1897 1536 2044 1596 illud
2071 1545 2132 1596 et
2157 1537 2377 1613 aliquot
2403 1536 2572 1595 annis
2598 1545 2731 1596 ante
2759 1536 2938 1612 capti*

534 1615 775 1674 vitatem
802 1615 979 1674 fuisse
1006 1624 1314 1691 mortuum,
1346 1618 1381 1673 2
1414 1616 1624 1675 Chron.
1655 1615 1864 1673 xxxiv.
1889 1618 1984 1691 28,
2015 1625 2074 1675 et
2095 1636 2281 1674 xxxv.
2313 1618 2408 1692 24,
2435 1615 2535 1674 sed
2563 1619 2648 1675 ad
2663 1615 2760 1675 vel
2787 1617 2942 1673 circa

533 1714 679 1768 eam,
710 1714 843 1753 cum
886 1694 1107 1753 scilicet
1145 1693 1247 1753 illa
1286 1694 1607 1771 deportatio
1647 1694 2003 1771 immineret3
2047 1693 2130 1754 ita
2165 1702 2229 1754 ut
2265 1696 2344 1753 ἐπὶ
2383 1694 2668 1753 coincidat
2701 1714 2832 1753 cum
2859 1696 2942 1759 ἑός

532 1792 720 1850 usque
760 1773 837 1831 ad
876 1773 1349 1851 deportationem,
1385 1782 1451 1832 ut
1475 1777 1607 1849 μετὰ
1641 1794 1772 1833 cum
1799 1778 1903 1832 ἀπὶ
1931 1794 1990 1833 v.
2024 1777 2116 1833 17.
2205 1774 2302 1834 Sic
2329 1776 2410 1833 ir>
2448 1774 2674 1834 notabit
2709 1782 2938 1851 tempus

533 1872 650 1929 quo
694 1872 787 1912 res
830 1861 997 1930 gesta
1038 1852 1163 1929 fuit,
1207 1872 1324 1911 non
1366 1862 1560 1913 tamen
1594 1854 1791 1913 stricte
1835 1862 2143 1930 sumptum,
2191 1854 2296 1913 sed
2335 1873 2466 1913 cum
2505 1853 2827 1929 latitudine,
2871 1861 2938 1913 ut

534 1932 717 1991 Marc.
746 1931 807 1990 ii.
837 1934 951 2008 263
998 1932 1138 1991 Luc.
1178 1932 1259 1991 iii.
1299 1936 1354 2008 2,
1397 1941 1465 1991 ut
1514 1933 1591 1991 sit
1626 1931 1781 1991 idem
1807 1932 1966 2010 quod
2003 1955 2036 1993 a
2068 1932 2352 2009 Hebraeis,
2383 1932 2540 2010 quod
2581 1952 2732 2010 saepe
2779 1933 2938 1991 valet

532 2012 687 2069 circa
727 2010 825 2069 vel
858 2030 1061 2087 prope,
1106 2010 1320 2071 Genes.
1362 2010 1421 2070 ii.
1467 2014 1540 2087 23
1586 2011 1778 2071 Exod.
1819 2012 1923 2070 xii.
1971 2014 2063 2087 15,
2105 2020 2166 2070 et
2205 2012 2547 2072 vertendum
2586 2020 2678 2071 est
2713 2012 2814 2070 aab
2839 2011 2936 2089 vel

531 2090 703 2165 circa,
744 2110 801 2167 q.
837 2090 893 2149 d.
936 2091 1187 2149 instante
1227 2091 1728 2167 transportatione.
1813 2091 1928 2150 Vel
1957 2111 2076 2149 vox
2117 2092 2195 2150 ἐπὶ
2235 2111 2351 2151 non
2389 2098 2478 2149 est
2520 2088 2818 2150 referenda
2861 2090 2938 2149 ad

528 2170 772 2229 verbum
810 2170 1085 2229 remotius
1118 2170 1325 2246 genuit,
1357 2170 1460 2228 sed
1500 2170 1577 2229 ad
1615 2170 1943 2247 proximum
1967 2173 2194 2245 fratres
2235 2174 2350 2247 ejus
2377 2172 2458 2229 ire*
2495 2171 2796 2247 μετοικεσίας
2832 2190 2938 2247 pro

530 2250 583 2307 ἂι
600 2250 901 2325 patrante-1224
927 2269 1031 2327 per
1056 2249 1359 2326 enallagen
1387 2250 1812 2326 praepositionis
1837 2268 1969 2327 quse
1997 2249 2459 2327 frequentissima
2485 2260 2589 2327 est,
2619 2270 2724 2328 pro
2745 2258 2855 2315 τοῦς
2883 2251 2936 2307 ἐκ

526 2330 846 2405 momentu,
876 2329 977 2407 qui
1004 2328 1235 2388 fuerunt
1262 2348 1337 2387 ex
1365 2327 1779 2407 deportatione,
1810 2328 1872 2388 id
1901 2337 2005 2406 est,
2035 2328 2182 2389 inter
2201 2350 2294 2389 eos
2321 2331 2421 2407 qui
2443 2331 2789 2407 Babylonem
2807 2339 2938 2389 sunt

528 2410 771 2469 abducti.

611 2488 765 2548 XX.
811 2488 977 2547 Licet
1003 2490 1046 2549 J
1049 2488 1319 2547 echonias
1346 2488 1573 2548 dicatur
1600 2490 1872 2565 genuisse
1904 2488 2291 2564 Salathielem,
2323 2488 2494 2548 Matt.
2518 2488 2556 2547 i.
2585 2491 2676 2563 12,
2706 2496 2766 2547 et
2788 2488 2932 2548 Luc.

529 2568 611 2628 iii.
652 2572 748 2643 37,
780 2568 1056 2626 Salatkiel
1094 2567 1319 2628 dicatur
1342 2568 1505 2646 filim
1532 2569 1696 2644 Neri,
1741 2568 1903 2628 nulla
1942 2580 2032 2628 est
2072 2568 2482 2645 contradicti03
2529 2567 2677 2644 Quia
2717 2567 2933 2628 diversi

527 2648 763 2708 fuerunt
794 2647 1149 2722 Salathieles,
1180 2667 1332 2706 unus
1358 2647 1514 2706 filius
1540 2648 1585 2707 J
1588 2648 1860 2723 echoniae,
1891 2647 1964 2706 de
1992 2668 2108 2727 quo
2136 2649 2468 2724 Matthaeus,
2499 2650 2645 2707 alter
2671 2647 2828 2725 Neri,
2859 2649 2932 2707 de

529 2746 648 2804 quo
678 2727 901 2802 Lucas3
948 2726 1057 2783 Ille
1086 2745 1161 2784 ex
1187 2726 1342 2784 linea
1380 2726 1720 2802 Salomonis,
1753 2727 1874 2786 Iste
1907 2747 1982 2786 ex
2023 2727 2178 2787 linea
2207 2728 2523 2804 Nathanis;
2567 2728 2649 2787 Et
2673 2747 2804 2786 cum
2833 2727 2932 2786 alii

528 2807 705 2885 longe
732 2805 945 2864 fuerint
978 2805 1229 2882 majores
1270 2805 1599 2864 Salathielis
1623 2824 1809 2883 usque
1851 2807 1926 2865 ad
1969 2805 2255 2865 Davidem
2295 2807 2450 2883 apud
2493 2805 2727 2882 Lucam,
2759 2826 2931 2883 quam

534 2884 865 2946 Salathielis
898 2884 1052 2962 apud
1094 2885 1453 2960 Matthaeum,
1496 2886 1794 2962 probabile
1821 2894 1910 2946 est
1937 2885 2010 2944 de
2037 2883 2282 2945 diversis
2323 2886 2584 2963 personis
2611 2899 2932 2944 sermonem·

528 2984 675 3026 esse.
746 2964 869 3023 Nec
896 2965 1089 3023 obstat
1114 2963 1272 3041 quod
1304 2964 1581 3023 Salathiel
1606 2973 1726 3024 tam
1753 2965 1909 3041 apud
1938 2965 2298 3040 Matthaeum,
2329 2984 2502 3042 quam
2530 2964 2684 3043 apud
2713 2965 2932 3024 Lucam

528 3045 755 3104 dicatur
792 3051 957 3120 pater
983 3043 1321 3120 Zorobabel,
1361 3043 1499 3120 quia
1537 3044 1752 3121 pariter
1784 3043 1900 3105 duo
1938 3052 2251 3121 potuerunt
2278 3064 2404 3104 esse
2435 3044 2836 3120 Zorobabeles‚
2865 3051 2932 3103 ut

530 3123 737 3182 similis
782 3130 872 3182 est
911 3123 1155 3182 duorum
1199 3132 1299 3183 aut
1341 3122 1589 3200 plurium
1638 3122 1843 3182 eodem
1880 3123 2080 3182 ordine
2125 3123 2554 3184 succedentium
2597 3143 2928 3200 concursus,

530 3203 675 3262 Luc.
716 3201 797 3262 iii.
838 3205 933 3278 34,
975 3202 1212 3261 Mattati
1248 3211 1307 3262 et
1345 3201 1507 3278 Levi,
1548 3211 1607 3261 et
1634 3223 1692 3262 v.
1736 3205 1832 3278 29,
1877 3211 1937 3262 et
1969 3206 1998 3261 1
2033 3203 2204 3263 Chre.
2232 3203 2312 3262 vi.
2353 3207 2408 3278 7,
2453 3205 2510 3280 8,
2550 3203 2818 3280 idemque
2857 3203 2932 3262 de

528 3290 777 3360 quatuor
802 3300 1001 3341 eorum
1028 3281 1333 3358 nepotibus
1360 3281 1653 3359 repetitur,
1683 3301 1741 3341 v.
1775 3286 1870 3340 12.

611 3361 801 3420 XXI.
846 3361 1037 3420 Locus
1066 3360 1164 3418 Ps.
1203 3361 1347 3420 xxii.
1382 3364 1452 3419 17
1483 3360 1557 3419 de
1586 3380 1700 3420 we
1725 3380 1840 3420 non
1885 3369 1974 3421 est
2013 3359 2220 3427 ἅλυτος.
2315 3361 2465 3420 Nam
2508 3360 2646 3420 licet
2687 3360 2932 3420 retinea-

526 3450 624 3501 tur
662 3441 834 3500 lectio
862 3441 1102 3517 vulgata
1134 3459 1251 3498 non
1289 3449 1592 3518 propterea
1618 3440 1906 3517 corruptio
1934 3441 2017 3498 ibi
2043 3451 2196 3500 esset
2225 3439 2545 3514 statuenda,
2577 3439 2680 3496 sed
2707 3447 2932 3498 tautum

529 3521 871 3600 Scriptionis
915 3519 1215 3595 anomalia,
1251 3520 1352 3578 ubi
1396 3543 1430 3580 ιι
1478 3517 1740 3577 additum
1779 3528 1933 3578 esset
1971 3540 2076 3597 per
2114 3519 2486 3598 epenthesim,
2529 3525 2598 3576 ut
2636 3537 2752 3575 non
2803 3537 2932 3577 raro

526 3601 681 3677 alibi,
720 3601 896 3659 Zach.
931 3599 1053 3658 xiv.
1104 3601 1196 3675 10,
1232 3619 1368 3660 πνοι-ι
1401 3618 1505 3677 pro
1537 3615 1656 3673 rma,
1707 3599 2065 3674 exaltabitur,
2112 3607 2172 3658 et
2209 3619 2228 3656 *n
2267 3598 2328 3655 in
2366 3617 2391 3645 ἢ
2427 3605 2711 3655 mutatum
2759 3605 2928 3674 esset,

524 3690 592 3741 ut
632 3681 813 3740 literae
856 3680 984 3740 istae
1027 3679 1179 3738 inter
1220 3697 1284 3738 se
1326 3677 1493 3738 facile
1535 3685 1950 3756 permutantur,
1991 3677 2132 3736 Esd.
2179 3698 2239 3736 x.
2269 3675 2327 3735 v.
2367 3677 2473 3735 ult.
2511 3697 2624 3736 w
2659 3694 2766 3752 pro
2803 3699 2930 3751 wa,

524 3769 875 3836 acceperunt.
962 3759 1041 3820 Et
1080 3759 1349 3817 Marinus
1389 3759 1449 3818 in
1473 3758 1632 3817 Arca
1673 3760 1836 3833 Noae,
1879 3758 2105 3816 literam
2145 3756 2305 3814 illam
2343 3774 2462 3812 non
2501 3753 2547 3812 J
2548 3753 2625 3812 od
2665 3753 2771 3812 sed
2797 3753 2954 3814 Vau-

526 3839 875 3898 diminutum
915 3847 1105 3913 vocat,
1152 3845 1223 3896 et·
1256 3837 1387 3896 ideo
1428 3838 1676 3915 positam
1724 3837 2036 3911 existimat,
2081 3843 2148 3894 ut
2194 3836 2395 3894 innuat
2439 3834 2592 3892 clare
2635 3833 2931 3892 clavorum

529 3917 744 3975 Christi
786 3917 1083 3993 stigmata3
1130 3915 1303 3976 Unde
1344 3918 1405 3974 in
1447 3917 1757 3976 Codicibus
1799 3916 1974 3992 regiis
2015 3934 2148 3974 cum
2182 3914 2292 3972 Iod
2327 3920 2602 3991 punctato
2645 3912 2929 3989 scribitur,

526 3995 695 4072 quasi
735 4003 890 4054 esset
924 3996 968 4053 J
971 3994 1048 4052 od
1091 3995 1330 4052 schurec
1357 4013 1484 4070 ηε»,
1512 3995 1642 4074 loco
1670 3995 1806 4053 Vau
1848 3995 2104 4070 schurec,
2133 4003 2200 4053 ut
2227 3994 2444 4054 Jerem.
2487 3991 2528 4050 1.
2561 3994 2664 4067 11;
2708 3995 2764 4050 2.
2795 4011 2930 4050 con-

527 4075 787 4132 firmatur
824 4093 900 4132 ex
933 4092 1019 4147 ee,
1051 4071 1208 4148 quod
1236 4070 1470 4130 Masora
1495 4093 1676 4150 parva
1710 4081 1874 4133 notat
1910 4073 1986 4132 ad
2027 4073 2180 4132 hunc
2207 4073 2414 4147 locum,
2452 4071 2544 4136 bis
2569 4077 2794 4129 tantum
2821 4091 2934 4129 aasz

529 4171 825 4212 occurrere
866 4152 927 4209 in
972 4151 1268 4228 Scriptura
1304 4169 1434 4208 cum
1464 4153 1697 4210 Cametz
1726 4152 1833 4209 sub
1860 4173 1889 4210 e
1928 4161 1988 4210 et
2013 4152 2245 4228 quidem
2286 4152 2348 4211 in
2383 4151 2616 4209 diversa
2643 4147 2928 4226 significa-

530 4233 706 4291 tione.
788 4231 874 4289 At
904 4231 1017 4288 Isa.
1048 4229 1298 4288 xxxviii.
1334 4231 1425 4303 13,
1454 4230 1555 4288 ubi
1598 4230 1775 4288 semel
1817 4231 2080 4306 occurrit,
2126 4251 2243 4289 non
2283 4238 2474 4309 potest
2501 4229 2668 4288 aliter
2695 4226 2925 4303 exponi,

529 4330 703 4388 quam
730 4310 873 4368 sicut
896 4309 1014 4367 Leo
1031 4333 1055 4382 ,·
1098 4310 1257 4384 Ergo
1298 4308 1393 4365 hic
1421 4309 1535 4366 alio
1564 4327 1738 4367 sensu
1778 4309 1890 4367 ista
1916 4329 2036 4368 vox
2063 4311 2225 4369 venit
2249 4307 2608 4386 exponenda,
2641 4307 2743 4383 qui
2783 4306 2932 4364 alius

528 4409 656 4449 esse
698 4409 813 4448 non
854 4397 1046 4466 potest
1086 4408 1160 4447 ex
1188 4389 1519 4465 ιλληλουχίᾳ
1544 4387 1870 4462 verborum,
1914 4409 2088 4465 quam
2121 4389 2221 4465 qui
2249 4390 2430 4464 vulgo
2457 4387 2706 4464 ponitur,
2741 4385 2929 4464 nimir,

515 4473 809 4546 foderunt.
890 4471 949 4540 3.
995 4468 1067 4526 In
1098 4469 1331 4526 Masora
1356 4487 1567 4544 magna
1593 4466 1754 4524 finali
1793 4469 2131 4545 proponitur
2157 4469 2526 4545 alphabetum
2555 4473 2827 4527 constans
2855 4483 2931 4522 ex

530 4549 681 4608 binis
702 4548 945 4608 vocibus
966 4567 1094 4624 quae
1124 4546 1431 4624 scriptione
1458 4546 1826 4622 conveniunt,
1857 4547 2277 4624 significatione
2296 4567 2434 4606 vero
2463 4545 2752 4620 differunt,
2783 4545 2934 4602 inter

530 4649 673 4705 quas
714 4637 1042 4688 recensetur
1082 4627 1193 4686 ista
1221 4646 1367 4703 quae,
1401 4627 1514 4685 Isa.
1546 4627 1813 4702 xxxviii„
1845 4636 1904 4686 et
1945 4627 2038 4686 hic
2067 4627 2346 4702 occurrit;
2392 4625 2543 4685 undo
2573 4625 2686 4683 alia
2715 4623 2932 4701 signifi-
