3300 5225
520 346 638 405 176
1488 364 1674 406 Locus
1699 362 1971 405 ren-rius.
2517 338 2768 423 [omi-:sn
2797 360 2934 401 vm.

512 503 733 578 finituS,
766 522 898 563 cum
924 501 1072 561 nihil
1114 502 1190 563 sit
1220 512 1356 564 actu
1383 504 1647 565 absolute
1689 502 1978 564 infinitum
2003 510 2213 582 praeter
2242 502 2466 579 Deum3
2511 501 2616 561 sed
2643 502 2715 561 de
2743 502 2925 581 infhu·

518 594 631 643 tate
650 583 903 659 propria
928 583 1067 641 etin
1090 604 1168 643 ae.

599 662 723 721 111.
768 662 903 721 Non
942 662 1137 739 agitur
1170 662 1245 723 de
1272 664 1543 744 infinimte
1579 664 2162 741 syncateqorematicm
2201 671 2262 722 et
2303 661 2620 721 secundum
2659 660 2819 739 quid,
2851 660 2923 719 de

516 762 635 819 qua
662 741 888 817 dicitur,
918 761 1036 799 non
1064 752 1151 802 tot
1176 744 1317 820 quin
1344 744 1527 822 plura,
1556 744 1848 822 quomodo
1874 743 2167 821 quantitas
2195 742 2406 801 dicitur
2431 743 2492 800 in
2519 742 2810 800 infinitum
2835 740 2922 799 di-

516 822 808 897 visibilis3
853 821 958 881 sed
984 822 1057 880 de
1084 825 1549 901 cateqorematica
1586 834 1645 883 et
1684 823 1987 883 absoluta:
2058 823 2192 881 Non
2233 822 2306 882 de
2345 824 2616 903 infinitate
2645 822 2919 897 potentia,

518 920 637 979 quo
664 920 839 960 sensu
864 902 1119 961 materiae
1140 904 1431 981 appetitus
1456 908 1722 982 respectu
1747 904 2058 962 formarum
2085 902 2297 962 dicitur
2322 922 2450 961 esse
2477 901 2736 961 infinitus
2758 923 2775 977 3
2821 900 2925 961 sed

517 979 593 1039 de
620 982 887 1059 infinitate
907 990 1039 1039 actu
1064 983 1183 1058 tali,
1210 984 1524 1043 secundum
1547 1004 1721 1061 quam
1739 984 1990 1042 essentia
2013 1002 2132 1041 non
2159 992 2248 1041 est
2274 990 2499 1041 tantum
2519 981 2740 1061 ἅλμα-τος
2767 982 2924 1039 inde·

498 1062 695 1141 finita,
726 1060 831 1121 sed
858 1080 1061 1120 revera
1085 1068 1280 1144 ἄπειρος
1307 1064 1540 1144 infinita,
1570 1082 1690 1122 non
1715 1072 1942 1123 tantum
1969 1070 2104 1122 actu
2129 1062 2355 1121 infinita
2397 1060 2460 1119 in
2485 1080 2624 1122 casu
2665 1059 2920 1139 obliquo,

520 1140 625 1201 sed
654 1141 829 1199 etiam
854 1150 1012 1199 aetus
1038 1143 1281 1223 infinitas
1308 1144 1368 1202 in
1394 1153 1572 1203 rect0.

600 1221 711 1281 IV.
757 1220 916 1279 Huic
960 1218 1243 1283 Infinitati
1286 1223 1652 1283 intercedunt
1684 1222 1992 1298 Sociniani‚
2038 1231 2097 1281 et
2131 1222 2230 1299 qui
2265 1240 2462 1280 eorum
2500 1220 2756 1299 juvenca
2798 1228 2926 1280 arat

517 1299 826 1377 Vorstius3
870 1300 973 1377 qui
998 1310 1066 1361 ut
1090 1304 1537 1363 immensitatem
1566 1303 1680 1362 Dei
1705 1301 1898 1380 quoad
1938 1302 2247 1361 essentiam
2293 1320 2412 1360 non
2455 1310 2796 1378 agnoscunt,
2839 1301 2928 1361 ita

514 1380 723 1439 nolunt
750 1381 940 1439 Deum
968 1400 1096 1441 esse
1124 1392 1261 1443 actu
1282 1383 1572 1443 infinitum
1610 1382 1962 1460 simpliciter,
1993 1382 2130 1441 licet
2155 1390 2420 1459 respectu
2447 1381 2630 1440 nostri
2659 1383 2744 1440 sic
2771 1400 2926 1459 saepe

515 1458 757 1519 dicatur.
830 1460 1307 1523 Remonstrantes
1333 1482 1491 1539 ver0,
1520 1462 1660 1522 licet
1687 1462 1981 1537 indirecte,
2012 1462 2130 1519 iuis
2157 1461 2596 1538 adstipulantur,
2627 1460 2768 1520 dum
2795 1460 2924 1518 infi-

516 1540 759 1600 nitatem
794 1542 1071 1616 potentiae
1106 1550 1167 1601 et
1202 1562 1237 1601 o
1312 1542 1551 1602 rationis
1592 1542 1828 1620 quidem
1870 1542 1998 1600 Deo
2039 1540 2389 1618 adscribunt,
2437 1539 2541 1600 sed
2579 1541 2925 1600 infinitatem

515 1618 781 1678 essentiae
810 1619 906 1677 vel
934 1620 1151 1680 tollunt
1176 1641 1249 1681 ve
1300 1622 1362 1679 in
1390 1622 1629 1681 dubium
1658 1630 1889 1681 vocant.
2255 1672 2260 1679 .

843 1747 855 1761 .
963 1748 977 1761 .
1080 1700 1157 1760 V.
1188 1700 1511 1761 Orthodoxi
1532 1701 1856 1761 absolutam
1873 1701 2215 1761 infinitatem
2235 1702 2362 1760 Deo
2383 1701 2645 1760 tribuunt
2659 1708 2926 1779 respectu

516 1748 1001 1852 Degummesszsxflpiz
1042 1780 1347 1840 Essentiae.
1414 1781 1607 1840 Primo
1648 1802 1726 1840 ex
1767 1782 2062 1859 Scriptura
2087 1801 2218 1858 quse
2265 1782 2425 1840 illam
2461 1782 2754 1858 praedicat,
2785 1781 2926 1840 dum

596 1866 846 1923 probatur·
1040 1860 1122 1919 ait
1151 1860 1305 1919 Psal.
1336 1861 1493 1920 cxlv.
1524 1864 1579 1937 3,
1608 1863 1890 1939 May-num
1916 1864 2105 1920 Deum
2133 1882 2263 1937 esse,
2295 1872 2350 1920 ct
2375 1863 2711 1920 laudabilem
2737 1864 2920 1935 valde,

516 1924 599 1973 Β*
620 1924 703 1970 ¹³⁸·
724 1924 869 1977 ⁰¹¹⁷··
888 1924 971 1971 ω’·
1039 1948 1095 1999 et
1116 1941 1515 2017 maqnimdim'a
1546 1945 1666 2017 ejus
1691 1962 1806 2001 non
1831 1962 1945 2000 esse
1957 1943 2153 2021 finem,
2179 1941 2282 2000 ubi
2305 1942 2401 2000 Ps.
2432 1961 2546 2001 non
2567 1940 2824 2019 loquitur
2849 1940 2926 1999 de

514 2020 1341 2179 ffifflfflssifflfiffl
1368 2021 2498 2179 ffssssffipffi¹zffii.ss?”ssgss33pffl
2521 2020 2924 2179 ffssuffiffi

512 2203 565 2242 c.
596 2183 678 2240 xi.
714 2185 771 2239 7.
800 2182 896 2240 An
924 2180 1374 2257 profimditatem
1400 2182 1520 2240 Dei
1556 2182 1811 2255 invenies,
1843 2190 1946 2239 aut
1983 2184 2068 2239 ad
2092 2184 2492 2259 perfectionem
2523 2181 2925 2257 Omnipotentia

501 2262 797 2341 pervenies
812 2264 843 2321 ,ἲ
894 2262 1067 2319 altior
1094 2270 1177 2319 eat
1198 2259 1481 2320 altissimis
1518 2262 1682 2336 ooelis,
1715 2262 1860 2338 quid
1895 2280 2038 2337 aya-³
2057 2263 2086 2319 ,²
2133 2262 2483 2337 profundior
2521 2262 2755 2337 inferno,
2789 2262 2930 2339 quid

514 2362 819 2419 cognoscas
838 2344 867 2400 3
911 2341 1131 2417 lonqior
1172 2351 1331 2399 terra
1356 2361 1623 2401 mensura
1661 2344 1794 2417 ejus,
1835 2350 1892 2399 et
1927 2342 2098 2400 latior
2123 2342 2292 2399 mari.
2375 2340 2580 2417 Neque
2607 2340 2722 2399 dici
2749 2340 2924 2399 debet

512 2423 641 2481 haec
666 2422 849 2479 verba
875 2419 951 2479 ad
977 2420 1388 2497 perfectionem
1414 2421 1710 2499 sapientise
1743 2421 1974 2498 proprie
2014 2428 2289 2499 spectare,
2318 2429 2386 2481 ut
2411 2420 2542 2479 vult
2571 2420 2827 2493 Orellius,
2858 2419 2920 2477 li.

512 2502 553 2560 i.
601 2501 673 2559 de
706 2500 858 2559 Reli.
888 2519 939 2558 c.
970 2500 1159 2557 xxvii.
1242 2499 1409 2575 Nam,
1440 2510 1822 2577 praeterquam
1849 2500 2008 2578 quod
2054 2500 2216 2559 locus
2257 2508 2503 2559 testatur
2542 2500 2640 2577 agi
2683 2499 2756 2559 de
2797 2500 2924 2576 ipsa

514 2580 629 2640 Dei
656 2579 1360 2656 incomprehensibilitate,
1392 2580 1445 2638 si
1484 2579 1561 2638 ad
1588 2580 1928 2657 sapientiam
1965 2588 2191 2640 tantum
2223 2580 2547 2658 respiceret,
2587 2599 2705 2640 non
2731 2580 2922 2640 minus

512 2659 827 2735 stringeret
852 2667 1273 2736 argumentum,
1304 2660 1445 2736 quia
1468 2661 1790 2737 proprietas
1827 2659 2068 2719 infinitae
2093 2661 2461 2738 perfectionis
2499 2669 2716 2720 naturae
2743 2660 2924 2719 finitae

512 2738 825 2799 convenire
860 2757 979 2796 non
1014 2746 1223 2815 potest.
1306 2738 1529 2798 Eodem
1568 2749 1832 2816 spectant
1867 2741 1996 2816 ista,
2042 2740 2158 2799 Isa.
2187 2741 2269 2800 xl.
2307 2745 2398 2814 12,
2435 2742 2575 2808 Quia
2601 2761 2820 2800 menam
2845 2749 2928 2799 est

502 2819 727 2898 puyiao
754 2837 956 2894 aquas,
1001 2817 1125 2894 quis
1164 2821 1324 2876 caelos
1354 2822 1555 2894 palmo
1582 2839 1801 2878 mensus
1841 2823 1964 2878 est!
2006 2818 2115 2879 &c.
2143 2841 2202 2878 v.
2237 2823 2328 2898 15,
2363 2825 2456 2897 17,
2493 2821 2698 2881 Gentes
2727 2839 2924 2879 coram

512 2900 635 2977 ipso
662 2899 831 2976 quasi
852 2898 1007 2956 stilla
1031 2899 1226 2972 situlae,
1259 2908 1315 2956 et
1338 2918 1533 2957 coram
1560 2919 1624 2958 co
1653 2900 1820 2976 quasi
1851 2899 2005 2976 nihil,
2037 2897 2147 2958 &c.

1084 2977 1197 3035 VI.
1232 2977 1497 3037 Secundo
1524 2999 1601 3038 ex
1626 2999 1847 3037 summa
1867 2981 1986 3038 Dei
1997 2980 2359 3056 perfectione.
2405 2980 2550 3038 Cum
2577 2979 2732 3038 enim
2761 2980 2924 3039 Deus

1043 3057 1257 3116 habeat
1276 3077 1504 3116 omnem
1525 3057 1934 3135 perfectionem
1955 3079 2084 3137 quse
2107 3079 2234 3118 esse
2253 3069 2316 3118 et
2333 3060 2533 3118 haberi
2553 3068 2760 3136 potest,
2786 3077 2922 3117 con-

1046 3146 1162 3196 stat
1188 3137 1337 3195 nihil
1364 3137 1491 3215 ipso
1516 3138 1726 3198 melius
1753 3147 1812 3197 et
1836 3141 2150 3216 perfectius
2175 3159 2300 3198 esse
2337 3140 2436 3198 vel
2463 3139 2706 3216 cogitari
2731 3157 2920 3216 posse,

514 3221 776 3298 adeoque
829 3236 1067 3278 necesse
1108 3225 1199 3276 est
1238 3225 1305 3274 ut
1346 3217 1423 3276 sit
1478 3216 1754 3293 infinitus,
1798 3219 1936 3297 quia
1975 3219 2190 3278 bonum
2227 3217 2516 3278 infinitum
2565 3219 2718 3277 bono
2758 3218 2922 3278 finito

515 3300 723 3359 melius
752 3308 857 3358 est.
916 3295 1179 3370 Accedit,
1212 3295 1369 3373 quod
1396 3297 1776 3374 perfectiones
1803 3317 1934 3375 qum
1959 3299 2134 3357 rebus
2159 3299 2367 3358 creatis
2393 3299 2591 3358 insunt
2623 3298 2922 3358 includan-

514 3389 611 3441 tur
638 3379 811 3439 certis
839 3377 1100 3437 terminis
1140 3377 1293 3434 ultra
1332 3396 1479 3452 quos
1510 3397 1631 3435 non
1671 3378 2076 3455 extenduntur,
2109 3387 2167 3437 et
2199 3378 2387 3437 omnis
2427 3399 2622 3437 earum
2656 3378 2924 3437 activitas

517 3469 735 3521 certam
778 3459 990 3518 habeat
1032 3456 1315 3532 sphaeram
1344 3475 1517 3533 quam
1546 3475 1816 3534 superare
1847 3478 1967 3516 non
1993 3458 2151 3517 valet
2174 3480 2188 3518 :
2236 3457 2353 3517 Sed
2385 3458 2447 3515 in
2476 3459 2603 3517 Deo
2637 3477 2730 3516 res
2756 3457 2926 3516 aliter

516 3561 578 3601 se
622 3540 814 3614 habet,
866 3557 1001 3596 nam
1044 3544 1425 3613 praeterquam
1476 3535 1634 3612 quod
1679 3538 1934 3598 continet
1977 3557 2204 3604 omnem
2259 3537 2446 3596 omnis
2492 3537 2662 3596 Entis
2705 3537 2921 3614 perfec-

514 3621 748 3696 tionem,
779 3620 956 3679 habet
982 3636 1111 3676 eam
1137 3616 1310 3675 modo
1339 3616 1809 3692 eminentissimO,
1840 3618 1918 3676 id.
1949 3615 2052 3694 qui
2077 3637 2306 3675 omnem
2332 3616 2700 3695 perfectionis
2737 3617 2923 3676 omnis

517 3701 765 3779 gradum
796 3699 1016 3776 absque
1043 3696 1166 3755 ulla
1190 3695 1533 3755 limitatione
1560 3697 1980 3774 complectitur.

1122 3774 1271 3834 VII.
1304 3775 1687 3835 confirmatur
1714 3777 1825 3835 hoc
1851 3777 2094 3836 ulterius
2121 3795 2196 3834 ex
2225 3775 2680 3835 consideratione
2712 3776 2922 3835 Poten-

588 3875 661 3922 Et
678 3877 913 3934 potentia.
1042 3855 1141 3915 tiae
1170 3855 1322 3915 Dei:
1366 3855 1513 3914 Cum
1552 3855 1708 3913 enim
1735 3855 1852 3932 illa,
1883 3864 1949 3914 ut
1975 3865 2184 3916 coetera
2217 3854 2509 3930 attributa,
2543 3855 2928 3915 identificetur

1046 3953 1179 3992 cum
1206 3935 1472 4009 essentia,
1502 3953 1740 3993 necesse
1768 3943 1856 3993 est
1897 3934 2161 3995 essentiae
2201 3954 2334 3994 cum
2375 3935 2501 4012 ipsa
2527 3935 2770 3993 eandem
2797 3954 2924 3994 esse

520 4011 819 4088 rationem,
850 4021 1025 4089 atque
1066 4011 1213 4071 adeo
1240 4013 1523 4071 infinitam
1551 4033 1696 4087 esse,
1733 4033 1852 4072 non
1879 4035 2046 4074 secus
2085 4035 2154 4073 ac
2195 4014 2390 4074 illam:
2431 4013 2714 4074 infinitam
2733 4023 2926 4073 autem

522 4111 651 4152 esse
680 4091 997 4168 potentiam
1022 4091 1159 4150 inde
1199 4100 1377 4168 patet,
1407 4091 1565 4168 quod
1594 4093 1722 4151 Deo
1761 4093 1912 4151 nihil
1951 4096 2028 4154 sit
2067 4094 2460 4172 impossibile3
2502 4095 2614 4152 hoc
2655 4095 2810 4152 enim
2853 4094 2928 4152 de

521 4171 783 4251 potentia
808 4170 973 4229 finita
998 4179 1057 4229 et
1084 4189 1213 4248 quae
1242 4171 1549 4230 terminum
1576 4171 1828 4248 aliquem
1855 4173 2030 4233 habet
2057 4174 2172 4233 dici
2198 4194 2316 4234 non
2341 4182 2556 4252 posset.
2639 4175 2924 4251 Denique,

526 4252 577 4311 si
609 4251 721 4309 Dei
748 4250 999 4309 essentia
1022 4249 1189 4309 finita
1215 4259 1319 4325 est,
1348 4267 1585 4309 necesse
1622 4260 1713 4310 est
1737 4260 1806 4310 ut
1845 4253 1918 4311 ab
1949 4254 2148 4331 aliqua
2173 4273 2348 4314 causa
2372 4253 2620 4312 limitata
2647 4253 2739 4329 sit,
2769 4253 2929 4330 quod

526 4331 600 4392 de
640 4351 714 4389 eo
738 4329 857 4390 dici
894 4330 1097 4406 nequit
1122 4330 1227 4407 qui
1264 4329 1483 4388 nullam
1521 4331 1698 4390 habet
1737 4351 1970 4391 causam
1997 4335 2365 4412 superiorem,
2411 4333 2514 4391 sed
2555 4334 2808 4392 omnium
2839 4341 2930 4392 est

526 4429 720 4470 causa.
804 4409 965 4486 Ergo
994 4429 1063 4468 eo
1080 4409 1313 4468 tandem
1332 4408 1756 4470 deveniendum
1784 4421 1888 4486 est,
1909 4423 1974 4473 ut
1991 4413 2249 4473 dicamus
2267 4432 2398 4472 cum
2420 4413 2750 4486 Veteribus,
2771 4411 2928 4489 quod

522 4491 721 4571 ἔκτιζον
748 4499 839 4548 est
858 4496 918 4550 et
942 4489 1305 4555 ἆιατᾶληπτοι
1318 4494 1375 4547 τὶ
1401 4491 1542 4558 Sufes,
1564 4495 1655 4548 καὶ
1675 4498 1817 4550 τοῦτο
1841 4493 1979 4567 μόιον
2005 4497 2158 4552 αὐτου
2185 4493 2512 4554 nudatum„
2540 4494 2565 4555 ui
2593 4493 2809 4572 ὦπιςῖσι,
2838 4497 2929 4550 καὶ

526 4574 555 4634 ὁ
582 4569 942 4644 &aa-manwen,
972 4571 1111 4630 nim.
1156 4573 1344 4630 Deum
1370 4589 1485 4630 esse
1510 4572 1784 4651 insumam
1809 4583 1864 4631 et
1887 4574 2498 4650 incomprehensibilem,
2528 4583 2582 4632 et
2608 4573 2931 4652 iry‘initatem

524 4671 601 4714 ac
625 4651 1325 4729 incommutabilitatem
1348 4652 1455 4714 hoc
1478 4671 1595 4712 me
1620 4673 1794 4714 unum
1819 4656 1976 4731 quod
1989 4655 2062 4714 de
2085 4673 2154 4722 eo
2179 4653 2574 4731 comprehendi
2589 4662 2787 4730 potest.

568 3045 651 3092 Ex
672 3042 764 3089 Dei
786 3041 963 3100 perfee-

690 3101 841 3146 tione.
