3300 5225
352 324 579 375 Qumsr.
608 306 767 388 xm]
1373 330 1453 371 ns
1480 329 1838 373 rammam.
2683 314 2760 371 49

351 466 499 525 locis
526 466 571 527 J
572 466 744 527 ohan.
772 487 874 528 xx.
904 470 976 527 31
1006 491 1022 545 ;
1066 472 1104 528 2
1133 469 1281 529 Tim.
1326 470 1405 530 iii.
1454 473 1546 547 16,
1590 472 1744 531 unde
1773 478 1838 530 ut
1865 480 2000 531 sunt
2029 469 2279 529 Articuli
2307 470 2764 531 fundamentales

354 545 621 622 Praetici,
652 547 736 606 ita
762 556 821 607 et
846 547 1060 609 debent
1086 570 1213 609 esse
1240 549 1584 610 Theoretici.

434 626 688 687 XXIV.
733 627 898 687 Licet
924 648 1000 687 ex
1029 628 1382 689 orthodoxis
1408 630 1643 707 quidam
1671 630 1882 708 plures,
1912 628 2146 708 quidam
2166 629 2466 707 pauciores
2491 628 2766 691 articulos

351 704 490 765 fidei
518 714 788 782 statuant,
832 726 949 767 non
990 708 1337 769 dissentiunt
1381 710 1586 787 reipsa,
1616 710 1722 770 sed
1761 718 1986 770 tantum
2026 709 2222 770 verbis
2260 718 2320 769 et
2357 708 2533 769 modo
2557 728 2764 787 propo·

352 784 545 861 nendi,
574 787 713 863 quia.
738 786 839 845 alii
866 788 1192 864 generalius
1230 797 1291 848 et
1331 790 1661 849 summatim
1687 808 1788 849 eos
1828 789 2300 867 complectuntur,
2329 789 2430 847 alii
2461 788 2768 867 specialius

352 884 427 923 ea
452 874 719 925 enarrant
746 873 805 925 et
829 891 969 925 mu
992 867 1129 949 μίςη.
1212 867 1371 927 Hinc
1396 868 1632 945 quidam
1659 868 1830 928 unica
1855 869 2098 927 veritate
2119 868 2191 927 de
2208 869 2253 929 J
2254 888 2360 929 esu
2380 868 2608 929 Christo
2637 888 2764 927 cru-

355 943 530 1003 cifixo
560 944 947 1023 Redemptore
972 957 1171 1007 nostro
1198 966 1275 1007 ex
1306 950 1337 1006 1
1370 948 1499 1007 Cor.
1542 948 1603 1007 ii.
1631 953 1688 1025 2,
1721 947 1824 1007 sed
1863 966 1993 1026 quae
2019 948 2214 1026 plures
2240 948 2384 1006 alias
2421 966 2550 1006 com
2588 948 2764 1007 lecta·

354 1030 467 1099 tur,
518 1023 954 1085 fundamentum
1008 1026 1213 1086 salutis
1266 1025 1635 1087 describunt:
1719 1027 1844 1086 Alii
1897 1026 2124 1087 duabus
2171 1028 2500 1105 cognitione
2643 1027 2664 1085 i
2707 1034 2768 1087 et

356 1101 572 1161 Christi
598 1122 675 1162 ex
701 1104 746 1164 J
747 1123 875 1165 oan.
904 1106 1049 1165 xvii.
1080 1108 1137 1166 3.
1220 1105 1345 1163 Alii
1372 1106 1449 1164 ad
1474 1113 1720 1184 quatuor
1736 1107 1925 1184 capita
1942 1106 2265 1166 extendunt
2283 1115 2406 1166 tum
2426 1106 2770 1166 Theoretica

354 1188 481 1240 tum
524 1182 803 1260 Praetica,
846 1182 973 1243 Alii
1013 1184 1090 1244 ad
1129 1204 1253 1245 sex.
1298 1186 1581 1245 Caeterum
1629 1204 1829 1245 omnes
1856 1186 2222 1245 consentiunt
2261 1186 2535 1245 articulos
2561 1184 2764 1244 funda-

356 1261 637 1320 mentales
664 1282 809 1341 esse,
842 1264 1133 1341 Dogmata
1158 1264 1232 1324 de
1263 1264 1559 1342 Scriptura
1588 1265 1765 1325 Sacra
1787 1264 2092 1341 θιπκίοσ-τᾳ
2119 1264 2244 1323 sola
2267 1273 2328 1324 et
2352 1264 2606 1342 perfecta
2631 1263 2770 1324 fidei

354 1339 575 1417 regula,
614 1340 687 1400 de
730 1342 858 1402 Deo
901 1343 1037 1404 Uno
1078 1352 1138 1403 et
1176 1343 1371 1421 'lh-ine,
1402 1344 1476 1403 de
1517 1343 1747 1403 Christo
1785 1345 2169 1423 Redemptore
2196 1351 2256 1403 et
2280 1343 2615 1422 plenissima
2640 1344 2779 1421 ejus.

361 1419 782 1499 Satisfactione,
814 1423 907 1483 De
936 1423 1182 1483 Peccato
1210 1430 1270 1483 et
1296 1432 1479 1483 morte
1506 1423 1637 1500 ejus
1677 1423 1902 1500 salario,
1936 1424 2027 1483 De
2055 1422 2216 1501 Lege
2243 1432 2303 1482 et
2329 1423 2457 1501 ejus
2483 1423 2764 1499 impoten-

356 1498 441 1558 tia
467 1498 543 1557 ad
570 1499 832 1579 salutem,
864 1503 957 1563 De
996 1502 1041 1563 J
1042 1502 1426 1563 ustificatione
1466 1522 1569 1580 per
1594 1502 1788 1578 fidem,
1821 1503 1910 1562 De
1949 1502 2308 1562 Necessitate
2349 1501 2551 1579 gratiae
2577 1510 2638 1563 et
2663 1502 2765 1561 bo·

357 1597 562 1638 norum
590 1598 828 1657 operum
854 1581 931 1641 sd
962 1582 1483 1642 Sanctificationem
1510 1590 1571 1642 et
1598 1582 1833 1642 Cultum
1862 1582 1991 1658 Dei,
2025 1582 2114 1641 De
2137 1580 2418 1657 Ecclesia,
2449 1580 2523 1639 de
2552 1580 2765 1641 Resur-

355 1658 609 1717 rectione
637 1668 1007 1738 mortuorum,
1052 1662 1096 1721 J
1097 1661 1290 1722 udicio
1328 1661 1534 1720 ultimo
1560 1669 1621 1720 et
1646 1661 1790 1721 Vita
1834 1668 2066 1737 aeterna,
2107 1667 2169 1720 et
2208 1661 2259 1719 si
2298 1679 2428 1738 quas
2455 1660 2570 1719 alia
2607 1660 2769 1721 hisce

356 1756 619 1798 connexa
646 1748 797 1815 sunt,
827 1760 958 1818 quae
984 1741 1179 1801 omnia
1202 1740 1285 1800 ita
1310 1741 1461 1800 inter
1487 1760 1549 1799 se
1576 1740 1933 1818 copulantur,
1962 1750 2030 1801 ut
2047 1760 2084 1800 a
2104 1759 2167 1801 se
2193 1739 2442 1800 invicem
2461 1739 2767 1819 pendeant,

356 1835 463 1877 nec
488 1837 669 1878 unum
694 1818 939 1881 subduci
964 1829 1154 1899 queat,
1184 1820 1327 1897 quin
1353 1828 1561 1879 caetera
1586 1827 1873 1879 corruant.

962 1899 1178 1959 XXV.
1208 1899 1464 1974 Quaestio
1485 1897 1557 1957 de
1574 1919 1807 1959 numero
1825 1898 2210 1959 Articulorum
2235 1897 2766 1974 fundamentalium‚

358 1952 841 2060 Qufflssgssufffi
877 1998 1009 2057 quae
1035 1979 1205 2038 nobis
1244 1978 1320 2037 ab
1361 1978 1734 2037 Adversariis
1775 1977 2020 2038 subinde
2064 1986 2344 2055 movetur,
2387 1986 2770 2056 praeterquam

418 2070 752 2117 fimdamenta-
920 2059 1038 2119 uod
1075 2058 1378 2118 temeraria
1417 2066 1521 2133 est,
1570 2057 1867 2136 Scriptura
1904 2057 2051 2116 nihil
2076 2058 2186 2117 hac
2221 2058 2284 2115 in
2323 2065 2486 2135 parte
2533 2057 2770 2134 praecise

416 2126 541 2197 ΠΨ
560 2128 834 2199 *ΨΜ
914 2138 1197 2215 efiniente,
1227 2136 1449 2198 inutilis
1492 2136 1666 2196 etiam
1707 2146 1768 2197 et
1807 2156 1924 2195 non
1964 2136 2287 2195 necessaria
2325 2135 2773 2213 deprehenditur

417 2188 473 2231 Θ*
491 2186 698 2231 mutilis.
880 2216 957 2276 ad
998 2216 1433 2277 Controversias
1472 2236 1602 2294 quae
1642 2215 1812 2276 nobis
1839 2235 1970 2275 cum
2009 2215 2152 2294 ipsis
2191 2214 2591 2291 intercedunt3
2634 2215 2772 2291 quia

356 2312 475 2351 non
502 2312 649 2371 opus
675 2302 765 2355 est
791 2294 1087 2373 sigillatim
1114 2315 1285 2357 nosse
1312 2304 1456 2373 quot
1495 2296 1611 2355 sint
1636 2314 1875 2356 numero
1915 2294 2062 2355 tales
2101 2294 2346 2370 articuli,
2377 2294 2428 2353 si
2467 2312 2774 2373 possumus

358 2372 629 2433 evincere
656 2374 813 2453 ipsos
838 2376 901 2433 in
928 2396 1061 2451 uno,
1092 2376 1190 2436 vel
1229 2376 1291 2433 in
1331 2374 1596 2453 pluribus
1622 2394 1812 2434 errare
1851 2374 2372 2449 fundamentaliter,
2415 2372 2575 2451 quod
2601 2372 2770 2432 facile

354 2450 738 2591 &monstrari
762 2463 955 2533 potest
982 2463 1182 2516 contra
1210 2454 1563 2532 Pontificio&
1598 2453 1953 2531 Socinianos,
1998 2452 2434 2531 Anabaptistas,
2464 2461 2524 2513 et
2551 2451 2772 2512 similes

446 2532 673 2594 reticos.

436 2610 687 2674 XXVI.
717 2614 919 2693 Neque
944 2613 1083 2674 hinc
1104 2613 1378 2692 sequitur,
1398 2614 1494 2674 vel
1524 2614 1834 2710 Scripturae
1861 2613 2044 2693 ipsius
2061 2612 2468 2692 perfectionem
2485 2610 2546 2670 in
2571 2630 2770 2674 neces-

354 2691 522 2751 sariis
546 2692 825 2770 laborare,
854 2694 954 2754 vel
974 2693 1405 2754 communionis
1440 2693 1863 2754 Ecclesiasticae
1889 2712 2150 2753 normam
2175 2691 2332 2770 apud
2357 2711 2466 2752 nos
2485 2690 2730 2756 deficere
2753 2713 2772 2752 t

356 2769 508 2846 Quia
532 2791 650 2831 non
676 2770 890 2834 desinit
919 2773 1216 2851 Scriptura
1253 2771 1585 2850 plenissime
1612 2773 1906 2833 continere
1933 2773 2125 2831 omnia
2163 2771 2488 2831 necessaria
2513 2769 2589 2828 ad
2615 2770 2768 2830 salu-

354 2857 491 2926 tem,
519 2849 658 2912 lieet
683 2871 985 2912 numerum
1024 2870 1224 2912 eorum
1263 2853 1503 2930 praecise
1542 2873 1659 2912 non
1699 2852 1952 2930 definiat,
1995 2859 2057 2911 et
2094 2851 2331 2911 Veritas
2371 2850 2770 2910 Articulorum

354 2927 887 3070 flmdamentaallilum,
916 2931 1019 3010 qui
1042 2931 1213 2991 nobis
1239 2951 1455 2992 normae
1480 2932 1611 2992 loco
1637 2951 1766 2992 esse
1792 2931 2022 3008 debent,
2053 2931 2194 2991 satis
2221 2930 2514 3009 colligitur
2537 2948 2616 2988 ex
2645 2929 2767 2989 cri-

352 3008 515 3068 teriis
542 3019 675 3070 ante
783 3011 911 3070 atis.

438 3088 724 3150 XXVII.
771 3089 835 3150 Si
862 3090 1187 3152 orthodoxi
1227 3088 1536 3169 aliquando
1576 3089 1850 3150 articulos
1889 3088 2346 3148 fundamentales
2385 3107 2602 3167 paucos
2639 3106 2768 3147 esse

355 3174 633 3243 stamunt,
675 3169 788 3228 hoc
833 3188 953 3229 non
996 3169 1261 3230 absolute
1303 3178 1363 3229 et
1417 3169 1754 3247 simpliciter
1793 3169 2232 3247 intelligendum
2273 3177 2401 3228 est:
2487 3166 2604 3228 Sed
2643 3175 2768 3226 tum

355 3246 551 3321 quoad
574 3246 845 3324 primaria
870 3248 1075 3327 capita,
1106 3268 1236 3326 quae
1262 3247 1543 3314 συλλίθιν
1570 3257 1800 3326 sumpta
1824 3267 2011 3326 pauca
2035 3257 2171 3308 sunt
2210 3267 2330 3325 pras
2355 3246 2610 3325 reliquis,
2641 3254 2767 3306 tum
2831 3297 2840 3306 .

354 3333 681 3402 comparate
734 3327 810 3386 sd
852 3327 1204 3404 Pontificios,
1248 3331 1349 3407 qui
1389 3330 1451 3388 in
1496 3329 1840 3388 immensum
1886 3347 1987 3386 eos
2033 3335 2265 3404 augent,
2315 3325 2456 3386 dum
2503 3326 2767 3384 Canones

358 3403 651 3482 Ecclesiae,
701 3407 1041 3470 Scholarum
1088 3406 1302 3486 placita
1348 3407 1579 3486 publice
1620 3414 1868 3484 recepta,
1910 3414 1971 3467 et
1997 3405 2362 3464 Traditiones
2404 3405 2660 3478 Pati-um,
2704 3403 2764 3460 in

351 3481 489 3544 fidei
515 3486 789 3548 articulos
814 3495 1066 3566 vertunt,
1096 3508 1133 3548 a
1156 3487 1370 3564 quibus
1396 3487 1521 3548 sine
1540 3485 1778 3546 haeresis
1795 3484 2031 3544 crimine
2051 3502 2220 3544 nemo
2241 3480 2534 3543 discedere
2561 3480 2762 3558 possit.
