3300 5225
284 317 521 367 QuAEs'r.
552 297 667 380 nn]
758 317 767 327 ·
1218 376 1227 386 ε
1304 318 1385 360 na
1410 319 1696 361 peccare.
2584 305 2699 362 557

284 457 655 518 diversorum
695 467 1061 537 peccatorum
1101 458 1163 518 in
1204 457 1451 520 diversis
1489 461 1752 539 personis
1789 459 2177 537 existentium,
2209 461 2306 520 vel
2345 461 2418 520 de
2457 461 2703 540 paritate

282 539 445 598 inter
472 539 702 598 diversa
727 548 965 618 peccata
990 540 1212 600 ratione
1237 561 1441 619 poenae,
1474 550 1574 601 aut
1600 550 1812 601 reatus.
1887 540 2004 600 Sed
2030 541 2327 619 quaeritur,
2355 540 2454 599 An
2483 543 2709 602 actuale

284 628 595 696 peccatum
624 619 841 678 Adami
865 620 949 678 ita
976 620 1241 680 omnibus
1270 621 1458 700 reipsa
1484 621 1816 699 imputetur,
1847 629 1912 680 ut
1939 630 2172 699 propter
2211 621 2359 681 illud
2397 641 2594 681 omnes
2621 622 2708 682 rei

286 709 652 778 censeantur,
683 708 743 760 et
763 702 860 760 vel
885 721 1086 777 poenas
1114 701 1268 778 dent,
1300 701 1397 761 vel
1425 702 1629 762 saltem
1655 701 1846 780 poenis
1872 701 2036 780 digni
2063 701 2483 762 existimentur.

376 779 465 838 X.
513 782 823 856 Imputatio
864 781 962 840 vel
1002 788 1092 840 est
1129 781 1219 840 rei
1259 783 1474 858 alienoe,
1521 782 1620 841 vel
1655 782 1920 858 propria.
1934 806 1960 856 ,⁰
2009 781 2345 859 Aliquando
2393 783 2710 860 imputatur

288 861 465 920 nobis
492 860 555 919 id
581 860 743 938 quod
764 869 1027 920 nostrum
1055 869 1144 920 est
1184 861 1581 939 personaliter,
1611 882 1728 938 quo
1771 881 1944 922 sensu
1984 862 2145 923 Deus
2186 861 2434 940 imputat
2472 873 2712 940 peccata

289 941 712 1019 peccatoribus,
743 961 891 1018 quos
930 949 1165 1018 propter
1204 942 1434 1018 propria
1461 941 1703 1000 crimina
1728 942 1913 1019 punit,
1945 950 2004 1001 et
2039 943 2102 1000 in
2127 942 2298 1002 bonis
2327 943 2539 1002 dicitur
2563 947 2712 1002 zelus

289 1022 527 1081 Phineae
567 1022 656 1080 illi
690 1021 993 1097 imputante
1030 1023 1114 1080 ad
1137 1022 1437 1098 justinam,
1482 1021 1637 1080 Psal.
1682 1022 1794 1080 cvi.
1840 1024 1914 1081 31
1942 1043 1957 1098 3
2011 1021 2349 1099 Aliquando
2391 1022 2711 1101 imputatur

292 1101 361 1160 id
387 1101 546 1179 quod
574 1111 662 1161 est
690 1110 857 1161 extra
882 1121 1007 1176 nos,
1037 1121 1145 1160 nec
1173 1121 1209 1159 a
1234 1101 1402 1160 nobis
1431 1109 1520 1160 est
1546 1101 1886 1178 praestitum,
1911 1100 2203 1178 quomodo
2225 1101 2268 1161 J
2271 1102 2472 1161 ustitia
2493 1103 2715 1163 Christi

294 1182 515 1242 dicitur
552 1181 722 1241 nobis
766 1181 1055 1258 imputari,
1100 1189 1159 1240 et
1202 1188 1439 1259 peccata
1466 1189 1665 1240 nostra
1705 1181 1820 1258 ipsi
1863 1181 2237 1258 imputantur,
2268 1181 2406 1241 licet
2433 1202 2542 1242 nec
2585 1184 2712 1262 ipse

290 1269 597 1340 peccatum
625 1262 686 1320 in
716 1281 777 1320 se
805 1262 1032 1336 habeat,
1064 1280 1170 1319 nec
1198 1281 1305 1320 nos
1340 1259 1648 1339 justitiam.
1734 1261 1852 1319 Hic
1879 1279 2019 1320 vero
2057 1261 2252 1339 agitur
2279 1261 2352 1320 de
2381 1261 2496 1322 ista
2521 1263 2710 1340 impu-

294 1343 534 1417 tatione,
574 1362 693 1401 non
719 1341 793 1400 de
832 1341 953 1416 illa,
984 1340 1121 1417 quia
1160 1340 1354 1419 agitur
1394 1340 1467 1400 de
1510 1347 1749 1419 peccato
1791 1341 1866 1400 ab
1893 1339 2127 1400 Adamo
2169 1341 2498 1418 commisSO,
2529 1362 2648 1400 non
2675 1363 2712 1402 a

292 1421 485 1482 nobis.

378 1501 499 1560 XI.
545 1501 789 1577 Quando
817 1509 1010 1560 autem
1038 1508 1340 1577 peccatum
1379 1500 1619 1560 alterius
1658 1499 1931 1578 imputari
1971 1499 2186 1564 dicitur
2225 1501 2417 1577 alicui,
2462 1521 2581 1560 non
2623 1509 2712 1562 est

294 1581 743 1659 intelligendum
769 1588 1071 1658 peccatum
1100 1579 1258 1658 quod
1286 1579 1625 1658 simpliciter
1673 1589 1732 1639 et
1761 1581 1918 1639 omni
1957 1581 2132 1640 modo
2175 1581 2250 1640 sit
2291 1581 2562 1659 alienum,
2609 1581 2714 1641 sed

294 1663 457 1738 quod
484 1662 679 1739 aliqua
704 1660 927 1720 ratione
955 1661 1031 1719 ad
1058 1679 1191 1720 eum
1218 1659 1485 1739 pertinet,
1517 1660 1611 1720 cui
1638 1660 1910 1738 imputari
1941 1661 2168 1736 dicitur,
2211 1660 2262 1720 si
2301 1680 2421 1719 non
2461 1662 2710 1740 proprie,

294 1742 685 1819 singulariter,
729 1749 789 1800 et
827 1741 1223 1817 personaliter,
1268 1748 1329 1799 at
1376 1740 1754 1816 communiter,
1798 1748 2033 1818 propter
2075 1740 2540 1799 communionem
2579 1761 2711 1818 quae

292 1821 383 1879 illi
410 1820 717 1881 intercedit
744 1841 876 1879 cum
905 1821 1135 1898 proprio
1164 1822 1292 1898 ejus
1320 1819 1597 1880 authore:
1641 1820 1806 1878 Nulli
1835 1820 1988 1878 enim
2016 1827 2210 1897 potest
2238 1820 2365 1894 dari
2405 1821 2712 1898 imputatio

292 1902 520 1979 peccati
547 1900 738 1974 alieni,
769 1900 884 1959 nisi
930 1901 1120 1976 posita
1161 1899 1438 1976 peculiari
1482 1900 1679 1977 aliqua
1721 1900 1896 1959 unius
1940 1920 2072 1958 cum
2121 1900 2236 1959 alio
2286 1901 2711 1978 conjunctione.

298 1981 629 2042 Communio
658 1988 851 2040 autem
878 1979 981 2037 illa
1007 1979 1221 2056 triplex
1248 1987 1441 2056 potest
1468 1999 1613 2054 esse,
1648 1983 1702 2038 1.
1732 1981 2032 2055 naturalis,
2063 1980 2254 2056 qualis
2282 1989 2370 2039 est
2407 1981 2559 2040 inter
2600 1982 2710 2040 Pa-

293 2071 441 2121 trem
470 2069 531 2120 et
571 2060 803 2134 liberOS,
852 2063 909 2118 2.
938 2059 1173 2118 moralis
1214 2066 1275 2117 et
1305 2059 1564 2134 politica,
1614 2059 1806 2135 qualis
1855 2059 2005 2117 inter
2049 2058 2276 2136 Regem
2321 2069 2382 2118 et
2424 2061 2708 2138 subditos,

294 2145 352 2202 3.
370 2140 711 2215 voluntaria,
729 2139 919 2217 qualis
946 2138 1098 2198 inter
1124 2137 1357 2214 amicos,
1382 2147 1440 2197 et
1467 2138 1619 2197 inter
1644 2156 1808 2196 reum
1837 2147 1896 2198 et
1927 2137 2309 2215 sponsorem:
2340 2138 2540 2216 Atque
2567 2141 2706 2200 hinc

292 2229 455 2299 patet
481 2219 919 2280 fundamentum
947 2218 1197 2296 duplicis
1222 2217 1621 2296 imputationis
1648 2217 1802 2276 inter
1829 2217 2122 2277 Christum
2152 2226 2211 2277 et
2249 2238 2375 2294 nos,
2419 2239 2536 2296 qua
2575 2239 2709 2297 pec-

293 2310 424 2361 cata
450 2308 649 2360 nostra
672 2300 787 2378 ipsi
812 2299 1097 2375 imputata
1123 2305 1275 2373 sunt,
1314 2305 1373 2356 et
1413 2298 1543 2375 ejus
1582 2297 1832 2356 Justitia
1869 2297 2040 2356 nobis
2068 2297 2328 2356 vicissim
2369 2298 2704 2377 imputatur,

293 2386 329 2440 2
363 2382 493 2440 Cor.
523 2402 583 2439 v.
612 2383 709 2438 21.
792 2379 917 2438 Nos
963 2378 1060 2436 hic
1086 2385 1437 2456 postremam
1466 2377 1930 2436 communionem
1956 2397 2073 2436 non
2102 2377 2473 2455 attendimus,
2503 2379 2566 2437 in
2592 2400 2710 2457 qua

292 2461 540 2522 fatemur
566 2458 954 2519 necessarium
982 2477 1109 2518 esse
1138 2476 1484 2516 consensum
1523 2458 1822 2535 praevium,
1869 2457 1974 2516 sed
2013 2465 2238 2517 tantum
2282 2457 2428 2517 duas
2467 2459 2706 2537 prioreS,

293 2541 355 2599 in
382 2541 594 2620 quibus
621 2559 739 2599 non
758 2558 995 2597 necesse
1024 2546 1128 2615 est,
1159 2546 1226 2597 ut
1243 2538 1407 2616 justa
1434 2536 1510 2596 sit
1536 2537 1861 2616 imputatiO,
1890 2544 1957 2597 ut
1983 2537 2086 2615 qui
2111 2557 2345 2616 poenam
2371 2539 2596 2618 peccati
2622 2541 2706 2598 al-

298 2623 478 2682 terius
507 2621 769 2696 sustinet,
799 2620 861 2677 in
888 2618 1037 2678 illud
1062 2618 1160 2677 vel
1186 2617 1510 2678 consentiat
1536 2618 1856 2695 actualiter,
1880 2618 1977 2677 vel
1997 2617 2310 2696 aliquando
2333 2622 2708 2681 consenserit.

298 2699 567 2761 Adamus
594 2701 747 2760 enim
774 2698 992 2778 duplici
1020 2698 1133 2759 isto
1159 2698 1377 2758 vinctdo
1402 2698 1706 2759 nobiscum
1726 2698 1968 2775 junctus
1996 2707 2086 2757 est
2098 2720 2114 2775 3
2163 2701 2216 2757 l.
2237 2700 2535 2776 Naturali,
2563 2721 2705 2777 qua-

296 2791 467 2843 tenus
492 2782 667 2841 Pater
691 2788 797 2857 est,
828 2789 888 2840 et
913 2798 1022 2838 nos
1050 2778 1179 2856 ejus
1205 2778 1339 2855 fflii3
1385 2782 1442 2837 2.
1469 2778 1708 2837 Politico
1735 2798 1803 2836 ac
1813 2778 2056 2853 forensi,
2081 2786 2367 2856 quatenus
2397 2779 2506 2838 fuit
2535 2780 2704 2838 Prin-

296 2883 432 2941 ceps
480 2870 541 2921 et
589 2862 777 2954 Caput
822 2858 1356 2953 repraesentativum
1402 2858 1583 2919 totius
1627 2858 1858 2951 generis
1897 2858 2152 2917 humani.
2237 2858 2704 2951 Fundamentum

296 2943 557 3081 ‘2133ss
558 2950 880 3096 fam&
912 2959 1057 3079 53³3.
1083 2938 2706 3096 gsstssffgzsszffttsszssssffabt'ss33&ss‘²3²3

297 3100 585 3180 praecipue
613 3102 846 3159 moralis
874 3108 933 3158 et
944 3099 1260 3175 foederalis,
1290 3118 1396 3175 per
1421 3118 1595 3175 quam
1633 3098 1850 3157 factum
1879 3105 1984 3173 est,
2016 3106 2081 3157 ut
2109 3098 2272 3157 Deus
2300 3117 2432 3157 cum
2471 3098 2594 3175 illc,
2637 3108 2706 3159 ut

298 3200 429 3240 cum
456 3188 655 3238 nostro
685 3179 903 3256 Capite,
934 3178 1123 3237 foedus
1150 3178 1452 3255 pepigerit.
1516 3178 1689 3237 Unde
1719 3177 1985 3237 Adamus
2007 3196 2070 3237 se
2096 3177 2302 3237 habuit
2341 3178 2403 3235 in
2439 3177 2541 3237 illo
2569 3199 2702 3257 pec-

298 3268 445 3336 cat0,
475 3278 593 3317 non
618 3265 686 3317 ut
700 3278 956 3334 persona
970 3259 1226 3332 privata,
1260 3257 1363 3315 sed
1389 3265 1455 3315 ut
1470 3258 1704 3332 publica
1729 3265 1790 3317 et
1829 3258 2291 3333 repraesentativa
2331 3278 2461 3335 quae
2502 3278 2704 3319 omnes

298 3360 434 3402 suos
460 3346 723 3417 posteros
749 3336 813 3394 in
838 3337 1063 3395 actione
1111 3335 1214 3394 illa
1254 3336 1707 3413 repraesentavit,
1751 3336 1920 3413 cujus
1959 3337 2202 3413 proinde
2243 3337 2586 3398 demeritum
2626 3338 2704 3398 ad

295 3440 491 3482 omnes
560 3417 785 3476 ertinet.
2465 3456 2468 3459 -
2549 3436 2577 3465 ο

378 3439 557 3559 XII.p
580 3497 665 3557 Ut
691 3495 957 3554 Adamus
984 3501 1139 3553 esset
1164 3512 1411 3571 persona
1437 3492 1672 3571 publica
1697 3501 1757 3552 et
1783 3493 2270 3571 repraesentativa,
2301 3513 2418 3553 non
2459 3515 2698 3556 necesse

296 3580 420 3657 fuit,
452 3586 517 3639 ut
542 3596 753 3636 munus
778 3574 926 3634 illud
952 3593 991 3632 a
1023 3573 1195 3633 nobis
1232 3572 1347 3652 ipsi
1385 3572 1844 3648 demandaretur,
1873 3580 1942 3631 ut
1979 3582 2100 3633 tam
2139 3581 2336 3631 nostro
2378 3593 2552 3651 quam
2594 3594 2702 3635 suo

296 3659 525 3719 nomine
553 3664 788 3734 ageret3
820 3652 1031 3714 sufficit
1058 3653 1449 3713 intercessisse
1464 3652 1849 3729 justissimam
1879 3650 1992 3711 Dei
2033 3651 2450 3711 ordinationem
2491 3672 2694 3713 secun-

293 3741 429 3799 dum
456 3757 631 3817 quam
657 3735 845 3795 voluit
872 3734 1167 3793 Adamum
1196 3752 1323 3791 esse
1350 3732 1588 3809 stirpem
1616 3739 1676 3789 et
1705 3732 1892 3808 Caput
1932 3732 2112 3791 totius
2151 3732 2396 3791 Generis
2439 3732 2694 3809 humani,

292 3820 390 3897 qui
416 3820 548 3879 ideo
575 3836 693 3875 non
720 3815 832 3874 sibi
858 3822 1101 3887 tantum,
1132 3812 1235 3873 sed
1262 3820 1322 3871 et
1362 3812 1483 3871 suis
1522 3811 1676 3870 bona
1707 3811 2008 3888 acciperet,
2035 3811 2132 3870 vel
2159 3810 2476 3887 amitteret3
2521 3812 2696 3873 Unde

292 3919 487 3959 omnes
503 3898 774 3957 dicuntur
789 3893 967 3954 fuisse
984 3912 1134 3953 unus
1144 3893 1337 3951 hom0.
1368 3894 1405 3925 “
1419 3890 1799 3967 Quicunque,'
1805 3892 1818 3918 ²
1842 3891 2031 3968 inquit
2043 3890 2298 3968 August.
2313 3911 2401 3968 ep.
2419 3893 2550 3965 106,
2570 3894 2606 3925 “
2618 3912 2695 3951 ex

293 3980 391 4039 illo
416 3998 534 4039 uno
560 3976 731 4035 multi
770 3973 833 4033 in
874 3972 1081 4051 seipsis
1106 3971 1287 4031 futuri
1312 3979 1497 4047 erunt,
1526 3970 1591 4029 in
1614 3970 1720 4029 illo
1747 3991 1880 4045 unc,
1909 3990 2062 4031 unus
2097 3971 2272 4030 homo
2313 3972 2536 4047 erant,'’
2563 3972 2691 4030 uni-

293 4067 407 4119 tate
434 4076 551 4117 non
593 4054 879 4133 specifica,
909 4052 1008 4113 vel
1046 4050 1355 4129 numerica,
1388 4051 1493 4111 sed
1531 4052 1740 4129 partim
1781 4050 1992 4109 unitate
2033 4050 2281 4127 oaiqinis,
2313 4051 2452 4129 quia
2491 4072 2695 4112 omnes

293 4158 365 4198 ex
390 4158 507 4197 uno
537 4143 672 4196 sunt
699 4132 997 4211 sanguine,
1027 4132 1237 4211 partim
1264 4133 1476 4191 unitate
1510 4130 2036 4208 repraesentationis,
2068 4130 2204 4209 quia
2242 4150 2394 4191 unus
2435 4132 2692 4191 omnium

290 4236 589 4297 personam
614 4213 1080 4291 repraesentabat,
1110 4231 1187 4271 ex
1214 4210 1415 4271 ordine
1444 4208 1575 4270 Dei.

370 4295 563 4355 XIII.
606 4294 810 4353 Talem
849 4291 1027 4352 fuisse
1072 4291 1185 4351 Dei
1226 4290 1647 4351 ordinationem
1675 4288 1864 4349 multa
1885 4288 2150 4367 probant.
2238 4292 2291 4349 l.
2320 4292 2530 4349 Foedus
2559 4310 2691 4350 cum

295 4374 519 4435 Adamo
546 4382 797 4451 pactum,
827 4372 901 4431 de
928 4391 1044 4449 quo
1072 4391 1263 4449 supra,
1294 4370 1453 4448 quod
1477 4390 1595 4428 non
1622 4368 1734 4427 fuit
1758 4370 2102 4445 particulare
2130 4388 2263 4429 cum
2292 4368 2524 4429 Adamo
2547 4370 2692 4444 solo,

294 4456 392 4515 sed
440 4453 707 4532 generale
756 4459 816 4511 et
857 4450 1151 4528 publicum
1198 4470 1327 4509 cum
1372 4448 1645 4513 universo
1693 4449 1920 4507 Genere
1963 4450 2216 4508 humano
2259 4449 2484 4523 initum,
2534 4448 2694 4525 quod

293 4534 527 4613 proinde
556 4534 616 4591 in
646 4533 747 4591 illo
774 4531 958 4608 primo
986 4537 1223 4607 parente
1250 4537 1500 4607 ruptum,
1530 4528 1861 4589 universam
1887 4528 2017 4605 ejus
2045 4529 2302 4587 sobolem
2325 4528 2512 4586 eidem
2541 4528 2693 4587 cala-

294 4614 474 4675 mitati
514 4612 800 4688 involvit3
844 4610 989 4669 alias
1031 4610 1193 4669 Deus
1236 4630 1366 4668 cum
1406 4607 1653 4685 singulis
1694 4608 1954 4685 personis
1993 4608 2209 4684 pacisci
2237 4606 2549 4667 debuisset.
2633 4611 2692 4665 2.
