3300 5225
322 360 545 412 ατηεν.
574 336 733 422 xx1.]
1322 358 1402 401 nn
1430 358 1778 402 sciurram.
2327 326 2330 331 ¹
2623 344 2734 402 149

326 505 343 537 ‘
370 503 453 561 ita
492 502 645 579 lego,
675 507 742 560 ut
768 498 1127 577 quantalibet
1154 500 1457 559 sanctitate
1484 499 1861 578 doctrinaque
1887 499 2279 577 praepolleant,
2309 518 2426 559 non
2455 500 2585 560 ideo
2614 500 2736 561 cre-

322 582 457 641 dam
486 582 569 640 sic
596 600 742 656 esse,
780 580 917 658 quia
944 580 1055 657 ipsi
1095 580 1177 637 ita
1204 580 1591 658 scripserunt)
1610 582 1644 608 ''
1731 580 2018 640 Melchior
2045 582 2238 639 Canus
2263 579 2392 639 loco
2421 581 2601 639 Theo.
2630 581 2732 641 lib.

323 663 424 721 vii.
474 681 525 721 c.
576 663 632 735 3,
661 668 969 738 postquam
997 659 1147 718 dixit
1174 678 1249 717 ex
1294 659 1550 737 August.
1596 662 1633 694 “
1658 660 1830 720 Hanc
1873 660 2205 719 felicitatem
2252 661 2441 719 Deum
2489 660 2552 717 in
2596 661 2736 719 solis

324 741 543 800 divinis
568 740 980 800 Voluminibu‘s
1012 740 1201 798 inesse
1228 739 1500 815 voluisse,
1520 748 1588 799 ut
1612 740 1676 798 in
1703 740 1774 799 iis
1801 760 1920 799 non
1947 748 2100 799 esset
2126 740 2435 818 quicquam
2463 740 2732 815 erroris,'’

324 821 588 899 subjicit3
635 821 672 853 “
691 819 1013 896 caeteroqui
1046 838 1215 878 nemo
1243 820 1614 895 quantumvis
1640 820 1901 879 eruditus
1928 827 1988 879 et
2029 830 2262 879 sanctus
2302 840 2420 879 non
2446 820 2734 878 interdum

326 901 730 976 hallucinatur,
781 918 899 958 non
926 898 1142 958 alicubi
1188 898 1438 973 coecutit,
1485 919 1603 957 non
1650 898 1997 977 quandoque
2023 899 2295 975 labitur,'’
2342 900 2421 958 Et
2446 907 2648 977 postea
2675 903 2731 959 3.

328 982 367 1014 ‘⁴
396 980 692 1058 Legentur
719 980 914 1055 itaque
942 998 978 1037 a
1004 978 1173 1038 nobis
1202 978 1405 1037 Patres
1431 986 1676 1055 veteres,
1709 998 1840 1038 cum
1867 978 2190 1037 reverentia
2229 979 2480 1056 quidem,
2526 979 2630 1037 sed
2668 990 2736 1038 ut

324 1060 605 1135 homines,
638 1079 769 1118 cum
797 1058 1014 1117 dilectu
1040 1066 1099 1117 et
1120 1056 1342 1135 judicio
1368 1058 1422 1118 :'’
1466 1066 1525 1116 et
1552 1078 1710 1117 num.
1745 1060 1838 1117 10.
1885 1060 1920 1093 “
1943 1057 2027 1118 Αι
2054 1078 2257 1118 revera
2285 1059 2448 1137 sequi
2477 1059 2735 1135 Majores

324 1149 554 1199 nostros
574 1159 677 1218 per
692 1138 901 1212 omnia,
921 1145 982 1196 et
996 1138 1059 1195 in
1076 1137 1305 1196 illorum
1333 1138 1599 1215 vestigiis
1624 1156 1733 1196 nos
1759 1138 1937 1215 pedes
1963 1158 2193 1215 quoque
2209 1147 2438 1198 nostros
2455 1138 2650 1215 figere,
2671 1146 2736 1197 ut

324 1220 491 1298 pueri
516 1220 733 1278 faciunt
760 1237 865 1296 per
888 1217 1097 1292 lusum,
1117 1216 1266 1275 nihil
1290 1216 1522 1275 videtur
1549 1237 1678 1276 esse
1705 1217 1865 1277 aliud
1890 1238 2064 1295 quam
2092 1216 2324 1294 ingenia
2350 1228 2548 1277 nostra
2576 1218 2734 1276 dam·

326 1319 482 1376 nare,
506 1298 730 1376 judicio
756 1316 864 1357 nos
890 1297 1119 1375 privare
1148 1304 1363 1371 nostr0,
1393 1306 1453 1356 et
1479 1297 1752 1356 facultate
1779 1296 2135 1374 inquirendae
2153 1297 2431 1357 veritatis.
2519 1297 2736 1374 Sequa-

324 1399 456 1437 mur
482 1380 759 1453 Veteres3
802 1377 951 1437 bene
995 1375 1207 1469 habet3
1252 1375 1356 1435 sed
1403 1383 1469 1435 ut
1495 1376 1711 1469 ‘ducem
1760 1397 1876 1470 non
1919 1386 1986 1436 ut
2033 1376 2355 1436 dominos.’'
2440 1376 2736 1436 Maldona.

324 1477 493 1598 rr.
520 1465 1097 1598 samgar..
1116 1455 2482 1613 affim-.131.{¹.²22;{ff..1‡23‘.3.21;133..÷³
2509 1460 2738 1595 effi:

322 1612 385 1677 in
427 1619 673 1697 Epipha,
716 1638 774 1695 p.
804 1618 941 1692 205,
974 1618 1011 1649 “
1032 1615 1157 1675 Nos
1200 1635 1271 1674 ea
1312 1635 1429 1693 qua
1470 1635 1577 1693 par
1618 1623 1710 1674 est
1751 1616 2142 1675 moderatione
2179 1616 2242 1673 in
2269 1615 2595 1674 divinorum
2635 1617 2738 1674 hoss

324 1698 563 1773 minum,
594 1698 699 1757 sed
724 1697 1038 1771 hominum,
1070 1714 1289 1755 errores
1316 1715 1385 1753 ac
1411 1695 1627 1774 lapsae,
1650 1714 1768 1754 non
1795 1704 1914 1754 tam
1941 1695 2299 1772 inquirimus,
2320 1715 2494 1773 quam
2515 1696 2742 1754 oblatos

324 1778 479 1841 ultro
526 1798 595 1837 ac
637 1777 736 1836 vel
776 1776 979 1835 invitis
1026 1782 1405 1850 occurrentes,
1456 1794 1529 1833 ne
1578 1775 1674 1833 cui
1724 1774 1914 1834 fraudi
1955 1775 2088 1849 sint,
2138 1775 2548 1853 patefacimus3
2591 1776 2740 1834 tueri

327 1865 521 1916 autem
548 1878 616 1916 ac
644 1855 949 1916 defendere
993 1855 1175 1913 nihilo
1218 1854 1407 1932 magis
1449 1874 1623 1932 quam
1667 1874 1865 1913 eorum
1907 1855 2054 1914 vitia
2094 1854 2301 1933 siquae
2329 1854 2541 1915 fuerint
2567 1854 2739 1914 debe·

328 1956 459 1994 mus
484 1937 537 1996 :''
580 1936 737 1995 idem
777 1943 1037 2009 testatur,
1079 1956 1137 2012 p.
1168 1938 1285 1993 244
1316 1942 1374 1993 et
1401 1937 1537 1993 285.
1624 1934 1911 1994 Batonius
1951 1934 2166 2013 passim
2209 1935 2412 1994 Patres
2452 1934 2741 1993 liberrime

327 2016 709 2092 reprehendit·
742 2024 801 2075 et
849 2013 1074 2088 refutat,
1126 2012 1353 2091 quoties
1394 2013 1555 2073 aliud
1597 2032 1772 2091 quam
1832 2013 1990 2091 quod
2033 2014 2157 2092 ipse
2203 2013 2411 2091 probat
2463 2013 2739 2073 sentiunt.

334 2096 401 2154 Si
441 2115 582 2172 ergo
637 2095 751 2171 ipsi
804 2092 1149 2153 Adversarii
1204 2093 1409 2152 Patres
1462 2093 1607 2151 adeo
1664 2112 1862 2152 secure
1905 2102 2268 2153 contemnere
2309 2101 2370 2151 et
2408 2093 2742 2170 proculcare

328 2173 851 2252 deprehenduntur,
896 2173 1069 2231 etiam
1111 2172 1552 2247 consentientem,
1594 2172 1822 2249 quoties
1863 2173 2054 2231 minus
2093 2173 2357 2249 placent3
2400 2191 2518 2249 qua
2555 2172 2742 2231 fronte

328 2254 465 2315 illos
490 2263 765 2333 tanquam
793 2254 837 2314 J
838 2252 1038 2312 udices
1066 2252 1125 2311 in
1156 2251 1577 2312 Controversiis
1603 2252 1818 2310 nostris
1845 2250 2162 2311 audiendos
2189 2270 2317 2310 esse
2344 2251 2706 2311 decernunt?

938 2332 1061 2392 XI.
1106 2330 1275 2407 Quod
1302 2331 1559 2393 universi
1589 2332 1872 2391 Doctores
1899 2330 2135 2390 tradunt
2173 2330 2432 2389 unanimi
2459 2350 2744 2389 consensu

859 2412 1176 2471 secundum
1206 2411 1318 2469 Dei
1346 2410 1624 2486 Verbum,
1657 2410 1717 2469 id
1746 2410 1856 2469 sibi
1883 2418 2075 2488 potest
2101 2417 2161 2469 et
2187 2409 2360 2471 debet
2399 2408 2744 2487 persuadere

856 2491 1130 2551 universa
1158 2490 1439 2550 Ecclesia.
1524 2490 1642 2549 Sed
1687 2490 1738 2549 si
1779 2509 1896 2549 non
1939 2489 2255 2567 loquuntur
2280 2508 2356 2548 ex
2384 2490 2598 2563 Verb0,
2640 2489 2744 2548 sed

329 2570 522 2651 potius
550 2576 751 2631 contra
776 2570 939 2646 illud,
970 2579 1195 2632 tantum
1223 2571 1389 2632 abest
1414 2576 1481 2630 ut
1506 2570 1760 2649 recipere
1801 2568 1948 2630 illud
1989 2569 2197 2630 debeat
2225 2569 2504 2646 Ecclesia,
2534 2578 2600 2630 ut
2626 2570 2744 2629 illis

331 2653 525 2731 potius
552 2651 859 2711 anathema
887 2652 1077 2711 dicere
1104 2659 1387 2726 teneatur,
1420 2649 1553 2710 Gal.
1582 2651 1621 2708 i.
1653 2653 1710 2710 8.

413 2731 570 2790 XII.
601 2731 881 2806 Quamvis
912 2732 1133 2808 Patres,
1154 2731 1253 2808 qui
1280 2730 1577 2808 propiores
1603 2729 1837 2790 fuerunt
1865 2729 2022 2789 aetati
2041 2728 2454 2806 Apostolorum
2482 2729 2743 2808 puriores

331 2810 637 2871 debuerint
676 2831 838 2887 esse3
882 2811 938 2870 N
941 2831 1017 2870 on
1058 2811 1319 2888 sequitur
1358 2830 1555 2870 eorum
1596 2811 1814 2886 scripta
1851 2830 1956 2889 pro
1997 2829 2200 2868 norma
2239 2809 2501 2869 veritatis
2542 2809 2744 2869 haberi

330 2911 501 2969 posse
530 2911 661 2950 cum
690 2890 1083 2968 Apostolicis:
1124 2890 1263 2968 quia
1288 2889 1505 2950 donum
1546 2889 1974 2950 infallibilitatis
2015 2898 2106 2948 est
2131 2890 2332 2964 ὶξῶμι
2361 2889 2744 2966 Apostolatus

330 2971 641 3050 proprium,
672 2970 829 3048 quod
856 2971 1285 3032 successoribus
1330 2989 1544 3047 eorum,
1573 2970 1676 3050 qui
1715 2969 1922 3028 iisdem
1963 2968 2131 3028 donis
2157 2989 2275 3029 non
2320 2969 2550 3048 praediti
2589 2978 2742 3046 sunt,

334 3059 657 3128 competere
686 3051 905 3129 nequit.

414 3131 606 3190 XIII.
652 3130 863 3190 Unitas
891 3129 1171 3190 Ecclesiae
1212 3148 1316 3207 per
1342 3129 1622 3190 unitatem
1648 3127 1788 3188 fidei
1811 3128 1874 3186 in
1907 3127 2202 3207 Scriptura
2243 3129 2469 3190 traditae
2516 3128 2745 3207 proprie

334 3217 727 3286 conservatur,
780 3230 897 3269 non
923 3230 1026 3288 per
1054 3228 1399 3268 consensum
1429 3209 1685 3285 Patrum,
1734 3209 1807 3268 de
1851 3229 1966 3287 quo
2015 3209 2120 3267 vix
2167 3229 2236 3268 ac
2278 3229 2352 3268 ne
2379 3209 2484 3268 vix
2511 3209 2746 3288 quidem

334 3299 599 3350 constare
667 3297 834 3349 otest.

417 3368 598 3428 XIV.
626 3310 988 3430 Ibbedientia
1027 3387 1157 3445 quae
1202 3366 1556 3428 Ductoribus
1604 3368 1849 3428 debetur
1894 3387 1971 3427 ex
2010 3367 2164 3427 Heb.
2194 3367 2318 3428 xiii.
2352 3371 2456 3443 17,
2491 3388 2609 3427 non
2656 3377 2747 3428 est

334 3469 488 3508 caeca
515 3458 574 3509 et
598 3449 786 3525 bruta,
829 3457 897 3508 ut
942 3456 1157 3507 temere
1185 3447 1566 3507 assentiamur
1592 3447 1666 3506 iis
1693 3447 1960 3507 omnibus
2005 3467 2134 3524 quae
2179 3449 2252 3506 ab
2295 3447 2437 3527 ipsis
2479 3448 2748 3507 dicuntur

334 3529 432 3587 vel
460 3529 821 3605 scribuntur;
866 3529 970 3588 sed
1013 3528 1187 3587 debet
1229 3546 1358 3586 esse
1400 3527 1714 3602 rationalis,
1762 3535 1828 3586 ut
1875 3545 1974 3585 eos
2017 3526 2318 3585 audiamus
2360 3527 2607 3587 Oracula
2635 3527 2748 3585 Dei

332 3609 635 3747 loqjuentes
678 3617 738 3668 et
780 3609 1090 3684 tradentes,
1138 3627 1267 3684 quae
1310 3605 1423 3684 ipsi
1451 3626 1487 3665 a
1515 3606 1745 3666 Christo
1772 3614 2134 3683 acceperunt,
2183 3606 2353 3666 Matt.
2396 3605 2603 3664 xxviii.
2648 3609 2744 3682 20,

341 3691 371 3746 1
454 3708 536 3748 or.
566 3688 647 3748 xi.
679 3691 776 3748 23.

417 3767 563 3826 XV.
608 3767 886 3842 Quamvis
912 3766 1163 3825 nolimus
1194 3765 1397 3824 Patres
1431 3784 1536 3842 pro
1576 3764 1621 3824 J
1624 3763 1890 3823 udicibus
1931 3782 2244 3840 agnoscere
2270 3763 2331 3821 in
2360 3763 2549 3823 causis
2575 3763 2746 3840 fidei3

334 3867 453 3906 non
480 3846 611 3906 ideo
640 3847 859 3906 nullam
899 3865 1097 3905 eorum
1138 3844 1544 3904 authoritatem
1587 3863 1716 3902 esse
1757 3843 2040 3919 dicimus;
2084 3853 2328 3921 possunt
2355 3843 2508 3903 enim
2549 3845 2746 3921 magni

335 3947 465 3987 esse
492 3947 633 3986 usus
662 3927 713 3985 si
739 3945 856 3985 non
884 3925 958 3985 ad
985 3923 1339 3984 fundandam
1380 3923 1571 3997 fidem,
1603 3923 1680 3982 ad
1705 3943 1834 3981 eam
1867 3923 2070 3981 saltem
2099 3923 2500 3982 illustrandam
2528 3933 2588 3983 et
2613 3945 2748 3982 con-

336 4007 715 4084 firmandam;
758 4014 824 4064 ut
849 4006 961 4064 hoc
988 4003 1318 4065 testimonio
1360 4003 1431 4063 de
1459 4003 1574 4063 fide
1601 4003 1817 4062 veteris
1859 4003 2138 4062 Ecclesiae
2180 4011 2420 4078 constet,
2465 4012 2524 4062 et
2555 4012 2752 4081 pateat

341 4086 677 4146 Pontificios
707 4087 944 4145 Petrum
972 4103 1315 4143 consensum
1337 4084 1558 4160 jactare
1586 4084 1779 4162 potius
1797 4102 1970 4160 quam
1993 4083 2156 4160 sequi
2179 4105 2194 4161 3
2241 4083 2319 4142 Et
2339 4083 2598 4143 inaudita
2625 4104 2752 4144 esse

337 4166 539 4246 primis
562 4166 772 4226 seculis
799 4185 929 4244 quae
956 4163 1125 4223 nobis
1151 4171 1361 4242 praeter
1390 4163 1744 4242 Scripturam
1772 4183 1848 4222 ex
1889 4163 2222 4224 Traditione
2264 4163 2581 4224 obtrudunt
2608 4164 2750 4243 dog-

336 4255 512 4306 mata.
2481 4263 2486 4266 ·

421 4326 602 4385 XVI.
647 4325 889 4385 Frustra
917 4322 1207 4383 Pontificii
1236 4323 1473 4382 Patrum
1503 4323 1860 4382 Consensum
1888 4320 1965 4381 ad
1991 4323 2036 4382 J
2036 4321 2292 4383 udicium
2322 4323 2752 4384 Controversia-

338 4427 468 4466 rum
496 4415 555 4466 et
586 4406 894 4483 Scripturas
922 4403 1451 4481 interpretationem
1479 4403 1820 4463 obtendunt.
1907 4406 1960 4461 1.
2005 4403 2153 4478 Quia
2172 4403 2308 4462 licet
2323 4403 2522 4462 haberi
2539 4412 2751 4482 posset,

338 4486 656 4547 humanum
684 4493 909 4545 tantum
950 4493 1009 4543 et
1050 4483 1347 4561 probabile
1388 4491 1790 4560 argumentum
1819 4481 2049 4558 faceret,
2093 4482 2262 4560 quale
2291 4503 2366 4541 ex
2397 4483 2754 4542 Prudentum

338 4565 633 4644 responsis
659 4566 922 4642 habetur,
952 4564 1056 4624 sed
1082 4583 1200 4623 non
1228 4563 1613 4622 necessarium
1642 4571 1701 4622 et
1729 4561 2053 4630 ἇιυπὲυθυω,
2085 4583 2216 4622 cum
2237 4571 2296 4622 et
2322 4563 2434 4639 ipsi
2464 4563 2665 4620 Patres
2694 4581 2758 4620 se

341 4665 561 4725 suaque
582 4645 808 4726 judicio
839 4645 1149 4724 Scripturas
1177 4642 1536 4704 submittant.
1620 4647 1678 4703 2.
1723 4643 1874 4719 Quia
1901 4644 1952 4704 si
1977 4661 2096 4702 non
2127 4642 2500 4722 impossibile,
2531 4640 2754 4699 difficil-

400 2399 581 2445 Fontes
606 2398 685 2445 Sol
690 2414 741 2444 ιι-

463 2458 670 2503 ιίοιιιιιιι.
