3300 5225
478 364 595 423 208
1374 382 1558 425 Locus
1585 382 1854 424 rannus·
2480 356 2732 441 [cumr.
2761 380 2888 421 xvx.

476 540 659 601 pensa
716 531 809 583 est
862 542 900 583 a
964 523 1295 584 conditione
1347 532 1515 584 extra
1574 524 1806 600 Deum'3
1877 542 1934 583 V.
1991 540 2052 599 g.
2105 539 2286 599 quum
2338 518 2660 597 concipitur
2729 520 2892 583 Deus

475 602 629 662 velle
684 623 916 664 servare
968 603 1193 664 Judam
1246 604 1299 663 si
1350 604 1583 664 credat:
1645 604 1772 664 haec
1815 622 1954 661 vero
2001 601 2140 661 licet
2193 622 2230 660 a
2281 598 2631 678 quibusdem
2681 599 2888 661 admit-

474 690 632 743 tetur
669 683 863 744 minus
907 684 1138 763 proprie
1180 692 1447 761 respectu
1494 684 1813 743 voluntatis
1855 680 2145 761 praecepti,
2191 680 2328 759 quia
2373 680 2786 758 promissiones
2831 690 2893 741 et

475 764 949 823 comminationes
974 772 1374 842 proponuntur
1400 763 1828 839 conditionate;
1871 762 1924 821 si
1961 770 2156 821 tamen
2196 759 2556 839 intelligatur
2582 760 2654 819 de
2683 761 2890 821 volun-

475 850 595 903 tate
622 843 840 904 decreti
866 853 925 903 et
949 843 1312 921 beneplaciti,
1342 851 1409 903 ut
1434 844 1643 902 volunt
1684 842 2044 917 Adversarii,
2093 840 2300 899 merito
2345 840 2711 918 exploditur3
2754 842 2893 918 quis

476 923 606 982 Deo
654 932 745 983 est
770 924 1037 1001 indigna,
1082 943 1413 1001 repugnans
1452 923 1668 1002 quippe
1709 923 1856 1001 ejus,
1905 930 2032 981 tum
2070 918 2532 999 independentiae
2571 928 2698 980 tum
2739 922 2891 999 sapi-

474 1002 646 1062 entise
674 1011 735 1063 et
759 1005 1067 1082 potentiae3
1112 1003 1252 1081 quia
1277 1003 1455 1063 dubia
1478 1012 1676 1063 manet
1703 1010 1762 1062 et
1787 1002 2024 1076 incerta,
2067 1020 2347 1079 suspensa
2371 1008 2514 1079 puta
2538 1000 2614 1059 ab
2641 1000 2893 1061 hominis

475 1083 775 1142 voluntate
800 1084 1082 1159 mutabili,
1114 1092 1289 1161 atque
1316 1081 1462 1143 adeo
1488 1082 1758 1143 inefficax
1784 1090 1844 1143 et
1873 1082 2214 1159 frustranea,
2259 1100 2365 1159 per
2406 1098 2582 1158 quam
2623 1079 2740 1139 fine
2784 1100 2892 1141 suo

480 1162 641 1221 Deus
670 1182 823 1240 saepe
850 1164 1119 1223 excidere
1146 1163 1339 1223 debet.

564 1242 720 1301 XX.
764 1243 991 1302 Rursus
1018 1243 1273 1303 conditio
1302 1242 1413 1303 sub
1452 1262 1570 1321 qua
1610 1241 1935 1321 concipitur
1962 1241 2125 1301 Deus
2166 1240 2390 1319 aliquid
2426 1240 2596 1316 velle,
2640 1239 2741 1300 vel
2779 1239 2892 1300 erit

475 1329 632 1380 certo
660 1320 853 1381 futura
878 1342 954 1381 ex
983 1322 1095 1382 Dei
1123 1322 1373 1399 decretO,
1403 1322 1501 1381 vel
1528 1332 1684 1382 certo
1711 1342 1830 1381 non
1869 1321 2079 1397 futura,
2119 1322 2238 1379 imo
2277 1340 2388 1380 nec
2426 1320 2738 1398 possibilie.
2823 1320 2892 1379 Si

478 1402 657 1479 prim,
688 1421 807 1460 non
834 1401 1081 1479 amplius
1109 1403 1221 1464 erit
1244 1402 1667 1477 conditione-lie,
1699 1400 1802 1461 sed
1829 1400 2128 1478 absoluta3
2171 1420 2304 1461 cum
2331 1399 2718 1461 conditionem
2753 1419 2891 1478 sup-

474 1489 723 1558 ponatur
751 1481 914 1541 Deus
940 1482 1111 1558 velle,
1141 1502 1261 1541 non
1284 1482 1487 1561 utique
1514 1482 1922 1557 conditionate,
1965 1482 2104 1558 quia
2143 1482 2288 1541 alies
2327 1480 2562 1541 duretur
2586 1499 2892 1558 processus

474 1561 535 1619 in
562 1560 868 1637 infinitum,
900 1561 1006 1621 sed
1030 1562 1329 1639 absolut03
1372 1564 1425 1621 si
1450 1562 1754 1641 posterius,
1777 1570 2062 1621 statuetur
2089 1562 2252 1620 Deus
2277 1559 2500 1638 aliquid
2525 1560 2676 1619 serio
2702 1560 2890 1621 inten-

474 1639 613 1701 dere
640 1639 749 1701 sub
778 1642 1107 1701 conditione
1134 1661 1429 1719 nunquam
1454 1642 1664 1717 futma,
1707 1642 1827 1699 imo
1855 1649 1913 1700 et
1939 1640 2302 1719 impossibili,
2343 1660 2522 1718 quam
2562 1640 2725 1699 Deus
2763 1640 2892 1719 ipse

475 1720 614 1781 dare
640 1740 759 1780 non
784 1721 929 1796 vult,
961 1722 1063 1799 qui
1090 1722 1251 1782 solus
1276 1720 1415 1781 dare
1441 1730 1666 1800 potest3
1710 1720 1870 1798 quod
1909 1720 1960 1779 si
1985 1722 2059 1779 de
2085 1721 2319 1780 homine
2347 1720 2606 1799 sapiente
2633 1719 2750 1779 dici
2790 1740 2888 1778 ne-

476 1800 620 1895 quit,
641 1880 655 1895 ·
671 1820 790 1894 non
815 1800 959 1896 ‘sin-e
1002 1820 1227 1894 summa
1274 1800 1710 1881 sapientissimae
1753 1810 1814 1861 et
1849 1800 2262 1879 potentissimae
2306 1800 2635 1880 Msjestatis
2677 1800 2891 1859 divinoe

480 1881 1281 2037 mjpirglrpsfntgpg'ffiteffitg
1308 1960 1658 2035 aberremus,
1698 1960 1968 2020 Voluntas
1997 1958 2408 2021 conditionalis
2433 1958 2700 2021 bifariam
2727 1978 2890 2039 spec-

475 2038 589 2099 tari
630 2039 819 2115 debet,
851 2040 950 2099 vel
976 2060 1017 2099 a
1031 2040 1233 2118 priori
1253 2049 1313 2100 et
1338 2042 1742 2133 antecedenter,
1771 2060 1905 2117 quae
1931 2060 1968 2099 a
1992 2039 2320 2133 conditione
2349 2039 2720 2133 suspenditur
2735 2062 2771 2132 3·
2795 2038 2894 2099 vel

475 2128 839 2273 mm?
852 2128 919 2258 {f
946 2119 2893 2278 ffifflfflssfflrissimssssfflu⁶{3issffsssfitsffi‘effiffnffoessffssff

476 2285 671 2356 potest
696 2278 893 2338 vocari
931 2280 1355 2356 conditionalis,
1386 2280 1525 2357 quis
1550 2280 1804 2339 Decreta
1832 2279 1946 2339 Dei
1971 2298 2104 2339 cum
2142 2278 2276 2353 fine,
2306 2279 2498 2339 media
2537 2278 2710 2339 etiam
2737 2278 2890 2339 ordi-

472 2365 616 2417 nant
643 2358 855 2435 quibus
880 2360 1210 2420 executioni
1237 2360 1598 2435 mandentur,
1627 2366 1698 2418 ut
1720 2359 1822 2437 qui
1847 2358 2016 2419 nobis
2043 2358 2303 2418 decernit
2329 2358 2590 2435 salutem,
2633 2357 2894 2419 decernit

473 2437 649 2497 etiam
676 2438 851 2498 fidem
878 2448 939 2498 et
964 2440 1362 2517 poenitentiam
1389 2447 1666 2517 tanquam
1692 2438 1886 2499 medie.
1903 2438 1980 2496 sd
1999 2457 2128 2497 eam
2153 2438 2566 2499 obtinendem:
2595 2438 2699 2499 sed
2713 2438 2893 2517 priori

476 2517 553 2657 df.)
576 2537 693 2655 (11110
719 2518 1013 2596 quaeritur,
1044 2539 1161 2579 non
1187 2526 1381 2599 potest
1406 2518 1655 2595 admitti,
1705 2518 1843 2597 quia
1869 2518 1955 2578 sic
1981 2524 2152 2578 omne
2195 2518 2622 2598 beneplacitum
2661 2518 2774 2579 Dei
2799 2526 2891 2579 est

478 2617 515 2656 a
556 2618 620 2656 so
646 2605 829 2658 utum.
2851 2653 2860 2661 .

558 2676 789 2738 XXII.
831 2676 1018 2738 Aliud
1042 2687 1135 2740 est
1160 2677 1550 2739 conditionem
1578 2699 1642 2740 se
1669 2687 1866 2739 tenere
1891 2698 1929 2738 a
1953 2687 2116 2758 parte
2143 2687 2302 2739 actus
2327 2677 2538 2738 interni
2574 2698 2678 2739 seu
2717 2678 2894 2756 ipsius

474 2758 751 2817 volitionis
770 2780 791 2817 .·
832 2757 1019 2817 Aliud
1061 2778 1099 2819 a
1138 2768 1301 2837 parte
1345 2758 1542 2836 objecti
1584 2760 1807 2819 emta-m·
1850 2779 1952 2819 seu
1995 2759 2088 2820 rei
2127 2759 2310 2818 volita
2327 2782 2350 2818 .·
2389 2758 2688 2838 posteriori
2717 2777 2893 2819 sensu

476 2837 683 2897 damus
708 2838 893 2898 volite
918 2857 1047 2898 esse
1073 2839 1497 2916 conditionata3
1543 2839 1650 2899 sed
1675 2859 1792 2899 non
1815 2839 2012 2918 priori,
2041 2849 2108 2900 ut
2133 2839 2261 2918 ipsa
2279 2839 2484 2899 volitio
2511 2857 2548 2896 a
2563 2838 2894 2898 conditione

472 2917 762 2994 pendeat:
803 2939 864 2978 v.
894 2937 953 2995 g.
982 2918 1139 2979 salus
1158 2919 1328 2979 nobis
1354 2939 1391 2978 a
1418 2919 1548 2979 Deo
1575 2918 1806 2979 decreta
1821 2918 2226 2979 conditionalis
2241 2927 2434 2997 potest
2454 2918 2588 2994 dici,
2611 2919 2748 2997 quin.
2773 2938 2893 2978 non

477 2997 650 3057 datur
674 2998 790 3057 nisi
815 2998 1147 3058 interventu
1172 2998 1310 3059 fidei
1331 3021 1349 3076 3
1392 2999 1499 3058 sed
1524 3018 1643 3059 non
1669 2999 1858 3078 ipsum
1886 2999 2180 3059 decretum
2209 2998 2431 3075 salutis,
2473 2998 2633 3075 quod
2659 2999 2890 3058 absolu·

475 3084 603 3136 tum
630 3087 736 3152 est,
766 3087 887 3136 tam
914 3086 1179 3156 respectu
1203 3079 1338 3138 finis
1364 3077 1446 3140 id.
1474 3079 1698 3154 salutis,
1726 3098 1902 3156 quam
1929 3079 2250 3138 mediorum
2277 3098 2408 3158 quae
2436 3078 2600 3138 Deus
2625 3077 2891 3139 absolute

478 3166 541 3216 et
569 3156 695 3216 sine
724 3157 1055 3218 conditione
1084 3159 1205 3218 suis
1230 3158 1433 3218 electis
1460 3159 1730 3219 omnibus
1755 3158 1960 3236 largiri
1985 3159 2206 3218 statuit.
2361 3201 2372 3212 .

560 3235 824 3298 XXIII.
869 3237 1195 3316 Propositio
1222 3259 1363 3316 ergo
1391 3239 1521 3316 ists,
1552 3239 1746 3298 Deum
1770 3239 1926 3297 velle
1952 3237 2285 3298 hominibus
2325 3237 2575 3299 salutem
2613 3237 2668 3298 si
2708 3236 2890 3298 credi·

477 3316 684 3394 derint,
716 3318 1004 3397 duplicem
1030 3326 1223 3397 potest
1267 3319 1484 3378 habere
1530 3337 1782 3378 sensum.
1863 3318 1982 3378 Vel
2024 3318 2312 3396 significat
2353 3318 2546 3378 Deum
2589 3317 2743 3378 velle
2790 3338 2894 3378 seu

476 3405 745 3473 statuere,
774 3405 842 3458 ut
868 3399 1025 3458 salus
1050 3399 1218 3459 nobis
1245 3400 1545 3476 contingat
1572 3397 1682 3457 sub
1718 3397 2046 3458 conditione
2091 3399 2230 3458 fidei
2253 3398 2336 3458 id.
2363 3398 2538 3458 modo
2585 3397 2892 3458 credideri-

477 3495 624 3552 mus,
654 3477 813 3555 quod
851 3479 1051 3556 utique
1092 3499 1296 3539 verum
1339 3488 1466 3539 estt
1507 3477 1613 3538 sed
1636 3477 1734 3538 hic
1777 3477 1936 3538 salus
1982 3487 2180 3538 nostra
2221 3486 2446 3538 tantmn
2491 3477 2895 3538 conditionalis

478 3557 692 3634 evadit,
722 3578 841 3618 non
867 3568 1059 3618 autem
1086 3559 1359 3619 voluntas
1388 3559 1537 3635 Dei;
1583 3558 1714 3617 Imo
1741 3559 2012 3618 voluntas
2041 3558 2155 3618 Dei
2193 3558 2494 3619 constituit
2533 3565 2652 3617 tem
2693 3558 2892 3618 condi-

476 3637 711 3714 tionem,
742 3659 916 3716 quam
944 3640 1209 3699 salutem.
1294 3638 1411 3700 Vel
1437 3637 1728 3715 significat
1753 3659 1829 3698 ex
1855 3637 2184 3697 conditione
2210 3639 2348 3698 fidei
2386 3637 2578 3717 posits
2603 3637 2700 3696 vel
2745 3658 2891 3716 prae-

476 3717 608 3776 visa
654 3719 860 3778 saltem
888 3718 1025 3778 oriri
1064 3719 1127 3778 in
1174 3720 1305 3778 Deo
1333 3719 1690 3778 voluntatem
1732 3717 2064 3777 conferendi
2109 3717 2440 3778 hominibus
2487 3718 2769 3792 salutem
2815 3717 2897 3776 Et

475 3796 588 3855 hoc
616 3816 789 3856 sensu
816 3797 963 3857 falsa.
988 3807 1078 3858 est
1102 3799 1437 3876 propositi0‚
1466 3799 1604 3876 quia
1629 3797 1778 3857 nihil
1803 3797 2116 3876 temporale
2151 3805 2344 3875 potest
2381 3817 2510 3858 esse
2536 3817 2714 3859 causa
2737 3796 2896 3857 illius

477 3876 635 3952 quod
652 3887 927 3936 aeternum
951 3887 1055 3937 est.
1098 3879 1194 3937 Ita
1208 3899 1328 3938 non
1347 3877 1724 3956 concipienda
1737 3885 1828 3938 est
1846 3877 2116 3938 voluntas
2130 3877 2192 3936 in
2222 3877 2348 3937 Deo
2365 3898 2496 3956 quae
2513 3876 2897 3954 suspendatur

480 3973 517 4012 a
543 3954 871 4015 conditione
898 3957 1321 4032 antecedenter,
1352 3957 1457 4016 sed
1483 3977 1615 4036 quae
1657 3965 1836 4035 ponat
1879 3956 2066 4036 ipsam
2111 3956 2499 4017 conditionem
2541 3977 2893 4034 consequen-

479 4041 569 4092 ter
596 4041 870 4110 tanquam
910 4035 1181 4096 medium.
1264 4037 1322 4096 N
1324 4057 1402 4095 on
1448 4037 1579 4096 vult
1624 4056 1856 4096 servare
1901 4037 2164 4096 homines
2205 4037 2256 4096 si
2299 4037 2575 4114 credant3
2617 4037 2724 4096 sed
2763 4035 2896 4096 vult

478 4131 580 4171 eos
608 4113 839 4172 credere
866 4121 934 4173 ut
960 4123 1279 4190 serventur,
1308 4114 1407 4175 vel
1434 4115 1565 4175 vult
1590 4134 1692 4174 eos
1738 4135 1969 4177 servare
2014 4137 2118 4196 per
2162 4116 2338 4177 fidem
2384 4136 2561 4194 quarn
2588 4116 2730 4209 ipsis
2740 4115 2894 4210 ‘dare

479 4191 699 4330 {atzttgiutt
786 4192 907 4253 Sed
931 4193 1005 4253 de
1031 4195 1123 4255 his
1144 4203 1348 4273 postea
1373 4193 1559 4256 fusius
1601 4194 1893 4274 egendum
1917 4196 2045 4274 erit,
2074 4217 2254 4276 quum
2296 4196 2372 4257 de
2401 4195 2670 4258 Decretis
2695 4195 2893 4275 dispu-

582 4291 603 4328 1
698 4314 714 4331 ο
