3300 5225
517 239 635 298 376
1325 236 1330 241 “
1475 254 1661 299 rocus
1686 242 1977 306 quimus.
2478 234 2727 317 [euxsr.
2758 250 2955 297 xvm.
3006 209 3009 212 Ι

517 416 662 457 vero
691 396 766 457 ab
794 394 868 457 iis
895 395 1186 459 recedant.
1271 397 1532 475 Quatuor
1557 397 1713 458 enim
1738 406 1801 459 et
1825 395 1937 476 ipsi
1966 404 2229 457 statuunt
2259 396 2525 473 Decreta,
2552 395 2671 455 duo
2696 414 2959 475 genera·

515 477 632 553 lia;
677 485 737 537 et
764 477 882 537 duo
921 478 1306 555 particularia.
1391 480 1649 537 Primum
1685 480 1951 555 generale
1990 479 2062 536 de
2101 479 2292 536 dando
2344 477 2566 537 Christo
2605 476 2667 533 in
2710 476 2957 535 Media·

517 566 706 616 torem
747 557 964 617 Generi
1003 558 1275 635 humano,
1321 558 1425 636 qui
1469 558 1859 617 satisfactione
1900 576 2005 617 sua
2046 557 2406 617 obstaculum
2438 555 2683 635 justitiae
2724 555 2959 615 divinae

517 646 858 713 removeret,
891 646 950 697 et
977 638 1244 698 omnibus
1273 646 1332 697 et
1358 638 1606 715 singulis
1647 637 1803 695 viam
1833 636 2037 696 salutis
2063 637 2328 715 aperiret.
2410 638 2667 695 Alterum
2706 638 2778 694 de
2831 637 2955 695 Vo-

519 717 737 775 catione
762 718 1084 794 universali,
1119 737 1238 795 quo
1265 718 1468 777 statuit
1496 718 1676 794 Deus,
1716 716 1909 795 posita
1936 715 2324 776 satisfactione
2362 716 2595 791 Christi,
2638 734 2841 775 omnes
2886 722 2958 777 et

523 796 788 873 singulos
815 796 891 855 ad
918 796 1164 857 salutem
1190 816 1417 873 vocare,
1461 804 1521 857 et
1548 797 1796 875 gratiam
1823 797 1884 854 in
1913 795 2143 856 Christo
2182 804 2406 873 partam
2434 794 2851 855 sufficientibus
2880 794 2955 852 in

521 895 584 935 se
611 876 819 935 mediis
847 875 1069 953 offerre,
1113 876 1272 954 quod
1309 885 1620 954 utrumque
1660 877 1877 936 nitatur
1906 877 2255 957 φιλιιοςυπίςι
2295 875 2409 935 Dei
2448 884 2507 934 et
2546 874 2957 934 misericordia

520 955 853 1032 universali,
905 975 1022 1034 qua
1065 956 1312 1017 Generis
1351 956 1590 1016 humani
1628 956 1917 1031 misertus,
1961 957 2254 1016 Christum
2300 964 2577 1033 tanquam
2617 954 2948 1013 remedium

467 1038 472 1046 “
520 1036 851 1096 universale
892 1035 1030 1096 dare
1056 1036 1324 1113 voluerit,
1367 1045 1435 1096 nt
1459 1036 1790 1114 quicunque
1818 1036 2001 1095 credit
2043 1036 2104 1095 in
2132 1056 2265 1095 eum
2290 1055 2408 1092 non
2446 1043 2661 1112 pereat,
2693 1034 2796 1093 sed
2832 1034 2947 1092 ha-

520 1115 658 1174 beat
684 1115 865 1175 vitam
894 1123 1184 1193 aeternam,
1215 1124 1275 1175 et
1302 1116 1550 1178 eundem
1579 1115 1771 1175 offerri
1800 1123 1961 1176 curet
1987 1116 2255 1176 omnibus
2288 1122 2347 1174 et
2374 1113 2622 1191 singulis
2662 1114 2777 1172 sub
2796 1132 2945 1172 con-

525 1193 743 1254 ditione
797 1194 952 1271 fidei,
999 1204 1060 1255 et
1105 1196 1478 1274 poenitentiae.
1563 1195 1715 1271 Quia
1756 1215 1896 1256 vero
1938 1195 2209 1273 praevidit
2252 1193 2540 1255 neminem
2588 1193 2948 1253 crediturum

521 1283 758 1353 propter
792 1274 1050 1335 innatam
1076 1275 1328 1335 hominis
1368 1274 1731 1353 pravitatem,
1775 1284 1836 1335 et
1872 1274 2089 1335 Christi
2125 1274 2513 1351 Evangelium
2555 1274 2629 1331 ab
2671 1272 2947 1333 omnibus

521 1353 914 1432 rejiciendum,
945 1355 1294 1433 pertendunt
1324 1355 1515 1415 Deum
1543 1355 1775 1415 decreto
1802 1355 2039 1433 speciali
2066 1354 2313 1433 elegisse
2353 1362 2492 1419 tunc
2520 1352 2753 1412 demum
2788 1358 2939 1411 non'-

522 1435 734 1511 nullos,
764 1454 913 1511 quos
941 1434 1172 1494 Christo
1201 1434 1382 1510 daret,
1426 1432 1541 1493 fide
1569 1432 1827 1511 donaret,
1871 1453 2019 1512 quos
2058 1434 2426 1513 postmodum
2466 1451 2699 1491 servare
2726 1432 2943 1491 consti-

523 1514 716 1590 tuerit,
747 1514 878 1573 aliis
905 1514 966 1571 in
993 1514 1395 1575 incredulitate
1423 1523 1482 1574 et
1507 1513 1929 1591 impoenitentia
1956 1533 2063 1573 sna
2087 1514 2415 1574 voluntaria
2451 1512 2705 1589 relictis;
2749 1521 2815 1572 ut
2840 1512 2941 1571 hic

526 1593 838 1653 Decretum
867 1596 1081 1669 duplex
1103 1594 1344 1670 speciale
1371 1591 1787 1655 attendendum
1814 1593 1906 1670 sit,
1951 1594 2195 1653 alterum
2223 1593 2297 1653 de
2326 1595 2522 1652 danda
2543 1594 2671 1671 fide
2697 1592 2937 1670 quibus·

527 1672 679 1748 dam,
711 1672 956 1731 alterum
997 1672 1070 1731 de
1098 1675 1294 1732 danda
1334 1672 1452 1733 illis
1478 1674 1675 1749 salute,
1719 1671 1878 1750 quod
1918 1673 2137 1733 oriatur
2176 1693 2253 1735 ex
2294 1672 2531 1752 speciali
2570 1691 2779 1747 amore,
2819 1691 2939 1749 quo

528 1751 694 1811 Deus
720 1752 936 1811 electos
964 1771 1100 1812 suos
1126 1752 1513 1830 prosequitur.
1599 1752 1911 1813 Decretum
1940 1755 2209 1832 generale
2239 1753 2441 1813 Genus
2466 1752 2782 1811 humanum
2807 1770 2939 1829 pro—

526 1831 748 1890 miscue
776 1831 1027 1909 respicit,
1071 1840 1130 1891 et
1158 1832 1305 1889 nihil
1347 1829 1418 1893 de
1458 1831 1721 1910 personis
1762 1832 1825 1892 in
1866 1833 2147 1911 singulari
2189 1833 2408 1892 statuit.
2494 1831 2757 1909 Speciale
2797 1850 2937 1890 vero

527 1911 682 1969 circa
707 1930 806 1971 eas
833 1912 1173 1971 nominatim
1202 1920 1482 1987 versatur,
1528 1912 1672 1971 alias
1700 1911 1774 1972 ab
1802 1911 1933 1973 aliis
1962 1912 2330 1973 secernendo.
2414 1911 2703 1971 Generale
2743 1929 2934 1969 versa-

526 1998 624 2049 tur
651 1990 804 2049 circa
848 1991 1119 2052 Gratiam
1159 1992 1496 2067 affectabam,
1536 2009 1667 2069 quae
1709 1992 1976 2053 omnibus
2017 2000 2077 2052 et
2118 1988 2364 2071 singulis
2403 1990 2590 2051 datur.
2678 1990 2937 2069 Specialc

528 2070 682 2129 cirea
706 2072 1074 2147 subjectivam,
1107 2072 1346 2149 ejusque
1374 2070 1471 2130 vel
1499 2070 1809 2147 dationem,
1841 2073 1939 2133 vel
1966 2072 2425 2149 denegationem.
2510 2070 2794 2130 Generale
2812 2078 2935 2129 ten-

531 2148 619 2209 dit
639 2149 715 2208 ad
733 2150 1055 2210 tollen-dum
1076 2152 1528 2227 impedi-mentum
1563 2160 1857 2212 externum
1885 2152 2104 2228 salutis,
2134 2152 2385 2228 positum
2406 2150 2469 2209 in
2495 2148 2749 2229 ἇὶνιαμίᾳ
2772 2150 2939 2209 satis-

525 2228 778 2289 faciendi
798 2230 1045 2307 justitiae
1073 2230 1186 2289 Dei
1253 2250 1316 2289 ro
1343 2230 1615 2308 peccatis.
1704 2230 1965 2309 Speeiale
1992 2250 2134 2300 vero
2161 2238 2473 2309 occupatur
2499 2231 2560 2288 in
2588 2228 2937 2289 removendo

528 2309 764 2384 interne,
807 2310 998 2387 posito
1058 2310 1122 2369 in
1161 2316 1198 2369 ἆ
1229 2316 1414 2389 υνιιμίᾳ
1453 2308 1745 2371 credendi.
1830 2309 2117 2371 Generale
2136 2377 2139 2380 ,
2156 2310 2360 2370 nititur
2408 2312 2677 2369 velleitate
2718 2308 2939 2385 salutis,

527 2408 632 2447 seu
660 2388 960 2448 voluntate
987 2390 1138 2449 serio
1165 2391 1401 2468 quidem
1429 2390 1697 2467 cupiente
1726 2389 1973 2450 salutem
1998 2390 2312 2465 hominum,
2343 2398 2402 2450 et
2427 2397 2731 2467 propterea
2758 2388 2937 2447 desti-

526 2476 703 2527 nante
732 2466 1023 2527 Christum
1065 2468 1140 2526 ad
1181 2490 1309 2528 eam
1349 2469 1775 2547 acquirendam,
1821 2468 1925 2529 sed
1950 2489 2067 2541 non
2104 2470 2429 2546 explicante
2470 2468 2940 2547 omnipotentiam

529 2546 606 2606 ad
633 2566 760 2607 eam
803 2546 1245 2625 conferendam3
1295 2548 1412 2607 Sed
1453 2548 1704 2626 speciale
1743 2548 1958 2627 pendet
1996 2570 2033 2608 a
2073 2548 2372 2609 voluntate
2410 2557 2676 2628 potenter
2714 2548 2939 2624 effic-ad,

530 2645 634 2686 seu
662 2626 946 2686 effectiva.
1031 2627 1105 2688 In
1129 2628 1408 2696 ‚Generali
1437 2628 1608 2687 datur
1635 2629 1900 2688 Christus
1929 2629 2213 2706 omnibus,
2244 2630 2348 2690 sed
2374 2649 2489 2688 non
2516 2628 2679 2705 fides,
2709 2637 2768 2688 et
2806 2648 2940 2706 pro-

526 2706 776 2765 mittitur
814 2705 989 2782 salus,
1035 2707 1139 2766 sed
1167 2707 1279 2766 sub
1303 2707 1669 2784 conditione;
1716 2707 1789 2766 In
1832 2709 2069 2785 speciali
2106 2709 2460 2786 promittitur
2498 2708 2625 2786 ipsa
2664 2707 2936 2782 conditio,

529 2794 590 2844 et
618 2785 788 2845 datur
813 2785 976 2845 fides.
1063 2786 1348 2846 Generale
1391 2786 1603 2846 dicitur
1628 2806 1757 2846 esse
1801 2789 1919 2848 Dei
1954 2807 2072 2865 qua
2109 2789 2491 2866 Leqtblatonb,
2536 2789 2639 2865 qui
2663 2787 2835 2846 fidem
2874 2787 2939 2845 in

531 2864 826 2925 Christum
852 2865 1186 2924 hominibus
1213 2865 1550 2943 praescribit,
1579 2874 1647 2925 ut
1676 2867 2064 2926 conditionem
2092 2875 2151 2927 et
2177 2868 2426 2928 officium
2453 2867 2855 2942 necessarium,
2886 2867 2942 2924 si

529 2944 749 3002 servari
777 2943 1033 3021 cupiunt,
1072 2944 1248 3021 juxta
1274 2944 1577 3003 formulam
1607 2943 1873 3004 Foederis
1912 2947 2273 3024 Evangelici‚
2320 2947 2503 3007 C‘rede
2531 2956 2586 3006 et
2608 2947 2936 3006 waher-122.

533 3022 796 3100 Speciale
822 3041 962 3081 vero
991 3023 1065 3081 ab
1093 3023 1313 3099 eodem,
1357 3031 1424 3096 ut
1471 3025 1799 3101 oeconomo,
1843 3032 1902 3084 et
1942 3037 2231 3086 eventuum
2259 3027 2657 3103 dispensatore,
2701 3025 2930 3104 pendet,

523 3101 639 3162 'sub
667 3122 784 3179 qua
809 3100 973 3178 enin-u
1000 3101 1361 3179 determinat,
1391 3122 1508 3162 non
1535 3109 1761 3162 tantum
1788 3104 1929 3182 quid
1970 3106 2145 3165 homo
2172 3105 2359 3166 facere
2386 3107 2610 3182 debeat,
2656 3106 2759 3166 sed
2799 3104 2939 3182 quid

527 3181 720 3319 rieipsa
762 3181 1018 3240 facturus
1059 3181 1152 3259 sit,
1197 3182 1294 3242 vel
1341 3201 1459 3242 non
1500 3181 1775 3262 facturus,
1820 3191 1880 3243 et
1926 3184 2069 3262 quid
2114 3185 2276 3246 Deus
2314 3186 2439 3264 ipse
2482 3185 2544 3244 in
2590 3204 2661 3244 eo
2703 3203 2937 3264 operare

576 3262 875 3322 ecreverit.

609 3341 790 3401 XIV.
835 3341 1113 3417 Quamvis
1153 3362 1293 3403 vero
1342 3342 1499 3404 Ordo
1538 3342 1636 3404 hic
1676 3343 1738 3403 in
1778 3342 2069 3422 praecipuo
2110 3344 2311 3422 Capite
2351 3341 2579 3404 differat
2618 3344 2693 3402 ab
2736 3341 2935 3402 ordine

531 3419 1006 3481 Aminianorum
1059 3423 1438 3501 supraposito,
1482 3423 1673 3482 nimir.
1717 3422 1777 3482 in
1831 3425 2075 3482 Decreto
2116 3423 2359 3500 speciali,
2404 3423 2560 3500 quod
2598 3423 2806 3481 nolunt
2844 3421 2943 3480 isti

525 3519 858 3579 agnoscere,
909 3509 975 3561 ut
1017 3500 1245 3562 facilius
1284 3503 1455 3561 liberi
1495 3501 1721 3562 arbitrii
1762 3499 2071 3584 &cap-gabr,
2116 3511 2177 3562 et
2218 3502 2435 3563 Gratiae
2462 3501 2939 3561 resistibilitatem

523 3589 811 3657 tueantur,
843 3588 1016 3658 atque
1043 3581 1142 3657 ita,
1187 3581 1288 3658 qui
1315 3581 1376 3640 in
1404 3601 1474 3640 ea
1500 3589 1635 3640 sunt
1662 3583 1963 3656 sententia,
2009 3583 2355 3641 conveniant
2394 3583 2503 3640 hac
2532 3582 2591 3640 in
2618 3589 2780 3659 parte
2807 3601 2939 3639 cum

525 3659 643 3718 illis
671 3661 771 3738 qui
802 3660 1020 3720 Gratiae
1047 3661 1561 3736 particularitatem
1587 3670 1799 3738 urgent
1823 3685 1837 3722 :
1881 3661 1956 3718 In
1983 3661 2205 3721 caeteris
2246 3669 2440 3720 tamen
2484 3661 2766 3734 DecretiS,
2809 3679 2939 3737 quae

526 3739 820 3814 generalia
848 3748 999 3814 sunt,
1032 3738 1107 3797 ad
1135 3739 1669 3798 Remonstrantium
1697 3741 1959 3799 ordinem
1986 3740 2275 3816 accedere,
2308 3749 2367 3800 et
2394 3741 2599 3799 iisdem
2640 3739 2819 3798 ferme
2846 3759 2935 3797 ar-

527 3817 820 3892 gumentis
849 3817 1189 3894 confirmari,
1215 3819 1415 3895 negari
1443 3837 1559 3876 non
1579 3827 1789 3895 potest.
1876 3819 1961 3878 At
2000 3839 2075 3879 ue
2101 3820 2237 3878 hinc
2258 3821 2382 3898 jam
2412 3821 2553 3879 satis
2581 3819 2779 3896 colligi
2806 3837 2937 3896 pos-

525 3901 662 3952 sunt
688 3894 956 3971 rationes,
1000 3906 1235 3973 propter
1261 3916 1407 3973 quas
1433 3913 1588 3955 nova
1615 3898 1717 3955 illa
1745 3899 1949 3958 Metho
1992 3919 2077 3975 ua,
2107 3899 2244 3958 licet
2269 3903 2401 3975 μετὰ
2440 3905 2633 3962 mazze
2662 3899 2939 3970 φαντασίας

525 3971 868 4032 obtrudatur
893 3981 1168 4050 tanquam
1211 3974 1677 4034 commodissima
1715 3976 1791 4035 ad
1832 3977 2177 4056 explicanda
2216 3979 2346 4038 loca
2391 3979 2717 4057 Scriptum,
2750 3989 2811 4037 et
2848 3997 2935 4036 re-

523 4051 822 4110 tundenda
867 4052 986 4110 tela
1024 4051 1524 4128 Adversariorum,
1565 4054 1639 4112 ab
1691 4055 1972 4115 Ecclesiis
2018 4058 2231 4116 nostris
2278 4058 2455 4136 recipi
2502 4078 2620 4117 non
2665 4057 2935 4136 potuerit.

525 4130 697 4206 Quod
723 4129 965 4188 ulterius
993 4132 1165 4190 etiam
1194 4151 1270 4190 ex
1297 4131 1693 4211 incommodis,
1778 4154 1868 4193 uae
1897 4135 2156 4194 ordinem
2182 4137 2278 4195 hic
2319 4138 2571 4215 positum
2599 4136 2661 4196 in
2688 4136 2937 4195 decretis

527 4208 760 4266 Divinis
789 4217 1122 4286 sequuntur,
1167 4218 1363 4287 patere
1403 4212 1631 4288 poterit.
1716 4153 1883 4290 lgm,
1928 4223 1995 4274 ut
2020 4235 2137 4274 non
2164 4225 2489 4294 repetamus
2516 4237 2647 4294 quae
2674 4223 2846 4274 antea
2871 4217 2933 4272 in

527 4279 794 4348 Decretis
823 4289 1190 4366 generalibus
1220 4288 1691 4350 Arminianorum
1719 4295 2008 4371 carpenda
2036 4294 2307 4372 diximus,
2322 4363 2335 4373 ·
2358 4315 2488 4372 quse
2516 4295 2799 4355 adversus
2825 4295 2939 4353 ista

525 4387 643 4426 non
669 4367 861 4426 minus
888 4367 1170 4446 militant;
1215 4367 1358 4443 Quis
1374 4390 1492 4429 non
1509 4371 1670 4431 videt
1698 4371 1759 4430 in
1786 4372 2014 4432 duobus
2041 4372 2169 4432 istis
2198 4374 2462 4451 decretis,
2493 4375 2752 4452 generali
2779 4374 2934 4432 scili-

525 4455 634 4521 cet,
667 4455 724 4506 et
753 4446 1004 4523 speciali,
1035 4467 1105 4506 ea
1131 4448 1393 4508 connecti
1420 4469 1549 4527 quae
1577 4451 1747 4509 facile
1775 4451 2068 4510 conciliari
2094 4465 2401 4530 nequeant,
2440 4454 2625 4512 multo
2650 4453 2845 4512 minus
2870 4461 2940 4512 ut

523 4527 694 4588 unico
724 4533 781 4586 et
809 4525 1234 4606 simplicissimo
1264 4528 1579 4589 voluntatis
1607 4539 1757 4605 actu,
1789 4549 1905 4607 quo
1934 4528 2125 4592 omnia
2152 4532 2539 4593 decernuntur
2566 4554 2601 4592 a
2632 4533 2775 4608 De0,
2806 4552 2936 4609 per-
