3300 5225
558 369 677 428 310
1520 387 1706 428 meus
1733 386 2022 437 Quss‘rus.
2599 364 2850 446 [eumer.
2880 385 2964 430 xx.

561 545 741 604 grean
784 527 923 606 quis
956 529 1080 607 jem
1108 529 1281 588 homo
1320 535 1475 588 esset
1514 547 1621 588 vas
1662 527 1738 586 sd
1765 525 2035 586 dedecus.
2067 526 2138 584 R.
2173 523 2292 586 Sed
2329 527 2514 602 ἀτιμίαι
2537 525 2636 584 hic
2675 545 2794 585 non
2829 547 2964 605 pec-

560 615 768 683 catum,
815 607 919 667 sed
996 625 1225 686 poensm
1264 608 1487 686 peccati
1525 617 1706 684 notat,
1763 615 1830 667 ut
1869 607 2048 666 decus
2085 606 2276 665 innuit
2313 607 2514 684 glories
2549 625 2838 682 coronam,
2889 607 2967 666 ad

559 703 733 762 quam
762 687 935 746 homo
961 695 1329 766 praeparatur.
1376 688 1621 768 Itafien‘
1643 707 1744 748 vas
1763 689 1848 746 ad
1869 689 2120 764 dedecus,
2143 705 2259 744 non
2282 695 2372 746 est
2392 686 2573 745 creari
2599 685 2674 744 ad
2702 686 2964 764 exitium,

560 766 665 824 sed
690 768 995 844 reproberi-
1013 777 1072 827 et
1098 769 1289 846 parari
1314 767 1391 826 ad
1416 767 1730 842 interitum,
1759 766 1917 844 quod
1951 765 2169 824 nemini
2195 765 2309 825 nisi
2334 766 2622 843 peccatori
2651 768 2962 828 convenit:

560 845 691 920 Quo
716 849 965 923 pertinet
989 848 1148 926 quod
1176 847 1395 907 Paulus
1424 867 1539 905 non
1568 847 1710 906 dicit
1737 846 1810 905 de
1836 845 1996 904 vasis
2021 845 2140 920 irae,
2179 845 2337 922 quod
2365 847 2530 906 Deus
2568 865 2638 905 ee
2663 849 2964 927 anticum,

559 925 849 1002 quomodo
903 926 977 986 de
1030 927 1189 986 vasis
1242 927 1443 1004 gratiae
1498 925 1656 1000 dicit,
1707 927 1898 984 Deum
1953 943 2023 983 ea
2074 943 2445 1004 praeparasse,
2495 925 2600 985 sed
2643 928 2800 1003 quod
2848 929 2966 987 sint

558 1005 917 1087 uuerco-,nim
957 1006 1034 1066 ad
1073 1007 1383 1082 interitum,
1413 1006 1552 1084 quia
1589 1005 1753 1064 Deus
1796 1004 1942 1063 alios
1977 1004 2201 1063 invenit
2240 1024 2384 1064 vasa
2414 1013 2610 1083 aptata
2651 1005 2729 1064 ed
2767 1007 2966 1066 interi—

558 1095 683 1143 tum
713 1105 819 1144 suo
844 1087 1007 1162 vitio,
1036 1086 1183 1144 alios
1210 1085 1350 1146 facit
1376 1105 1520 1146 vasa
1544 1085 1747 1162 gratiae
1775 1101 1882 1143 sue
1915 1083 2324 1144 misericordia.
2407 1088 2464 1144 3.
2509 1085 2768 1144 Massam
2795 1085 2964 1145 intel-

558 1163 683 1241 ligi,
728 1182 845 1223 non
886 1165 1129 1242 peccati,-
1156 1165 1259 1225 sed
1287 1165 1394 1226 luti
1436 1185 1511 1224 ex
1540 1181 1658 1242 quo
1685 1163 1880 1222 Adam
1907 1162 2186 1222 formatus
2211 1172 2318 1223 est.
2349 1165 2424 1224 R.
2463 1163 2581 1224 Sed
2619 1183 2964 1258 quocunque

558 1245 877 1384 sete
907 1245 1225 1402 {sm
1226 1241 2721 1402 sesumam..
2743 1248 2818 1382 εἰ
2838 1247 2962 1384 4112

556 1401 683 1461 luto
708 1370 952 1480 possdnt
986 1404 1113 1467 fieri
1140 1403 1294 1482 apud
1324 1404 1513 1467 Deum
1542 1423 1685 1463 vasa
1711 1401 2116 1462 misericordiae
2155 1409 2217 1462 et
2259 1403 2398 1480 irae3
2439 1423 2548 1462 nec
2587 1403 2702 1462 alio
2739 1413 2962 1484 spectat

557 1483 911 1560 comparatio
935 1483 1119 1562 figuli,
1146 1495 1327 1562 qum
1351 1483 1426 1544 ad
1452 1483 1868 1544 ostendendam
1896 1499 2180 1541 summam
2209 1483 2323 1541 Dei
2350 1483 2672 1542 libertatem
2697 1483 2760 1541 in
2789 1483 2958 1542 Elec-

552 1561 712 1621 tione
734 1571 794 1621 et
816 1564 1241 1642 Reprobatione
1256 1563 1572 1623 hominum.
1615 1567 1674 1624 4.
1705 1563 1837 1624 Non
1863 1579 2034 1640 posse
2061 1562 2312 1640 intelligi
2337 1581 2586 1621 massam
2613 1571 2957 1640 corruptam,

556 1640 694 1722 quia
721 1642 805 1700 sic
832 1643 1170 1702 tollerentur
1209 1641 1379 1702 facile
1405 1659 1603 1702 omnes
1632 1641 1887 1720 scrupuli
1913 1642 2194 1718 propositi
2232 1661 2266 1701 a
2295 1643 2494 1716 Paulo,
2524 1661 2582 1700 ν.
2617 1645 2708 1716 14,
2755 1644 2847 1700 19.
2881 1643 2954 1702 R.

558 1719 615 1777 N
616 1739 738 1798 eg.;
769 1723 1022 1800 scrupuli
1043 1723 1196 1782 enim
1218 1739 1443 1801 semper
1466 1730 1764 1782 remanent
1790 1723 1852 1780 in
1874 1720 2174 1780 Electione
2195 1729 2256 1780 et
2276 1719 2698 1800 Reprobstione
2727 1739 2956 1800 compa-

556 1807 698 1874 reta,
739 1819 871 1859 cum
898 1801 1059 1861 nul-le
1084 1803 1231 1861 ratio
1259 1801 1383 1862 dari
1410 1802 1611 1880 possit,
1652 1819 1756 1861 cur
1779 1802 1936 1860 hunc
1961 1801 2154 1878 potius
2181 1819 2352 1878 quam
2393 1801 2560 1860 illum
2593 1801 2834 1880 elegerit
2859 1802 2957 1861 vel

552 1880 889 1956 reprobarit,
918 1889 978 1941 et
1004 1881 1149 1942 nihil
1176 1881 1361 1962 possit
1386 1882 1601 1960 reponi,
1634 1895 1808 1958 quam
1835 1879 1983 1939 illud
2011 1880 2301 1958 Apostoli,
2335 1882 2480 1948 Quis
2505 1901 2563 1940 es
2590 1901 2624 1940 ο
2650 1883 2830 1957 homo,
2861 1882 2962 1958 qui

554 1977 853 2034 responsa
868 1963 1037 2022 Deo!
1080 1961 1517 2041 Anflymenncm
1532 1963 1678 2020 dicet
1684 1962 1895 2040 fictori,
1919 1979 2024 2019 cur
2043 1980 2130 2019 me
2145 1961 2228 2019 ita
2237 1962 2433 2036 fecisti
2445 1962 2473 2019 ,²
2514 1963 2572 2019 5.
2606 1961 2704 2020 Sic
2723 1961 2959 2020 excludi

556 2037 850 2098 Adamum
878 2049 938 2100 et
966 2041 1155 2102 Evam
1182 2061 1217 2100 a
1244 2037 1763 2118 praedestinatione,
1788 2041 1926 2118 quia
1943 2059 2060 2098 non
2081 2048 2394 2118 potuerunt
2409 2041 2644 2100 formari
2671 2061 2748 2099 ex
2767 2059 2961 2100 massa

556 2126 843 2196 corrupte.
874 2120 947 2180 R.
968 2119 1147 2198 Neg.;
1174 2121 1313 2198 quie
1322 2122 1603 2195 sonnatio
1632 2121 1746 2180 ista
1769 2139 1885 2178 non
1904 2121 2134 2198 physice
2153 2120 2532 2200 intelligenda
2557 2129 2648 2180 est
2671 2139 2776 2198 per
2801 2141 2958 2180 crea-

552 2197 786 2274 tionem,
809 2197 913 2260 sed
940 2201 1109 2260 ethice
1134 2219 1237 2278 per
1262 2200 1826 2278 praedestinationem
1850 2222 1865 2276 3
1909 2219 2026 2277 quo
2051 2208 2239 2277 pacto,
2270 2209 2330 2260 et
2355 2201 2468 2279 ipsi
2495 2201 2665 2279 primi
2691 2211 2959 2279 parentes

551 2292 629 2336 ex
654 2295 848 2337 massa
874 2289 1145 2357 corrupta
1170 2279 1404 2340 formari
1442 2289 1771 2358 potuerunt,
1814 2280 1954 2358 quis
1985 2299 2101 2357 qua
2139 2280 2335 2339 miseri
2379 2289 2440 2339 et
2479 2289 2812 2358 peccatores
2839 2281 2959 2340 fue-

552 2366 689 2417 runt
716 2358 883 2434 electi
924 2359 1001 2418 ed
1042 2359 1303 2434 sulutem,
1333 2379 1451 2418 non
1479 2361 1714 2437 quidem
1747 2360 1809 2418 in
1847 2379 2042 2418 massa
2079 2361 2302 2437 peccati
2339 2360 2639 2436 originalis
2665 2360 2954 2438 originati,

552 2437 711 2574 3⁰¹1
736 2437 797 2495 in
834 2439 1081 2516 posteris
1108 2447 1332 2500 tantum
1360 2439 1577 2516 existit,
1608 2440 1714 2499 sed
1739 2440 1962 2518 peccati
1989 2439 2288 2516 originalis
2313 2439 2672 2516 originantiS,
2703 2457 2819 2515 quo
2845 2437 2958 2516 ipsi

557 2517 571 2532 ‘
636 2517 752 2576 ecti
780 2525 933 2576 sunt.

632 2595 821 2655 xlx.
866 2595 1100 2673 Quarto,
1130 2596 1438 2658 illustratio
1466 2598 1668 2677 gloriae
1698 2597 1809 2659 Dei
1835 2618 1940 2679 per
1977 2596 2522 2657 demonstrationem
2547 2594 2956 2655 misericordia

548 2674 611 2733 in
638 2676 855 2751 electis,
886 2686 946 2735 et
965 2677 1209 2754 justitia
1236 2678 1297 2737 in
1324 2680 1599 2757 reprobis,
1630 2688 1722 2739 est
1741 2679 1874 2737 finis
1898 2676 2426 2737 Praedestinationis
2447 2692 2522 2734 ex
2541 2674 2749 2753 Apost.
2780 2674 2954 2737 Rom.

548 2755 632 2813 ix.
662 2759 756 2829 22,
789 2758 885 2816 23.
970 2755 1057 2815 At
1076 2758 1177 2817 illa
1204 2758 1443 2837 requirit
1470 2758 1855 2819 conditionem
1885 2756 2106 2835 peccati
2133 2758 2193 2814 in
2222 2756 2468 2849 objecto,
2518 2755 2656 2832 quia
2680 2772 2790 2813 nec
2817 2756 2953 2814 mis·

548 2834 831 2895 ericordia
856 2837 1112 2896 exerceri
1139 2846 1329 2917 potest
1358 2838 1483 2899 sine
1520 2839 1752 2897 miseria
1771 2838 2004 2915 praevia,
2027 2854 2135 2894 nec
2155 2836 2386 2912 justitia
2425 2834 2547 2893 sine
2575 2834 2794 2912 praevio
2820 2854 2953 2911 pec·

547 2922 695 2974 esto.
782 2914 847 2974 Si
889 2915 1051 2975 Deus
1090 2917 1382 2977 hominem
1426 2928 1561 2977 ante
1602 2917 1828 2995 lapsum
1866 2916 1942 2973 ad
1987 2914 2232 2991 gloriam
2278 2912 2761 2992 praedestinasset,
2809 2932 2955 2991 opus

545 2992 750 3053 fiiisset
784 2994 1023 3072 quidem
1046 2996 1323 3057 bonitatis
1367 2997 1663 3056 immensa
1691 2994 2010 3073 cujusdam,
2063 2993 2168 3052 sed
2204 3012 2334 3071 quae
2381 2992 2774 3053 misericordia
2797 3002 2954 3053 recte

545 3092 663 3131 non
690 3084 1008 3149 vocaretur,
1039 3094 1169 3153 quae
1196 3094 1313 3136 non
1340 3084 1563 3137 tantum
1611 3094 1729 3133 non
1777 3074 2037 3151 dignum,
2085 3073 2190 3133 sed
2231 3074 2551 3151 indignum,
2583 3082 2644 3133 et
2670 3074 2956 3133 contraria

544 3153 813 3212 meritum
840 3155 1089 3231 respicit.
1174 3156 1269 3215 Ita
1296 3155 1345 3214 si
1375 3155 1535 3214 Deus
1562 3154 1852 3212 hominem
1881 3158 1917 3212 a
1959 3162 2196 3230 peccato
2224 3154 2380 3213 omni
2421 3155 2733 3214 immunem
2760 3172 2954 3230 repro-

542 3231 754 3309 basset,
786 3252 931 3311 opus
959 3244 1112 3295 esset
1138 3234 1416 3295 absolutae
1444 3233 1763 3311 potestatis,
1784 3241 1844 3292 et
1868 3236 2305 3315 abu-ganeum
2336 3242 2396 3293 at
2415 3234 2658 3311 justitiae
2677 3250 2821 3311 opus
2839 3250 2954 3291 non

546 3321 736 3389 esset3
778 3315 917 3392 quia
943 3314 1387 3374 misericorditer
1412 3312 1635 3389 liberat,
1668 3321 1728 3372 et
1747 3313 1908 3391 juste
1935 3314 2172 3374 damnat
2201 3314 2294 3393 (ut
2319 3314 2402 3373 ait
2426 3312 2602 3392 Any.)
2620 3312 2951 3387 hominem3

546 3392 709 3470 Ergo
735 3394 959 3472 lapsum
986 3404 1110 3453 tum
1138 3393 1198 3451 in
1232 3391 1549 3469 Electione‚
1599 3402 1726 3451 tum
1767 3394 1828 3452 in
1859 3393 2284 3472 Reprobatione
2329 3392 2688 3451 considerare
2733 3392 2951 3451 debuit.

548 3472 791 3535 Frustra
816 3474 1229 3533 subtilissimus
1252 3472 1490 3530 th‘ssm
1510 3473 1760 3552 excipit3
1807 3474 2167 3533 Exercitium
2193 3470 2600 3531 misericordiae
2629 3478 2688 3529 et
2708 3471 2954 3547 justitiae

540 3550 806 3613 effective
832 3554 1272 3628 consideratum,
1304 3570 1411 3629 sup
1488 3572 1624 3612 nere
1650 3553 1916 3613 homines
1941 3554 2180 3612 miseros
2207 3559 2266 3610 et
2291 3568 2438 3625 reos,
2469 3550 2571 3608 sed
2597 3568 2716 3608 non
2741 3551 2957 3627 pariter

540 3632 727 3709 ipsam
754 3634 1127 3693 intentionem
1156 3633 1404 3691 miseren
1450 3632 1464 3648 ⁸
1536 3633 1682 3692 elias
1708 3642 2042 3710 sequeretur
2067 3652 2102 3689 a
2127 3630 2269 3707 pari,
2315 3648 2444 3689 cum
2487 3629 2824 3689 salvationis
2851 3630 2952 3688 ob-

535 3712 757 3788 jectum
786 3713 862 3771 sit
888 3713 1093 3787 fidelis,
1137 3713 1310 3772 etiam
1354 3712 1757 3772 destinationis
1785 3722 2012 3771 aetcrnae
2060 3710 2350 3787 objectum
2399 3728 2542 3785 esse,
2585 3710 2742 3786 quod
2782 3725 2953 3768 nemo

540 3791 655 3849 nisi
683 3791 1061 3850 Arminianus
1087 3791 1318 3852 dixerit.
1398 3790 1549 3850 Nam
1577 3792 1702 3850 sive
1743 3788 2134 3849 misericordia
2168 3796 2228 3847 et
2252 3788 2482 3866 justitia
2521 3788 2956 3848 considerentur

540 3872 798 3943 effective,
829 3870 1051 3945 ratione
1078 3870 1341 3930 exercitii
1366 3880 1426 3930 et
1452 3879 1615 3929 ectus
1636 3869 1862 3927 externi
1889 3868 1950 3925 in
1977 3866 2226 3943 homine,
2279 3868 2404 3927 sive
2451 3869 2700 3943 effective
2726 3868 2949 3927 ratione

539 3954 703 4006 octus
731 3947 941 4005 interni
968 3948 1030 4005 in
1060 3948 1204 4025 Deo,
1235 3949 1391 4007 idem
1418 3948 1709 4027 objectum
1755 3940 2088 4024 postulant3
2133 3946 2298 4007 Licet
2341 3947 2494 4007 enim
2521 3946 2950 4026 praedestinatio

538 4024 687 4083 nihil
712 4032 891 4102 ponat
916 4026 977 4083 in
1002 4024 1427 4103 praedestinato,
1456 4034 1525 4085 ut
1549 4025 1729 4099 aiunt,
1759 4033 1818 4084 et
1861 4026 1944 4084 sic
1970 4027 2327 4104 propositum
2369 4023 2680 4086 miserandi
2717 4042 2832 4084 non
2875 4028 2952 4087 sit

536 4104 666 4182 ipsa
716 4103 1110 4164 misericordia
1176 4100 1440 4165 effective
1495 4104 1874 4181 considerata,
1926 4124 2056 4183 quae
2111 4100 2567 4165 communicetur
2621 4107 2944 4182 Orestai-„3

424 4178 437 4189 ’
536 4204 655 4243 non
682 4183 943 4261 sequitur
968 4202 1085 4243 non
1115 4202 1243 4243 esse
1270 4191 1463 4242 actum
1488 4181 1916 4261 misericordia,
1947 4201 2078 4263 quae
2114 4186 2356 4263 proinde
2383 4186 2674 4244 miseriam
2722 4192 2782 4244 et
2821 4186 2944 4263 lap-

538 4282 667 4323 sum
696 4279 1017 4341 supponere
1044 4262 1255 4322 debet:
1298 4262 1382 4323 Ut
1422 4263 1702 4341 Princeps
1729 4262 1830 4341 qui
1877 4264 2124 4342 gratiam
2171 4264 2360 4324 fecere
2407 4265 2666 4324 decernit
2707 4281 2824 4338 reo,
2875 4282 2946 4322 eo

534 4343 663 4421 ipso
690 4352 883 4402 actum
910 4341 1317 4403 misericordias
1344 4360 1485 4421 erge
1510 4360 1642 4401 eum
1671 4344 1873 4420 exerit,
1913 4341 2051 4403 licet
2097 4344 2353 4403 nondum
2393 4344 2466 4403 de
2515 4344 2668 4403 facto
2711 4352 2942 4405 senten·

534 4424 677 4483 tiam
704 4422 1115 4483 absolutor-iam
1142 4422 1229 4481 illi
1257 4422 1500 4483 intimet.
1586 4422 1710 4481 Nec
1735 4424 1886 4483 ratio
1913 4424 2044 4481 Viri
2073 4424 2248 4482 Docti
2275 4442 2312 4482 a
2337 4424 2462 4501 pari
2491 4421 2566 4481 de
2594 4420 2798 4481 salutis
2841 4420 2940 4479 de·

534 4510 692 4563 creto
739 4502 913 4579 valet,
962 4502 1099 4581 quia
1141 4502 1513 4562 confunditur
1552 4503 1797 4561 conditio
1839 4503 2060 4581 praevia
2101 4520 2234 4562 cum
2281 4503 2464 4561 medio
2513 4502 2940 4576 subsequent03

534 4582 685 4641 Nem
712 4580 815 4641 illa
853 4583 1106 4660 quidem,
1134 4582 1325 4661 qualis
1372 4592 1463 4642 est
1508 4581 1724 4660 lapsus,
1775 4582 2098 4660 praecedere
2141 4581 2315 4641 debet
2353 4589 2472 4641 tam
2521 4576 2582 4638 in
2621 4578 2943 4637 intentione

532 4680 706 4736 quam
734 4661 794 4718 in
822 4664 1198 4738 execution03
1230 4662 1333 4721 sed
1359 4660 1535 4737 istud,
1565 4662 1756 4739 qualis
1781 4670 1872 4721 est
1899 4654 2044 4720 fides
2069 4669 2336 4737 respectu
2363 4659 2585 4735 salutis,
2617 4658 2942 4736 praecedere
