3300 5225
519 328 667 391 xxiv
1263 342 1636 389 PnAEFAno
1672 344 1764 388 An
1802 342 2193 389 LECTOREM.

523 506 724 568 tiones
777 504 927 568 solvi
977 511 1269 585 possent:
1320 525 1433 568 nec
1485 504 1626 567 viva
1655 524 1801 568 voce
1830 510 2175 579 contentus,
2218 503 2450 584 scripto
2474 502 2661 567 etiam
2693 502 2930 584 consig-

527 602 664 664 nari
695 603 819 665 ista
851 602 1034 677 volui,
1069 608 1140 664 ut
1173 602 1408 665 firmius
1441 602 1749 665 memoriae
1778 602 2203 683 infigerentur.
2306 602 2413 664 Ita
2440 622 2595 682 opus
2628 601 2929 681 paulatim

527 700 741 775 crevit,
794 720 907 764 nec
968 701 1102 764 sine
1163 700 1369 780 aliquo
1419 700 1630 762 fructu
1686 700 2110 763 Studiosorum
2139 700 2421 763 manibus
2471 705 2783 762 versatum
2812 707 2928 761 est.

527 798 744 877 Atque
775 799 937 861 hunc
966 798 1198 862 laboris
1229 798 1346 861 mei
1380 817 1629 877 scopum
1663 797 1814 860 mihi
1864 799 2171 860 duntaxat
2200 798 2639 877 proponebam,
2690 816 2803 861 nec
2855 797 2932 859 de

523 896 930 959 tumultuario
959 916 1142 976 opere
1171 894 1409 959 edendo
1441 916 1709 976 unquam
1739 896 2139 976 cogitassem3
2190 895 2308 958 nisi
2360 897 2475 958 hoc
2515 902 2579 957 et.
2610 894 2929 957 Studioso-

524 1012 730 1055 sorum
759 1013 992 1074 preceS,
1028 1000 1094 1057 et
1126 992 1488 1057 Amicorum
1542 1000 1707 1068 vota,
1760 1000 1825 1056 et
1879 1012 2003 1055 non
2050 992 2271 1056 incerti
2319 1011 2596 1055 rumores
2641 993 2720 1054 ad
2750 1012 2931 1055 aures

523 1110 692 1153 meas
719 1091 944 1171 perlati
982 1091 1058 1155 de
1085 1091 1192 1154 illo
1223 1092 1302 1153 ab
1337 1090 1475 1153 aliis
1503 1111 1602 1154 me
1646 1090 1843 1154 inscio
1876 1090 2023 1153 alibi
2066 1089 2428 1171 evulgand0‚
2459 1110 2579 1153 non
2608 1096 2738 1151 tam
2769 1089 2928 1151 obti-

522 1189 824 1269 nuissent,
857 1210 1037 1269 quam
1072 1188 1501 1253 extorsissent.
1606 1186 1709 1251 Ne
1744 1207 1891 1269 ergo
1920 1187 2075 1251 rude
2104 1194 2169 1251 et
2199 1187 2592 1269 indigestum,
2623 1187 2931 1268 variisque

523 1287 760 1350 mendis
793 1295 861 1350 et
889 1287 1122 1350 lacunis
1153 1286 1444 1349 foedatum
1495 1286 1792 1366 prodiret,
1825 1286 2119 1349 constitui
2149 1286 2397 1348 tandem
2448 1291 2575 1347 ἑκὼν
2627 1294 2837 1347 &exon-t
2864 1311 2928 1368 γε

523 1388 686 1467 Sum)
699 1384 859 1447 votis
890 1385 1006 1448 hoc
1037 1406 1076 1447 a.
1105 1405 1204 1447 me
1233 1382 1702 1465 efflagitantium
1725 1384 1961 1459 cedere,
1986 1392 2053 1447 et
2073 1383 2553 1463 qualemcunque
2574 1383 2732 1446 hanc
2765 1382 2929 1462 opel-

521 1479 663 1557 lam,
686 1481 1062 1563 diligentiori
1081 1482 1265 1563 paulo
1285 1502 1433 1544 cura
1452 1481 1832 1561 recognitam
1856 1488 1920 1544 et
1943 1489 2283 1558 auctam,et
2306 1480 2673 1545 accuratiori
2690 1481 2927 1543 metho-

524 1579 605 1641 do
637 1580 958 1660 digestam,
989 1582 1054 1643 in
1085 1581 1282 1643 lucem
1309 1579 1578 1653 mittere,
1613 1586 1687 1647 ut
1721 1579 1825 1658 qui
1859 1579 2267 1642 eruditionem
2295 1599 2419 1642 non
2448 1598 2717 1658 possum,
2748 1580 2931 1642 obse-

525 1676 736 1757 quium
767 1678 987 1741 saltem
1021 1678 1253 1759 amiciet,
1281 1684 1347 1739 et
1379 1677 1650 1740 studium
1673 1677 1957 1740 veritatis
1981 1677 2243 1753 tuendae,
2274 1677 2555 1740 omnibus
2578 1678 2925 1756 probarem.

525 1773 712 1837 Unde
741 1776 794 1839 si
827 1774 962 1855 quis
990 1775 1172 1857 plura
1199 1776 1265 1838 in
1293 1774 1400 1837 illa
1430 1775 1762 1856 desiderat,
1797 1782 1863 1837 et
1891 1776 2106 1838 foetum
2138 1776 2302 1838 hunc
2336 1776 2592 1838 crudum
2620 1781 2685 1837 et
2713 1774 2927 1838 imma-

525 1879 734 1935 turum
770 1872 959 1953 dicat,
989 1873 1246 1937 habebit
1271 1893 1369 1936 me
1398 1873 1815 1953 confitentem,
1847 1874 1951 1953 qui
1986 1872 2051 1935 id
2081 1873 2317 1952 primus
2346 1873 2662 1952 profiteor,
2694 1878 2759 1935 et
2810 1871 2927 1935 hoc

524 1970 712 2033 etiam
743 1972 926 2051 addo,
955 1971 1091 2035 tolli
1123 1970 1331 2052 potius
1364 1970 1669 2051 debuisse,
1702 1990 1884 2051 quam
1918 1970 2163 2051 exponi.
2265 1970 2417 2033 Ideo
2441 1970 2629 2033 etiam
2660 1970 2926 2032 Institu-

527 2069 716 2131 tiom's
756 2069 1116 2154 Theoloyiae
1148 2070 1492 2133 Elencticae
1511 2088 1731 2132 nomen
1750 2068 1841 2131 illi
1862 2069 2237 2149 impositum,
2258 2088 2337 2132 ne
2369 2068 2657 2150 Systema
2682 2067 2928 2147 aliquod

527 2165 874 2248 Theologiae
897 2166 1142 2247 plenum
1169 2174 1235 2229 et
1266 2174 1622 2231 accuratum
1654 2167 1755 2231 hic
1786 2167 1951 2230 tradi
1982 2166 2117 2247 quis
2144 2168 2357 2231 credat
2382 2188 2405 2252 3
2456 2167 2559 2231 hic
2580 2166 2743 2230 enim
2776 2164 2926 2229 mihi

521 2284 740 2344 scopus
773 2265 1128 2345 propositus
1159 2286 1324 2330 nunc
1357 2265 1602 2345 quidem
1628 2286 1751 2328 non
1780 2266 1921 2347 fuit,
1957 2266 2065 2329 sed
2098 2272 2343 2327 tantum
2375 2272 2448 2327 ut
2477 2264 2928 2344 praecipuarum

521 2360 1112 2444 controversiarum,
1165 2383 1300 2443 quae
1353 2364 1530 2427 nobis
1586 2384 1725 2427 cum
1758 2362 2155 2426 Adversariis
2185 2382 2310 2442 qua
2334 2362 2649 2424 veteribus
2680 2380 2803 2441 qua.
2827 2380 2926 2422 re-

520 2460 898 2523 centioribus
929 2459 1341 2535 intercedunt,
1373 2467 1753 2522 momentum
1800 2479 2194 2538 exponerem,
2236 2466 2302 2521 et
2334 2458 2505 2520 filum
2539 2458 2927 2521 Ariadneum

523 2554 566 2619 J
569 2556 888 2620 unioribus
923 2556 1475 2637 subministrarem,
1506 2556 1683 2636 cujus
1717 2575 1833 2637 ope
1863 2577 1943 2620 ex
1976 2576 2181 2620 earum
2210 2555 2564 2638 labyrintho
2596 2576 2662 2620 se
2689 2555 2929 2620 facilius

523 2653 830 2718 extricare
863 2660 1133 2735 possent.
1195 2646 1198 2649 ’
1235 2652 1388 2717 Cum
1417 2656 1581 2718 enim
1612 2653 1677 2717 in
1705 2656 1823 2718 hoc
1860 2654 2133 2718 Eristico
2166 2656 2393 2735 seculo,
2430 2653 2619 2717 Viros
2651 2654 2774 2716 Dei
2806 2674 2929 2717 non

525 2753 744 2816 deceat
772 2759 1018 2815 tantum
1052 2752 1344 2833 penitiori
1375 2751 1689 2816 Veritatis
1738 2752 1967 2816 notitia.
2010 2752 2279 2815 imbutos
2310 2773 2466 2832 esse,
2519 2760 2646 2836 orgae
2700 2761 2759 2814 τὸ
2793 2761 2928 2828 ὀρθο-

523 2861 696 2926 τομεῖν
731 2878 814 2912 τον
849 2859 1008 2933 λόγον
1042 2858 1132 2912 τοῦ
1160 2855 1284 2912 θεοῦ
1311 2872 1327 2926 ;
1380 2850 1489 2913 sed
1521 2857 1588 2913 et
1615 2849 1805 2913 armis
1826 2849 2093 2929 justitiae
2122 2851 2499 2928 potentibus,
2532 2857 2599 2913 et.
2628 2858 2804 2912 scuto
2834 2850 2929 2912 in-

527 2949 743 3027 primis
785 2947 928 3012 fidei
955 2947 1294 3011 instructos
1323 2967 1457 3011 esse
1505 2957 1634 3023 πρὸς
1668 2957 1727 3010 τὸ
1761 2957 1881 3018 τοῦς
1911 2954 2293 3030 ἀντιλέγοντας
2328 2953 2449 3029 ἑλέ)
2464 2973 2597 3031 χειν,
2632 2948 2713 3010 ad
2734 2948 2933 3028 ignita

527 3045 776 3108 Satanae
827 3045 956 3109 tela
1004 3046 1464 3126 restinguenda,
1507 3052 1573 3108 et
1626 3045 2030 3110 destruendas
2080 3044 2451 3110 munitiones
2508 3054 2575 3108 et
2602 3045 2933 3110 ratiocinia

525 3141 820 3207 adversus
851 3143 1262 3224 cognitionem
1292 3143 1412 3206 Dei
1442 3163 1509 3206 se
1538 3143 1877 3220 effer-entia,
1928 3153 2001 3205 ut
2030 3143 2227 3208 omnis
2260 3143 2561 3224 cogitatio
2591 3143 2837 3223 captiva
2862 3144 2930 3205 in

528 3241 889 3320 obsequium
923 3241 1158 3303 Christi
1192 3241 1577 3305 abducatur:
1631 3241 1696 3302 N
1700 3261 1778 3303 on
1806 3241 2022 3304 melius
2072 3240 2337 3321 prospici
2366 3249 2575 3320 potest
2606 3240 2933 3305 Studioso-

524 3357 662 3400 rum
693 3339 1088 3418 profectibus,
1102 3358 1282 3419 quam
1312 3339 1366 3402 si
1391 3339 1727 3403 doceantur
1750 3359 1889 3402 cum
1912 3339 2119 3401 trulla
2142 3339 2439 3423 yladium
2456 3347 2747 3415 tractare,
2770 3340 2931 3418 quod

527 3435 675 3498 olim
706 3437 1150 3501 AEdificatores
1181 3435 1225 3497 J
1227 3436 1735 3517 erosolymitanos
1760 3437 1977 3500 fecisse
1992 3438 2186 3500 refert
2214 3437 2475 3500 historia
2502 3457 2705 3510 sacra3
2736 3437 2801 3500 id
2834 3445 2931 3500 est

525 3553 664 3597 cum
696 3540 916 3615 παιδείᾳ
940 3534 1089 3610 veri,
1122 3533 1220 3597 cui
1253 3534 1406 3597 fides
1435 3533 1861 3610 inaedificetur,
1904 3535 2167 3616 jungere
2216 3537 2449 3618 ἔλεγχον
2494 3536 2657 3615 falsi,
2690 3555 2811 3614 quo
2836 3553 2932 3599 er·-

525 3650 720 3712 rores,
772 3631 995 3712 quibus
1027 3631 1124 3694 vel
1173 3631 1408 3696 directe
1455 3632 1554 3696 vel
1607 3631 1910 3696 indirecte
1960 3632 2317 3713 impugnari
2368 3632 2544 3709 solet,
2592 3632 2783 3698 solide
2832 3653 2929 3696 re-

523 3729 823 3804 futentur,
884 3736 958 3790 ut
1005 3729 1269 3793 feliciter
1319 3731 1607 3812 occupari
1660 3737 1889 3811 queant
1939 3730 2005 3793 in
2057 3729 2455 3810 expediendis
2482 3737 2583 3793 tot
2614 3731 2931 3811 tantisque

523 3825 974 3889 Controversiis
1024 3828 1422 3910 gravissimis,
1477 3850 1612 3911 quae
1662 3829 1847 3892 hodie
1892 3828 2033 3909 plus
2062 3827 2266 3909 nimia,
2308 3828 2466 3908 proh
2500 3829 2713 3892 dolor!
2766 3829 2929 3892 inter

524 3921 908 3987 Christianos
937 3925 1200 4006 fervent,
1232 3934 1299 3988 et
1333 3925 1676 3989 Ecclesiam
1705 3926 1958 3989 Domini
1986 3926 2210 3990 misere
2238 3926 2533 3991 lacerant.
2637 3926 2798 4004 Quia
2824 3946 2926 3991 ve-

522 4041 595 4084 ro
626 4027 871 4084 constat
903 4041 1032 4101 prae
1057 4023 1299 4084 cacteris
1329 4022 1668 4100 periculose
1696 4023 1892 4086 errari
1924 4023 2259 4101 sae'pissime
2292 4023 2460 4087 circa
2479 4024 2925 4088 Controversia.

524 4124 778 4194 statum,
814 4139 934 4199 quo
961 4119 1269 4199 ignorato,
1300 4121 1375 4180 fit
1403 4124 1477 4179 ut
1525 4127 1779 4202 ἀστόχως
1813 4119 2291 4182 Andabatarum
2323 4141 2512 4197 more,
2548 4141 2687 4183 cum
2738 4121 2927 4184 larvis

518 4214 848 4279 infeliciter
878 4215 1203 4278 dimicetur
1229 4237 1244 4288 ;
1298 4214 1377 4278 Id
1409 4216 1562 4278 mihi
1597 4223 1763 4284 ante
1812 4215 2015 4278 omnia
2066 4217 2299 4298 negotii
2351 4218 2513 4294 dedi,
2574 4225 2646 4279 ut
2674 4219 2928 4281 remotis

519 4313 642 4376 illis
673 4333 807 4392 quae
843 4322 989 4375 sunt
1022 4316 1316 4396 ἐξαγώνια,
1353 4311 1695 4376 Statum‘et
1724 4313 2049 4376 Cardinem
2081 4315 2461 4395 praecipuum
2508 4313 2929 4391 Quaestionum

519 4411 848 4491 diligenter
878 4430 958 4474 ex
991 4411 1300 4475 sententia
1327 4411 1608 4477 Partium
1643 4418 1940 4492 quantum
1994 4413 2125 4474 fieri
2181 4413 2389 4493 potuit
2412 4432 2689 4475 eruerem
2720 4421 2786 4475 et
2818 4433 2925 4476 ex-

517 4527 827 4588 ponerem,
882 4513 958 4570 ut
1009 4527 1083 4573 eo
1138 4508 1321 4572 semel
1370 4509 1494 4572 rite
1532 4509 1739 4589 posito
1768 4517 1834 4572 et
1866 4510 2192 4590 explorato
2220 4510 2322 4574 via
2350 4509 2549 4573 facilis
2578 4511 2658 4572 ad
2690 4510 2929 4591 reliqua

518 4604 1027 4684 complanaretur,
1060 4605 1188 4670 sive
1226 4613 1739 4684 κατασκευασνικῶς
1772 4605 2027 4672 Veritas
2051 4616 2212 4670 esset
2232 4607 2626 4684 adstruenda,
2658 4606 2787 4672 sive
2810 4629 2922 4688 per

3232 3818 3255 4525 fflss———n
