3300 5225
352 326 571 380 Quaesr.
600 308 715 389 1v.]
1346 327 1425 369 nn
1455 326 1798 369 scammis.
2679 312 2758 374 63

957 466 1138 527 XVI.
1182 468 1448 545 Denique
1482 488 1584 529 nec
1608 469 1864 544 decipere
1894 458 2216 545 pomerum,
2247 468 2356 528 ‘etsi
2399 468 2759 548 voluisseut3

872 546 1011 625 quia
1036 546 1367 609 scribebant
1391 566 1507 607 non
1534 546 1609 607 de
1636 548 1810 607 rebus
1847 548 2086 609 remotis
2123 556 2184 608 et
2223 548 2462 625 dissitis,
2491 559 2592 609 aut
2629 570 2762 627 quse

349 626 557 705 priscis
582 626 953 704 temporibus,
982 634 1083 686 aut
1108 646 1240 704 quse
1266 627 1415 687 clam
1443 635 1502 687 et
1528 628 1764 687 remotis
1790 626 2021 687 arbitris
2037 628 2098 685 in
2117 628 2334 705 angulo
2359 629 2554 706 aliquo
2581 638 2763 706 gestie

348 714 547 781 crant3
588 714 761 783 prout
788 705 967 783 vulgo
994 706 1335 783 impostores
1360 706 1567 782 solent,
1598 726 1672 766 ne
1711 705 1880 767 facile
1919 707 2144 785 possint
2169 707 2454 767 mendacii
2489 709 2762 787 coargui:

354 784 474 845 Sed
510 804 583 844 ea
621 783 962 860 referebant,
991 803 1122 862 quae
1148 785 1251 845 illo
1278 786 1405 863 ipso
1444 794 1702 864 tempore
1741 786 1972 865 publice
1997 795 2061 847 et
2085 805 2278 846 coram
2322 788 2474 863 Sole,
2507 788 2610 846 illo
2637 788 2764 865 ipso

351 866 491 939 loco·
506 884 623 941 quo
664 863 1007 940 scribebant,
1036 872 1099 923 et
1122 865 1356 943 quidem
1384 884 1537 943 saepe
1576 866 1652 925 iis
1676 864 2010 925 videntibus
2035 874 2096 926 et
2121 866 2488 926 audientibus
2515 867 2592 926 ad
2615 886 2766 944 quos

352 942 696 1019 scribebant,
754 944 1133 1021 contigerant,
1188 944 1407 1022 quique
1458 944 1628 1005 facile
1676 943 1936 1005 faudem
1989 953 2050 1005 et
2101 946 2494 1024 imposturam,
2543 946 2594 1005 si
2647 966 2766 1023 qua

350 1022 572 1099 fixisset,
600 1030 861 1099 retegere
900 1031 1183 1102 poterant.
1268 1024 1335 1083 Si
1360 1043 1503 1101 ergo
1540 1044 1652 1083 nec
1689 1023 1916 1103 decepti
1953 1034 2089 1086 sunt
2125 1045 2235 1085 nec
2262 1025 2626 1104 deceperunt,
2655 1026 2762 1085 du·

351 1102 513 1163 bium
538 1121 657 1161 non
681 1110 788 1177 est,
818 1102 959 1179 quin
986 1102 1247 1163 divinum
1274 1103 1353 1163 sit
1376 1122 1575 1163 eorum
1596 1103 2032 1181 Testimonium,
2061 1112 2236 1182 atque
2260 1105 2406 1165 adeo
2433 1105 2768 1165 authentica

352 1182 539 1241 omnis
564 1181 669 1241 illa
694 1180 957 1241 doctrina
980 1201 1111 1259 quse
1140 1202 1215 1241 ex
1242 1202 1312 1241 eo
1338 1182 1551 1259 pendet
1576 1190 1637 1241 et
1663 1183 1767 1241 illo
1792 1183 2012 1243 nititur.

432 1260 651 1319 XVII.
695 1261 750 1320 Ν
752 1280 829 1319 on
854 1268 1047 1338 potest
1070 1262 1133 1321 in
1172 1261 1413 1321 dubium
1441 1262 1658 1337 vocari,
1687 1260 1789 1320 An
1831 1262 2135 1339 Prophetae
2163 1271 2224 1323 et
2250 1262 2524 1341 Apostoli
2550 1263 2765 1324 fuerint

350 1338 679 1417 aliquande,
708 1348 769 1399 et
794 1340 975 1400 libros
1002 1340 1333 1418 scripserint
1359 1342 1461 1433 qui
1486 1340 1720 1401 illorum
1747 1360 1874 1401 esse
1911 1341 2196 1415 dicuntur,
2226 1342 2368 1419 quin
2395 1349 2561 1402 nutet
2585 1342 2766 1403 totius

352 1418 737 1496 Antiquitatis
772 1418 955 1495 fides3
998 1427 1059 1479 et
1100 1420 1547 1497 Pyrrhomsmus
1586 1420 2022 1480 introducatur:
2107 1420 2206 1480 Sic
2244 1421 2398 1479 enim
2437 1421 2653 1499 pariter
2689 1420 2766 1481 de

350 1498 619 1559 omnibus
645 1498 777 1559 aliis
804 1498 1051 1577 scriptis,
1086 1518 1217 1576 quse
1256 1499 1319 1558 in
1357 1499 1625 1559 manibus
1665 1507 1972 1560 versantur
2010 1499 2262 1560 dubitari
2287 1500 2533 1577 poterit:
2617 1501 2764 1561 Cum

351 1586 545 1637 autem
572 1586 793 1638 certum
820 1578 897 1637 sit
922 1578 1071 1638 tales
1096 1578 1277 1639 libros
1302 1599 1339 1638 a
1364 1578 1539 1639 certis
1577 1579 1918 1639 authoribus
1955 1579 2200 1657 scriptos
2227 1578 2421 1656 fuisse,
2451 1580 2584 1657 quis
2609 1599 2766 1639 sauss

352 1657 564 1717 mentis
590 1677 708 1716 non
736 1656 1044 1717 crediderit
1068 1658 1263 1735 potius
1289 1658 1534 1736 scriptos
1558 1678 1688 1718 esse
1715 1658 1792 1717 ab
1815 1658 1890 1718 iis
1916 1678 2162 1735 quorum
2200 1678 2410 1719 nomen
2436 1658 2763 1737 praeferunt,

350 1737 511 1815 quod
540 1737 819 1797 Ecclesiae
845 1756 1045 1797 omnes
1072 1738 1413 1798 Christianae
1452 1738 1670 1815 ubique
1709 1737 1970 1798 locorum
2009 1745 2340 1799 constanter
2379 1738 2764 1813 crediderunt,

300 1864 321 1887 ,
352 1817 427 1876 de
454 1836 570 1893 quo
596 1816 760 1875 nulla
784 1836 1039 1894 unquam
1064 1826 1167 1877 aut
1191 1837 1229 1875 a
1252 1818 1297 1877 J
1298 1817 1498 1893 udicis,
1527 1825 1630 1878 aut
1669 1836 1708 1877 a
1746 1817 2000 1895 Paganis
2025 1826 2184 1878 mota
2221 1817 2614 1878 controversia
2639 1818 2766 1896 fuit,

352 1906 415 1956 et
439 1895 597 1972 quod
622 1896 1039 1972 antiquissimis
1064 1897 1438 1974 temporibus,
1468 1915 1601 1957 cum
1626 1916 1698 1957 ea
1723 1895 1797 1957 de
1817 1916 1880 1956 re
1900 1905 2164 1958 constare
2188 1906 2402 1975 posset,
2425 1898 2550 1975 jam
2571 1916 2765 1976 recep-

352 1984 478 2035 tum
504 1983 612 2051 est,
640 1995 815 2053 quam
841 1996 879 2035 a
902 1976 1163 2053 quolibet
1188 1976 1304 2036 alio
1322 1980 1353 2036 P

414 2151 832 2197 mm
873 2054 1214 2194 msi-
1235 2053 2772 2213 &stammas

415 2210 653 2255 tenditur.
876 2214 1218 2275 excutiatur.
1318 2214 1471 2273 Nam
1524 2214 1574 2273 si
1626 2214 1760 2290 quis
1811 2212 1960 2273 forte
2011 2221 2188 2290 neget
2239 2214 2468 2273 Mosem
2514 2232 2768 2291 unquam

356 2294 554 2371 fuisse,
584 2294 681 2354 vel
705 2295 1005 2355 authorem
1032 2312 1159 2353 esse
1186 2293 1463 2353 librorum
1490 2292 1593 2370 qui
1618 2292 1708 2351 illi
1733 2292 2152 2367 adscribuntur,
2183 2293 2345 2352 nullo
2370 2293 2606 2370 negotio
2631 2312 2768 2353 con·

358 2374 657 2433 vincetur:
698 2382 823 2435 tum
848 2374 987 2451 quia
1011 2392 1131 2432 non
1156 2372 1267 2433 soli
1304 2373 1350 2432 J
1352 2372 1505 2433 udaei
1530 2380 1591 2433 et
1618 2371 1932 2431 Christiani
1971 2372 2100 2450 ejus
2138 2372 2537 2449 meminerunt,
2567 2372 2672 2432 sed
2709 2381 2770 2433 et

356 2453 583 2532 profani
613 2454 933 2531 Scriptores
956 2472 1075 2513 non
1101 2452 1271 2531 pauci
1292 2474 1310 2529 ς
1352 2459 1477 2511 tum
1542 2451 1641 2513 uia
1668 2453 1780 2511 hoc
1805 2459 2136 2512 constanter
2175 2451 2458 2513 creditum
2483 2460 2575 2511 est
2600 2470 2639 2511 a
2662 2472 2767 2512 nu-

358 2533 745 2593 merosissima
765 2541 956 2610 gente,
984 2552 1095 2592 nec
1112 2532 1234 2593 ulla
1260 2550 1437 2592 causa
1450 2531 1531 2593 du
1568 2530 1754 2591 itandi
1782 2540 1889 2607 est,
1919 2531 2034 2591 nisi
2049 2530 2298 2591 velimus
2323 2530 2498 2591 fidem
2514 2531 2772 2591 omnium

358 2614 595 2673 omnino
620 2613 987 2673 historiarum
1026 2613 1371 2689 convellere,
1400 2620 1461 2673 et
1485 2631 1702 2690 negare
1744 2612 2062 2688 Platonem,
2107 2610 2502 2689 Aristotelem,
2544 2612 2770 2672 Cicero·

358 2713 491 2752 nem
518 2701 579 2754 et
604 2693 753 2754 alios
779 2712 1033 2770 unquam
1060 2692 1340 2769 extitisse,
1370 2701 1432 2751 et
1456 2692 1638 2752 libi-os
1663 2691 1768 2770 qui
1792 2711 1992 2752 eorum
2017 2711 2230 2752 nomen
2253 2691 2569 2770 praeferunt
2593 2693 2704 2751 scri
2747 2726 2770 2738 -

359 2774 529 2912 ‘iffi
566 2773 753 2930 322,
761 2771 1103 2912 ¹333}ssss
1138 2770 1922 2930 fflzfflffiffiffim
1933 2771 2126 2911 'ffl‘
2143 2771 2523 2929 Jffiffl
2533 2770 2777 2910 rii-“0123

360 2897 551 3010 specie}
578 2931 875 2992 debuisset
900 2951 937 2990 a
962 2931 1189 2992 suanis
1208 2930 1445 3006 ab010ri,
1474 2930 1613 3008 quia
1638 2930 1724 2990 sie
1750 2949 1788 2990 a
1813 2930 1995 3008 Legis
2011 2930 2334 2992 durissima
2363 2931 2512 3009 Jugo
2539 2949 2603 2990 se
2629 2930 2772 2990 libe-

358 3017 620 3072 rassent:
660 3019 722 3071 et
747 3011 943 3071 nullus
982 3017 1175 3070 tamen
1210 3011 1417 3088 majori
1456 3009 1652 3070 studio
1677 3018 1738 3070 et
1764 3011 1892 3070 zelo
1916 3010 1992 3070 ab
2019 3011 2094 3071 iis
2131 3019 2410 3088 exceptus
2435 3019 2526 3071 est
2551 3019 2612 3072 et
2635 3029 2772 3070 con·

360 3099 643 3165 servatus,
673 3090 868 3150 nullus
895 3109 1149 3167 unquam
1175 3097 1393 3149 tantam
1420 3089 1828 3150 authoritatem
1855 3089 2047 3150 subito
2073 3097 2416 3150 consecutus
2441 3098 2548 3166 est,
2579 3097 2644 3150 ut
2669 3109 2777 3168 pro

364 3171 526 3246 Lege
552 3168 752 3228 diviua
778 3178 839 3229 et
864 3169 1189 3246 Religionis
1216 3189 1417 3229 norma
1440 3169 1788 3246 haberetur;
1829 3189 1950 3230 non
1974 3169 2090 3230 alia
2115 3189 2254 3230 sane
2281 3169 2354 3229 de
2381 3188 2572 3246 causa,
2601 3188 2774 3246 quam

362 3269 437 3310 cx
468 3247 727 3308 veritatis
752 3247 858 3307 illo
884 3257 1167 3309 contentas
1193 3249 1579 3326 persuasione.

446 3327 637 3386 XIX.
682 3327 967 3404 Secundo,
998 3329 1049 3387 si
1076 3327 1209 3406 quis
1234 3328 1369 3388 inde
1384 3328 1662 3407 depulsus
1682 3327 1800 3387 alio
1825 3347 1888 3388 se
1915 3327 2172 3420 recipiat,
2191 3335 2252 3388 et
2271 3327 2516 3388 fateatur
2542 3325 2776 3403 quidem

366 3407 593 3467 Mosem
620 3408 903 3483 extitisse,
932 3416 993 3468 et
1018 3407 1197 3467 libros
1223 3408 1325 3485 qui
1350 3407 1441 3467 illi
1464 3407 1797 3468 tribuuntur
1823 3407 2268 3483 consempsisse3
2315 3406 2436 3466 Sed
2451 3406 2630 3464 fii’mse
2657 3406 2776 3463 Im-

364 3495 655 3564 postorem
681 3497 742 3547 et
766 3487 1147 3548 fabulatorem
1172 3487 1463 3564 insignem
1486 3495 1724 3563 asserat,
1753 3486 1854 3562 qui
1881 3485 2151 3544 inanibus
2188 3483 2506 3543 mendaciis
2529 3493 2592 3542 et
2617 3483 2780 3542 falsis

366 3563 651 3641 prodigiis
687 3567 903 3644 populo
945 3565 1264 3625 Ime’fltico
1302 3565 1658 3642 imposuerit,
1706 3573 1774 3623 ut
1813 3583 1945 3624 eum
1994 3563 2160 3639 Legi,
2189 3581 2364 3638 quam
2405 3561 2778 3638 proponebat,

370 3651 545 3717 atque
584 3643 731 3702 adeo
777 3645 889 3704 sibi
936 3646 1049 3722 ipsi
1090 3644 1445 3720 manciparet
1466 3664 1483 3718 3
1525 3661 1643 3700 non
1685 3641 1880 3700 minus
1925 3641 2096 3700 facile
2141 3639 2546 3698 confutabitur.
2629 3639 2685 3697 N
2687 3659 2780 3698 am

370 3729 751 3798 praeterquam
776 3724 935 3800 quod
959 3724 1073 3802 ipsi
1101 3723 1355 3797 Ethnici‚
1396 3729 1457 3781 et
1496 3719 1871 3780 infensissimi
1909 3719 2125 3793 hostes,
2153 3727 2223 3777 ut
2247 3718 2601 3794 Porphyrius
2626 3718 2688 3778 li.
2717 3723 2776 3796 4,

371 3799 653 3859 adversus
680 3801 1055 3878 Christianos,
1083 3801 1309 3861 veracis
1334 3799 1633 3876 scriptoris
1657 3797 1890 3858 laudem
1905 3797 2050 3858 dant
2075 3797 2271 3858 Mosi:
2311 3796 2481 3857 facile
2507 3797 2636 3877 capi
2661 3818 2778 3858 non

370 3887 580 3958 potest,
610 3879 899 3956 quomodo
924 3880 1173 3958 insignis
1196 3880 1301 3938 illa
1338 3877 1623 3956 sapientia
1646 3885 1708 3938 et
1733 3877 1962 3936 eximias
1987 3877 2250 3954 virtutes,
2279 3876 2490 3955 quibus
2515 3886 2640 3938 tota
2658 3879 2784 3940 'vita

373 3959 563 4020 Mosis
588 3958 793 4034 rad'nt,
822 3979 954 4019 cum
979 3968 1100 4019 tam
1126 3958 1376 4018 nefanda
1398 3957 1718 4036 impostura
1755 3956 2050 4017 conciliari
2084 3965 2316 4035 queant,
2345 3958 2444 4018 vel
2467 3977 2585 4037 quo
2610 3967 2782 4037 pacto

372 4047 493 4098 tam
521 4037 916 4098 admirabilem
945 4039 1181 4118 Legem,
1212 4057 1249 4096 a
1273 4057 1390 4116 qua
1414 4036 1692 4116 quicquid
1715 4036 1854 4096 boni
1896 4044 2118 4097 caeteroe
2143 4037 2468 4098 habuerunt
2504 4047 2782 4100 mutuatae

372 4127 529 4195 sunt,
558 4137 689 4197 quse
704 4118 783 4178 ad
806 4119 981 4180 unius
1000 4119 1117 4180 Dei
1130 4118 1373 4197 gloriam
1390 4125 1451 4178 et
1468 4117 1670 4196 populi
1685 4116 2047 4178 sanctitatem
2066 4116 2425 4196 respiciebat,
2449 4119 2782 4196 excogitare

372 4199 627 4277 potuerit
667 4206 735 4258 ut
772 4198 963 4259 fraudi
1002 4208 1063 4260 et
1096 4200 1427 4278 impostura
1466 4217 1589 4258 suas
1628 4197 1866 4258 faveret.
1950 4196 2196 4273 Deinde,
2241 4198 2294 4258 si
2335 4197 2616 4276 impostor
2653 4198 2781 4276 fuit,

372 4279 585 4338 mirum
610 4289 701 4339 est
726 4295 831 4338 cur
855 4279 1011 4338 viam
1038 4279 1281 4339 consilio
1308 4295 1415 4338 suo
1440 4277 1613 4356 plane
1632 4297 1744 4338 con
1864 4277 1879 4292 ⁰
1996 4286 2229 4338 secutus
2255 4277 2350 4353 sit,
2379 4295 2457 4338 ex
2473 4295 2590 4356 qua
2613 4278 2784 4338 facile

372 4357 643 4417 falsitatis
670 4357 937 4418 convinci
962 4359 1167 4437 potuit.
1252 4359 1403 4418 Nam
1430 4358 1481 4417 si
1506 4357 1654 4418 falsa
1679 4367 1770 4418 est
1793 4377 1968 4434 quam
1993 4357 2234 4418 tradidit
2265 4358 2520 4418 narratio
2545 4355 2788 4434 originis

374 4437 595 4512 mundi,
622 4438 769 4496 nihil
796 4437 1023 4498 facilius
1050 4439 1161 4500 fuit
1186 4457 1359 4516 quam
1378 4438 1664 4498 mendacii
1691 4457 1823 4498 enm
1851 4457 2090 4516 arguere
2117 4459 2194 4497 ex
2221 4439 2436 4516 exiguo
2465 4436 2786 4515 generatio·

376 4535 515 4576 num
544 4536 799 4593 numero,
830 4537 962 4596 qua>
1002 4519 1077 4578 ab
1119 4518 1351 4578 Adamo
1376 4519 1455 4578 ad
1493 4517 1796 4594 diluvium,
1827 4526 1887 4577 et
1912 4538 1948 4576 a
1974 4518 2196 4577 diluvio
2222 4519 2299 4577 ad
2339 4517 2561 4576 exitum
2587 4513 2790 4592 populi

378 4614 454 4656 ex
482 4597 750 4678 AEgypto
776 4607 1163 4675 recensentur,
1195 4597 1479 4676 siquidem
1498 4607 1754 4676 tempore
1774 4597 1957 4658 Mosis
1987 4617 2282 4676 superesse
2311 4597 2499 4656 adhuc
2526 4599 2792 4676 poterant

394 526 498 577 Noe
518 528 795 587 potnerunt.

2823 3533 2850 3718 ἲ
