3300 5225
534 354 655 412 590
1508 367 1692 410 Locus
1720 367 1934 409 noxus.
2559 345 2825 429 [Quffisr.
2865 367 2990 407 xv.

536 516 588 572 1.
622 512 804 571 Poena
830 519 923 571 est
942 511 1039 570 sui
1060 510 1251 586 ῲεήιε,
1284 510 1423 588 quia
1446 520 1513 571 ut
1530 510 1720 572 virtus
1747 529 1970 569 merces
1993 507 2111 569 sibi
2137 516 2240 567 est,
2255 506 2490 586 optime,
2523 508 2619 567 Ita
2644 517 2979 586 peccatum

526 593 646 653 sibi
670 593 784 670 ipsi
812 599 903 652 est
928 611 1118 669 poena.
1206 591 1378 650 Unde
1408 591 1568 669 Aug.
1599 591 1702 651 lib.
1731 591 1771 650 i.
1809 590 2058 650 confess.
2089 610 2143 648 c.
2179 592 2272 665 12,
2321 591 2359 624 “
2387 589 2432 648 J
2435 589 2633 649 ussisti
2665 589 2976 662 Domine,

527 682 591 733 et
615 673 703 732 sic
730 680 835 748 est,
866 680 933 731 ut
956 691 1132 749 poena
1158 691 1265 732 sna
1292 671 1404 730 sibi
1432 673 1510 732 sit
1538 672 1727 732 omnis
1753 671 2118 730 inordinatus
2144 669 2433 744 animus,''
2478 669 2618 746 quia
2657 678 2752 728 est
2803 669 2975 729 aoei-

528 753 675 812 dens
716 752 1163 812 disconveniens
1206 752 1487 828 subject0,
1518 761 1579 812 et
1604 751 1898 828 nocivum,
1929 751 2088 828 quod
2117 749 2438 808 maximum
2467 749 2742 808 damnum
2773 749 2974 812 infert

529 841 825 908 creaturae,
856 832 1177 911 separando
1206 852 1334 892 eam
1362 852 1397 890 a
1426 831 1553 891 Deo
1602 851 1832 892 summo
1877 839 2078 890 nostro
2125 831 2297 904 bon0,
2349 837 2409 889 et
2451 828 2736 906 privando
2785 829 2970 890 illam

532 913 855 988 sanctitate,
888 912 1188 990 potissima
1214 912 1508 971 felicitatis
1534 921 1750 971 nostrae
1787 919 1968 989 parte,
1999 919 2059 970 et
2085 910 2369 970 maculam
2413 908 2793 970 foedissimam
2822 909 2967 969 inu-

530 993 713 1052 rendo
740 993 993 1052 hominis
1020 992 1407 1068 conscientiae,
1439 1012 1555 1070 qua
1582 1011 1700 1051 non
1727 1000 1954 1052 tantum
1981 991 2188 1066 malus,
2221 990 2326 1050 sed
2351 997 2412 1050 et
2449 989 2627 1048 miser
2665 989 2964 1052 redditur.

530 1077 591 1132 2.
606 1075 789 1132 Poena
808 1081 899 1132 est
925 1073 1147 1150 peccati
1174 1071 1571 1152 praecedentiS,
1584 1082 1653 1133 ut
1672 1071 2004 1132 idololatria
2017 1071 2342 1131 Gentilium
2367 1070 2609 1148 punitur
2633 1089 2738 1147 per
2759 1069 2964 1132 foedas

530 1153 823 1230 libidines,
838 1153 1051 1231 quibus
1078 1153 1276 1213 traditi
1304 1163 1457 1229 sunt,
1480 1153 1649 1213 Rom.
1679 1153 1719 1214 i.
1779 1155 1836 1213 3.
1859 1152 2108 1212 Ratione
2136 1151 2394 1226 alterius,
2413 1159 2480 1210 ut
2507 1158 2808 1229 peecatum
2829 1151 2959 1210 Da-

532 1233 689 1293 vidis
713 1235 953 1312 punitur
978 1234 1207 1294 incestu
1234 1233 1561 1294 Absalomi.

526 1357 793 1403 Peccatum
806 1371 908 1402 esse
1142 1315 1253 1375 IV.
1320 1314 1632 1374 Peccatum
1686 1321 1842 1373 recte
1888 1331 2119 1391 poenam
2169 1311 2286 1370 dici
2333 1309 2637 1371 evincitur.
2697 1313 2752 1370 1.
2799 1309 2956 1385 Quia

588 1417 1019 1518 ³:¹³2,th
1059 1393 2116 1536 ssffiffiffiff‘ssrfflff
2153 1392 2311 1532 ἐξ·
2331 1391 2579 1531 {izit
2599 1390 2952 1532 ὲὲὒὲἒίἐζ

590 1531 721 1600 8⁸3³·
742 1533 831 1576 κῇ·
850 1531 922 1587 11,
944 1532 1017 1578 12.
1056 1556 1264 1616 missa:
1310 1558 1348 1590 “
1370 1555 1467 1614 Sic
1494 1556 1576 1614 ait
1596 1494 1848 1630 Jlizhdisa,
1874 1554 2029 1614 Ecce
2055 1493 2168 1631 egli>
2189 1553 2570 1612 suscitaturus
2595 1571 2728 1610 sum
2747 1559 2954 1612 eontra

530 1641 591 1692 te
616 1633 835 1693 malum
862 1654 895 1692 e
924 1632 1096 1694 domo
1125 1644 1242 1711 tua,
1274 1644 1334 1694 et
1370 1635 1660 1713 accipiens
1701 1653 1916 1694 uxores
1955 1642 2088 1694 tuas
2129 1641 2262 1692 ante
2303 1633 2505 1692 oculos
2547 1640 2682 1694 tuos
2721 1632 2950 1692 tradam

528 1713 797 1792 proximo
823 1725 944 1788 tu0,
975 1715 1077 1791 qui
1102 1715 1343 1774 cubabit
1368 1735 1501 1774 cum
1528 1714 1603 1773 iis
1630 1734 1824 1773 coram
1851 1715 1966 1774 isto
2013 1713 2165 1774 Sole.
2251 1712 2400 1788 Quia
2434 1720 2501 1772 tu
2541 1711 2734 1772 fecisti
2777 1712 2948 1788 clam,

529 1794 705 1852 etiam
734 1812 845 1870 ego
877 1791 1139 1854 facturus
1168 1814 1296 1853 sum
1324 1814 1518 1853 coram
1545 1803 1671 1854 toto
1715 1794 1929 1852 Israele
1971 1802 2031 1853 et
2071 1813 2264 1852 coram
2309 1793 2502 1852 Sole.”
2587 1792 2714 1852 Nec
2757 1802 2953 1870 potest

526 1872 723 1949 excipi
768 1874 807 1906 ‘⁴
826 1872 975 1930 nihil
1016 1873 1112 1932 hic
1155 1873 1335 1934 fuisse
1377 1873 1623 1953 poenale,
1669 1875 1785 1934 nisi
1831 1874 2048 1933 nudam
2091 1874 2545 1952 permissionem,
2591 1893 2711 1930 non
2751 1881 2952 1934 antem

528 1952 720 2030 ipsum
748 1953 1033 2012 incestum
1060 1953 1237 2014 fuisse
1264 1954 1582 2015 formaliter
1607 1956 1899 2033 poenam.'’
1986 1955 2060 2013 R.
2093 1955 2242 2028 Quia
2266 1973 2440 2033 poena
2467 1953 2718 2014 Davidis
2741 1953 2952 2016 debuit

528 2051 658 2092 esse
700 2031 995 2111 publicum
1037 2033 1291 2095 dedecus
1332 2043 1391 2094 et
1430 2035 1708 2096 damnum
1753 2033 1970 2094 Davidi
2010 2033 2293 2094 inflictum
2335 2053 2527 2094 eoram
2573 2033 2710 2093 Sele
2723 2042 2798 2093 et
2823 2043 2950 2094 toto

530 2113 767 2189 Israele,
820 2121 879 2174 et
920 2113 1032 2174 fuit
1078 2116 1323 2193 pollutio
1372 2115 1485 2175 teri
1540 2115 1832 2176 Davidici.
1925 2113 2012 2173 At
2065 2114 2368 2193 permissio
2413 2114 2631 2189 divina,
2681 2133 2792 2174 nec
2837 2114 2951 2175 fuit

531 2193 779 2252 Davidis
806 2193 1081 2254 damnum
1121 2195 1454 2273 formaliter,
1498 2216 1605 2255 nec
1646 2195 1800 2256 faeta
1842 2195 2074 2273 publice
2113 2214 2307 2254 coram
2355 2195 2509 2270 Sole,
2553 2195 2658 2255 sed
2693 2194 2842 2254 clam
2887 2195 2952 2254 in

524 2274 753 2351 impuro
794 2275 967 2334 eorde
1010 2275 1337 2335 Absalomi.
1422 2276 1649 2336 Deinde
1699 2277 1862 2335 Deus
1901 2295 2022 2336 non
2065 2275 2470 2336 interminatur
2510 2275 2952 2352 permissionem

520 2353 699 2412 istam
723 2355 941 2414 Davidi
960 2364 1027 2415 ut
1046 2375 1294 2434 poenam,
1316 2355 1424 2416 sed
1442 2376 1565 2416 rem
1584 2357 1942 2434 pennissam,
1967 2375 2174 2433 nempe
2195 2355 2472 2416 damnum
2486 2366 2552 2414 et
2569 2356 2949 2432 ignominiam

524 2434 735 2512 polluti
782 2435 912 2495 tori.
997 2436 1196 2496 Verba
1242 2437 1397 2497 enim
1444 2437 1558 2496 ista
1605 2436 1904 2496 continent
1949 2436 2172 2514 justam
2217 2435 2649 2514 proportionem
2691 2456 2770 2494 ex
2813 2435 2948 2514 lege

516 2514 759 2574 talionis
786 2515 940 2575 inter
982 2525 1282 2594 peecatum
1326 2525 1385 2576 et
1424 2536 1692 2594 poenam:
1735 2517 1826 2576 Tu
1865 2516 2118 2575 hominis
2137 2515 2394 2576 ‘innocui
2436 2517 2666 2576 unicam
2705 2535 2948 2577 uxerem

526 2594 795 2669 riolasti3
842 2596 973 2675 Ego
1004 2605 1133 2657 tuas
1160 2597 1375 2659 multas
1401 2597 1707 2658 violandas
1734 2595 1995 2657 tradam:
2038 2598 2130 2656 Tu
2157 2597 2308 2657 clam
2337 2605 2396 2657 et
2430 2596 2864 2659 inscio-Israele
2891 2604 2949 2657 et

520 2675 734 2734 marito
773 2676 887 2737 hoc
928 2675 1275 2739 adulterium
1315 2678 1594 2757 patrasti3
1641 2679 1774 2755 Ego
1817 2678 2029 2757 palam,
2061 2676 2209 2737 eoelo
2237 2686 2297 2737 et
2343 2677 2478 2739 Sole
2507 2678 2948 2739 eoram'lsrsele

524 2756 775 2817 testibus
792 2766 851 2816 te
872 2758 1143 2835 puniam:
1172 2760 1273 2818 Tu
1290 2758 1577 2819 adulterio
1596 2759 1802 2819 laesisti
1821 2758 2152 2836 proximum
2170 2779 2186 2833 ς
2227 2758 2361 2835 Ego
2382 2766 2440 2817 te
2459 2758 2717 2819 incestus
2737 2756 2947 2819 damno

525 2836 780 2914 plectere
808 2838 963 2898 volo.
1048 2838 1228 2899 Nulla
1254 2849 1449 2900 autem
1475 2839 1572 2899 hic
1600 2846 1756 2899 esset
1783 2838 2193 2917 compensatiO,
2225 2839 2277 2898 si
2303 2858 2476 2917 poena
2501 2838 2604 2897 illa
2631 2838 2861 2900 sisteret
2887 2838 2948 2899 in

528 2916 687 2976 nuda
711 2919 1111 2996 permissione.

878 3063 890 3075 ⁸
1132 2998 1210 3057 V.
1258 2998 1544 3073 Secunde,
1568 3018 1645 3057 ex
1669 2998 1838 3057 Rom.
1868 2998 1908 3057 i.
1933 3000 2029 3074 24,
2055 3000 2152 3075 25,
2185 3000 2282 3073 26,
2304 2997 2407 3056 ubi
2437 2998 2599 3057 Deus
2625 2997 2686 3056 in
2714 3017 2946 3075 poenam

526 3062 572 3107 ²·
594 3062 673 3107 Ex
684 3062 851 3164 2¹2⁰&
874 3078 909 3108 ¹·
936 3062 1010 3118 24,
1052 3077 1396 3137 idololatriae
1426 3078 1749 3138 Gentilium
1777 3078 1992 3137 dicitur
2019 3098 2118 3137 eos
2145 3078 2454 3138 tradidisse
2482 3078 2653 3137 foedis
2689 3077 2944 3137 libidini-

745 3154 757 3175 '
1051 3156 1161 3215 bus
1191 3166 1251 3217 et
1278 3158 1339 3216 in
1366 3158 1676 3235 reprobum
1699 3178 1948 3237 sensum,
1979 3155 2065 3217 διὰ
2084 3166 2228 3219 τοῦτο
2248 3156 2521 3240 παρέδωκαν
2547 3158 2724 3223 αὐτοὺς
2753 3160 2776 3216 ὅ
2806 3164 2945 3233 Θεὶς,

530 3237 568 3269 “
589 3234 961 3311 Propterea,”
974 3260 981 3267 ·
994 3255 1213 3314 ‘nempe
1253 3246 1489 3316 propter
1534 3236 1940 3315 idololatriam,
1985 3240 2058 3299 de
2097 3260 2232 3317 qua,
2262 3260 2321 3300 v.
2366 3242 2463 3315 25,
2509 3241 2546 3273 “
2567 3238 2806 3298 tradidit
2847 3258 2948 3298 eos

530 3315 693 3373 Deus
719 3313 890 3373 foedis
918 3315 1040 3374 suis
1068 3316 1387 3394 affectibus,
1404 3316 1512 3377 &Q
1534 3320 1856 3396 &napae-012³»,
1891 3320 2416 3399 compensationem
2445 3319 2653 3379 erroris
2681 3318 2772 3379 sui
2797 3320 2860 3376 in
2887 3338 2950 3378 se

525 3394 929 3473 recipientes.''
990 3395 1163 3457 Unde
1190 3398 1273 3459 ita
1300 3400 1517 3477 colligo
1540 3422 1555 3477 ς
1592 3400 1741 3476 Quae
1755 3400 2162 3463 transmutatio
2183 3419 2325 3459 usus
2345 3400 2624 3459 naturalis
2646 3418 2949 3477 corporum

521 3475 591 3535 in
616 3472 829 3535 foedsm
866 3475 1169 3538 libidinem
1196 3489 1407 3557 praeter
1431 3490 1700 3541 naturam
1727 3490 1817 3541 est
1844 3482 2140 3557 ἑπιρωσθάι,
2172 3484 2336 3554 jusm
2361 3481 2736 3556 compensatio
2763 3490 2948 3539 trans-

526 3556 865 3616 mutationis
892 3556 1270 3619 idololatricae
1298 3562 1499 3639 gloriee
1530 3560 1643 3619 Dei
1681 3561 1744 3618 in
1771 3561 2018 3637 gloriam
2045 3570 2340 3635 creaturae,
2371 3568 2432 3619 et
2457 3560 2718 3621 veritatis
2747 3558 2861 3622 Dei
2887 3560 2949 3619 in

526 3635 908 3713 mendacium,
938 3658 1011 3699 ea
1038 3649 1129 3699 est
1153 3650 1469 3719 peccatum,
1503 3650 1562 3701 et
1580 3640 1757 3701 simul
1783 3660 1956 3718 poena
1982 3641 2224 3718 peccati.
2285 3639 2472 3716 Atqui
2501 3640 2636 3699 talis
2663 3640 2951 3721 iuuenis

526 3726 588 3777 et
610 3716 951 3794 ἇοχᾳωσύνη,
982 3739 1114 3798 quae
1142 3720 1524 3781 foedissimum
1553 3730 1642 3780 est
1668 3729 1988 3799 peccatum,
2017 3719 2230 3781 dicitur
2255 3722 2538 3797 &napae-Oia
2572 3720 2950 3798 praecedentis

530 3798 784 3859 sceleris.
869 3800 1028 3859 Huic
1072 3800 1259 3859 affinis
1301 3810 1391 3861 est
1430 3800 1595 3861 locus
1636 3802 1784 3861 alter
1825 3806 1861 3860 2
1905 3802 2112 3861 Thess.
2157 3800 2217 3859 ii.
2253 3804 2345 3877 11,
2389 3801 2492 3860 ubi
2534 3800 2696 3861 Deus
2741 3801 2952 3864 dicitur

532 3880 569 3913 “
590 3878 899 3938 immisisse
956 3879 1269 3939 efficaciam
1324 3882 1550 3955 erroris,
1600 3890 1669 3941 ut
1717 3882 1956 3941 credant
2003 3880 2324 3959 mendacio,
2379 3889 2441 3940 et
2487 3890 2554 3941 ut
2607 3880 2951 3943 damnentur

530 3978 747 4033 omnes,
792 3959 894 4037 qui
923 3960 1156 4022 veritati
1196 3981 1313 4020 non
1341 3961 1743 4037 -crediderunt,
1787 3962 1926 4039 quia
1967 3982 2222 4021 amorem
2247 3961 2513 4021 veritatis
2554 3982 2670 4021 non
2717 3981 2947 4039 recepe-

530 4046 665 4096 runt
682 4039 739 4113 ;’'
771 4041 929 4116 quod
957 4042 1119 4100 euim·
1142 4042 1305 4101 Deus
1344 4041 1559 4119 infligit
1600 4041 1950 4117 hominibus,
1981 4042 2119 4121 quia
2145 4062 2400 4101 amorem
2427 4042 2692 4105 veritatis
2717 4062 2836 4104 non
2860 4060 2948 4102 re-
3021 4072 3028 4079 ·

530 4129 823 4195 ceperunt,
868 4131 935 4179 ut
980 4122 1327 4182 damnentur
1366 4142 1484 4181 non
1524 4120 1828 4181 credentes
1867 4123 2119 4199 veritati,
2165 4142 2284 4183 non
2327 4130 2521 4200 potest
2566 4142 2685 4181 non
2724 4121 2949 4200 poenale

532 4216 677 4257 esse.
763 4198 885 4257 Nee
912 4200 1029 4258 dici
1056 4210 1255 4278 potest
1277 4201 1419 4263 talia
1443 4210 1685 4279 peccata
1701 4202 1912 4262 -voceri
1936 4223 2176 4281 poenam·
2194 4202 2552 4281 metonymia
2578 4221 2784 4277 causae,
2815 4202 2952 4280 quia

532 4287 669 4337 sunt
708 4277 942 4353 majoris
969 4298 1155 4355 poenae
1184 4280 1569 4357 demeritorie,
1612 4290 1680 4343 ut
1704 4282 1838 4343 vult
1861 4282 2154 4343 Arminius
2169 4308 2195 4358 ;
2237 4284 2389 4359 Quia
2415 4282 2576 4343 aliud
2617 4292 2706 4342 est
2745 4282 2950 4341 mereri

530 4377 745 4417 novam
770 4375 1018 4433 poenam,
1048 4359 1210 4419 aliud
1236 4379 1377 4419 vero
1403 4381 1531 4421 esse
1558 4362 1746 4439 ipsam
1773 4382 2022 4441 posnam,
2054 4374 2113 4424 et
2141 4364 2670 4443 compensationem
2695 4362 2949 4438 sceleris,

532 4436 691 4517 quod
714 4437 811 4497 hic
838 4436 1053 4499 dicitur
1077 4439 1151 4499 de
1179 4440 1496 4501 sceleribus·
1522 4442 1865 4503 Gentilium.

1137 4520 1250 4581 VI.
1294 4520 1507 4597 Terti0,
1542 4522 1637 4581 Ex
1671 4525 1724 4581 1.
1755 4524 1905 4601 Reg.
1935 4523 2084 4583 xxii.
2113 4526 2212 4583 20.
2257 4524 2510 4603 Spiritus
2535 4522 2824 4583 mendacii
2847 4522 2951 4600 qui

1048 4599 1159 4661 fuit
1184 4600 1248 4660 in
1274 4619 1372 4661 ore
1402 4600 2092 4681 Pseudo-prophetarum,
2123 4613 2184 4667 et
2199 4604 2564 4665 mendacium
2585 4604 2680 4664 cui
2707 4603 2955 4666 eredidit

1048 4681 1331 4745 Achabus
1356 4680 1435 4746 ed
1460 4682 1896 4765 suscipiendum
1930 4684 2151 4749 bellum
2191 4684 2490 4766 injustum,
2529 4684 2648 4749 fuit
2673 4682 2951 4765 gravissi·

588 4584 635 4631 3·
648 4582 791 4688 ²2¹1:st
794 4584 936 4693 {Rheg-
