<?xml version="1.0" encoding="UTF-8"?>
<!DOCTYPE html PUBLIC "-//W3C//DTD XHTML 1.0 Transitional//EN"
    "http://www.w3.org/TR/xhtml1/DTD/xhtml1-transitional.dtd">
<html xmlns="http://www.w3.org/1999/xhtml" xml:lang="en" lang="en">
 <head>
  <title>
</title>
<meta http-equiv="Content-Type" content="text/html;charset=utf-8" />
  <meta name='ocr-system' content='tesseract 3.04.00' />
  <meta name='ocr-capabilities' content='ocr_page ocr_carea ocr_par ocr_line ocrx_word'/>
</head>
<body>
  <div class='ocr_page' id='page_1' title='image "./institutiotheol00turrgoog_0251.png"; bbox 0 0 3300 5225; ppageno 0'>
   <div class='ocr_carea' id='block_1_1' title="bbox 364 344 2781 428">
    <p class='ocr_par' dir='ltr' id='par_1_1' title="bbox 364 344 2781 428">
     <span class='ocr_line' id='line_1_1' title="bbox 364 344 2781 428; baseline 0.003 -23"><span class='ocrx_word' id='word_1_1' title='bbox 364 362 589 413; x_wconf 60' lang='lat' dir='ltr'><strong>oumsr.</strong></span> <span class='ocrx_word' id='word_1_2' title='bbox 620 344 756 428; x_wconf 84' lang='lat' dir='ltr'><strong>xv.]</strong></span> <span class='ocrx_word' id='word_1_3' title='bbox 1215 367 1295 407; x_wconf 81' lang='lat' dir='ltr'><strong>m:</strong></span> <span class='ocrx_word' id='word_1_4' title='bbox 1324 368 1443 409; x_wconf 73' lang='lat' dir='ltr'><strong>pao</strong></span> <span class='ocrx_word' id='word_1_5' title='bbox 1472 368 1609 426; x_wconf 64' lang='lat' dir='ltr'><strong>unc,</strong></span> <span class='ocrx_word' id='word_1_6' title='bbox 1640 368 1718 411; x_wconf 78' lang='lat' dir='ltr'><strong>m·</strong></span> <span class='ocrx_word' id='word_1_7' title='bbox 1743 369 1944 411; x_wconf 70' lang='lat' dir='ltr'><strong>ramo,</strong></span> <span class='ocrx_word' id='word_1_8' title='bbox 2663 356 2781 414; x_wconf 73' lang='lat'><strong>199</strong></span> 
     </span>
    </p>
   </div>
   <div class='ocr_carea' id='block_1_2' title="bbox 349 502 2780 1847">
    <p class='ocr_par' dir='ltr' id='par_1_2' title="bbox 354 502 2778 669">
     <span class='ocr_line' id='line_1_2' title="bbox 356 502 2778 589; baseline 0.003 -24"><span class='ocrx_word' id='word_1_9' title='bbox 356 504 475 565; x_wconf 82' lang='lat' dir='ltr'><strong>alia</strong></span> <span class='ocrx_word' id='word_1_10' title='bbox 496 502 693 565; x_wconf 80' lang='lat' dir='ltr'><strong>omnia</strong></span> <span class='ocrx_word' id='word_1_11' title='bbox 718 524 850 581; x_wconf 71' lang='lat' dir='ltr'><strong>quas</strong></span> <span class='ocrx_word' id='word_1_12' title='bbox 877 506 1005 565; x_wconf 87' lang='lat' dir='ltr'><strong>vult</strong></span> <span class='ocrx_word' id='word_1_13' title='bbox 1032 513 1199 567; x_wconf 77' lang='lat' dir='ltr'><strong>extra</strong></span> <span class='ocrx_word' id='word_1_14' title='bbox 1222 526 1323 585; x_wconf 70' lang='grc' dir='ltr'><strong>ως</strong></span> <span class='ocrx_word' id='word_1_15' title='bbox 1364 508 1501 586; x_wconf 82' lang='lat' dir='ltr'><strong>quia</strong></span> <span class='ocrx_word' id='word_1_16' title='bbox 1526 508 1659 569; x_wconf 85' lang='lat' dir='ltr'><strong>vult</strong></span> <span class='ocrx_word' id='word_1_17' title='bbox 1679 509 1797 571; x_wconf 84' lang='lat' dir='ltr'><strong>ista</strong></span> <span class='ocrx_word' id='word_1_18' title='bbox 1819 518 2056 589; x_wconf 80' lang='lat' dir='ltr'><strong>propter</strong></span> <span class='ocrx_word' id='word_1_19' title='bbox 2094 508 2414 572; x_wconf 87' lang='lat' dir='ltr'><strong>bonitatem</strong></span> <span class='ocrx_word' id='word_1_20' title='bbox 2455 530 2621 573; x_wconf 79' lang='lat' dir='ltr'><strong>suam</strong></span> <span class='ocrx_word' id='word_1_21' title='bbox 2657 532 2778 574; x_wconf 90' lang='lat' dir='ltr'><strong>non</strong></span> 
     </span>
     <span class='ocr_line' id='line_1_3' title="bbox 354 584 2690 669; baseline 0.003 -24"><span class='ocrx_word' id='word_1_22' title='bbox 354 584 671 661; x_wconf 76' lang='lat' dir='ltr'><strong>ditandam,</strong></span> <span class='ocrx_word' id='word_1_23' title='bbox 700 584 807 645; x_wconf 88' lang='lat' dir='ltr'><strong>sed</strong></span> <span class='ocrx_word' id='word_1_24' title='bbox 832 584 1253 663; x_wconf 81' lang='lat' dir='ltr'><strong>effimdendam,</strong></span> <span class='ocrx_word' id='word_1_25' title='bbox 1284 596 1455 665; x_wconf 78' lang='lat' dir='ltr'><strong>atque</strong></span> <span class='ocrx_word' id='word_1_26' title='bbox 1482 589 1567 649; x_wconf 87' lang='lat' dir='ltr'><strong>ita</strong></span> <span class='ocrx_word' id='word_1_27' title='bbox 1590 596 1660 649; x_wconf 90' lang='lat' dir='ltr'><strong>ut</strong></span> <span class='ocrx_word' id='word_1_28' title='bbox 1686 590 1810 651; x_wconf 82' lang='lat' dir='ltr'><strong>sine</strong></span> <span class='ocrx_word' id='word_1_29' title='bbox 1840 591 1956 650; x_wconf 88' lang='lat' dir='ltr'><strong>illis</strong></span> <span class='ocrx_word' id='word_1_30' title='bbox 1981 610 2110 652; x_wconf 85' lang='lat' dir='ltr'><strong>esse</strong></span> <span class='ocrx_word' id='word_1_31' title='bbox 2135 592 2338 669; x_wconf 85' lang='lat' dir='ltr'><strong>possit.</strong></span> <span class='ocrx_word' id='word_1_32' title='bbox 2679 660 2690 669; x_wconf 54' lang='lat'><strong>,</strong></span> 
     </span>
    </p>

    <p class='ocr_par' dir='ltr' id='par_1_3' title="bbox 354 664 2780 1384">
     <span class='ocr_line' id='line_1_4' title="bbox 392 664 2780 747; baseline 0.004 -24"><span class='ocrx_word' id='word_1_33' title='bbox 392 714 405 729; x_wconf 84' lang='lat'><strong>.</strong></span> <span class='ocrx_word' id='word_1_34' title='bbox 440 664 525 725; x_wconf 86' lang='lat' dir='ltr'><strong>X.</strong></span> <span class='ocrx_word' id='word_1_35' title='bbox 570 665 705 725; x_wconf 89' lang='lat' dir='ltr'><strong>Non</strong></span> <span class='ocrx_word' id='word_1_36' title='bbox 732 664 935 725; x_wconf 87' lang='lat' dir='ltr'><strong>eadam</strong></span> <span class='ocrx_word' id='word_1_37' title='bbox 960 675 1051 727; x_wconf 88' lang='lat' dir='ltr'><strong>est</strong></span> <span class='ocrx_word' id='word_1_38' title='bbox 1094 668 1241 727; x_wconf 79' lang='lat' dir='ltr'><strong>ratio</strong></span> <span class='ocrx_word' id='word_1_39' title='bbox 1288 668 1618 729; x_wconf 85' lang='lat' dir='ltr'><strong>intellectus</strong></span> <span class='ocrx_word' id='word_1_40' title='bbox 1661 669 1724 729; x_wconf 89' lang='lat' dir='ltr'><strong>in</strong></span> <span class='ocrx_word' id='word_1_41' title='bbox 1769 670 2196 747; x_wconf 84' lang='lat' dir='ltr'><strong>cognoscendo,</strong></span> <span class='ocrx_word' id='word_1_42' title='bbox 2242 680 2303 731; x_wconf 87' lang='lat' dir='ltr'><strong>et</strong></span> <span class='ocrx_word' id='word_1_43' title='bbox 2347 670 2669 732; x_wconf 79' lang='lat' dir='ltr'><strong>voluntatis</strong></span> <span class='ocrx_word' id='word_1_44' title='bbox 2714 673 2780 733; x_wconf 84' lang='lat' dir='ltr'><strong>in</strong></span> 
     </span>
     <span class='ocr_line' id='line_1_5' title="bbox 354 742 2778 829; baseline 0.004 -26"><span class='ocrx_word' id='word_1_45' title='bbox 354 742 625 821; x_wconf 82' lang='lat' dir='ltr'><strong>volendo,</strong></span> <span class='ocrx_word' id='word_1_46' title='bbox 656 745 793 823; x_wconf 80' lang='lat' dir='ltr'><strong>quia</strong></span> <span class='ocrx_word' id='word_1_47' title='bbox 818 746 1147 807; x_wconf 82' lang='lat' dir='ltr'><strong>intellectus</strong></span> <span class='ocrx_word' id='word_1_48' title='bbox 1173 766 1267 807; x_wconf 88' lang='lat' dir='ltr'><strong>res</strong></span> <span class='ocrx_word' id='word_1_49' title='bbox 1293 748 1469 807; x_wconf 82' lang='lat' dir='ltr'><strong>habet</strong></span> <span class='ocrx_word' id='word_1_50' title='bbox 1495 749 1558 807; x_wconf 89' lang='lat' dir='ltr'><strong>in</strong></span> <span class='ocrx_word' id='word_1_51' title='bbox 1584 769 1666 825; x_wconf 84' lang='lat' dir='ltr'><strong>se,</strong></span> <span class='ocrx_word' id='word_1_52' title='bbox 1711 758 1772 809; x_wconf 88' lang='lat' dir='ltr'><strong>et</strong></span> <span class='ocrx_word' id='word_1_53' title='bbox 1813 770 1912 809; x_wconf 85' lang='lat' dir='ltr'><strong>eas</strong></span> <span class='ocrx_word' id='word_1_54' title='bbox 1955 751 2214 811; x_wconf 83' lang='lat' dir='ltr'><strong>intuetur</strong></span> <span class='ocrx_word' id='word_1_55' title='bbox 2255 751 2573 811; x_wconf 82' lang='lat' dir='ltr'><strong>secundum</strong></span> <span class='ocrx_word' id='word_1_56' title='bbox 2617 753 2778 829; x_wconf 83' lang='lat' dir='ltr'><strong>qnod</strong></span> 
     </span>
     <span class='ocr_line' id='line_1_6' title="bbox 356 824 2771 909; baseline 0.003 -25"><span class='ocrx_word' id='word_1_57' title='bbox 356 833 495 885; x_wconf 84' lang='lat' dir='ltr'><strong>sunt</strong></span> <span class='ocrx_word' id='word_1_58' title='bbox 519 824 582 883; x_wconf 88' lang='lat' dir='ltr'><strong>in</strong></span> <span class='ocrx_word' id='word_1_59' title='bbox 606 826 799 902; x_wconf 85' lang='lat' dir='ltr'><strong>seipso</strong></span> <span class='ocrx_word' id='word_1_60' title='bbox 820 846 836 901; x_wconf 89' lang='lat'><strong>;</strong></span> <span class='ocrx_word' id='word_1_61' title='bbox 880 827 1151 887; x_wconf 84' lang='lat' dir='ltr'><strong>voluntas</strong></span> <span class='ocrx_word' id='word_1_62' title='bbox 1177 846 1317 885; x_wconf 81' lang='lat' dir='ltr'><strong>vero</strong></span> <span class='ocrx_word' id='word_1_63' title='bbox 1346 828 1422 886; x_wconf 90' lang='lat' dir='ltr'><strong>ad</strong></span> <span class='ocrx_word' id='word_1_64' title='bbox 1446 828 1579 887; x_wconf 84' lang='lat' dir='ltr'><strong>illas</strong></span> <span class='ocrx_word' id='word_1_65' title='bbox 1604 828 1820 889; x_wconf 85' lang='lat' dir='ltr'><strong>fertur:</strong></span> <span class='ocrx_word' id='word_1_66' title='bbox 1863 829 2018 891; x_wconf 90' lang='lat' dir='ltr'><strong>unde</strong></span> <span class='ocrx_word' id='word_1_67' title='bbox 2045 830 2108 889; x_wconf 86' lang='lat' dir='ltr'><strong>in</strong></span> <span class='ocrx_word' id='word_1_68' title='bbox 2133 830 2517 909; x_wconf 86' lang='lat' dir='ltr'><strong>intelligendo</strong></span> <span class='ocrx_word' id='word_1_69' title='bbox 2543 832 2622 891; x_wconf 86' lang='lat' dir='ltr'><strong>ad</strong></span> <span class='ocrx_word' id='word_1_70' title='bbox 2647 851 2771 891; x_wconf 90' lang='lat' dir='ltr'><strong>mo·</strong></span> 
     </span>
     <span class='ocr_line' id='line_1_7' title="bbox 356 905 2774 987; baseline 0.004 -23"><span class='ocrx_word' id='word_1_71' title='bbox 356 905 497 965; x_wconf 84' lang='lat' dir='ltr'><strong>dum</strong></span> <span class='ocrx_word' id='word_1_72' title='bbox 522 905 851 983; x_wconf 85' lang='lat' dir='ltr'><strong>recipientis</strong></span> <span class='ocrx_word' id='word_1_73' title='bbox 892 906 1332 984; x_wconf 79' lang='lat' dir='ltr'><strong>intelliguntur3</strong></span> <span class='ocrx_word' id='word_1_74' title='bbox 1374 907 1437 967; x_wconf 80' lang='lat' dir='ltr'><strong>in</strong></span> <span class='ocrx_word' id='word_1_75' title='bbox 1476 908 1730 969; x_wconf 80' lang='lat' dir='ltr'><strong>volendo</strong></span> <span class='ocrx_word' id='word_1_76' title='bbox 1772 929 1912 969; x_wconf 87' lang='lat' dir='ltr'><strong>vero</strong></span> <span class='ocrx_word' id='word_1_77' title='bbox 1954 930 2156 987; x_wconf 83' lang='lat' dir='ltr'><strong>secus;</strong></span> <span class='ocrx_word' id='word_1_78' title='bbox 2199 911 2532 971; x_wconf 82' lang='lat' dir='ltr'><strong>intellectus</strong></span> <span class='ocrx_word' id='word_1_79' title='bbox 2571 930 2664 971; x_wconf 87' lang='lat' dir='ltr'><strong>res</strong></span> <span class='ocrx_word' id='word_1_80' title='bbox 2705 919 2774 973; x_wconf 77' lang='lat' dir='ltr'><strong>ut</strong></span> 
     </span>
     <span class='ocr_line' id='line_1_8' title="bbox 354 985 2769 1069; baseline 0.002 -24"><span class='ocrx_word' id='word_1_81' title='bbox 354 985 690 1060; x_wconf 84' lang='lat' dir='ltr'><strong>existentes,</strong></span> <span class='ocrx_word' id='word_1_82' title='bbox 722 986 927 1045; x_wconf 83' lang='lat' dir='ltr'><strong>saltem</strong></span> <span class='ocrx_word' id='word_1_83' title='bbox 954 986 1016 1044; x_wconf 94' lang='lat' dir='ltr'><strong>in</strong></span> <span class='ocrx_word' id='word_1_84' title='bbox 1042 1006 1105 1046; x_wconf 84' lang='lat' dir='ltr'><strong>se</strong></span> <span class='ocrx_word' id='word_1_85' title='bbox 1132 988 1405 1063; x_wconf 86' lang='lat' dir='ltr'><strong>intuetur,</strong></span> <span class='ocrx_word' id='word_1_86' title='bbox 1434 988 1681 1065; x_wconf 86' lang='lat' dir='ltr'><strong>ideoque</strong></span> <span class='ocrx_word' id='word_1_87' title='bbox 1709 1008 1808 1049; x_wconf 90' lang='lat' dir='ltr'><strong>eas</strong></span> <span class='ocrx_word' id='word_1_88' title='bbox 1847 1009 1966 1049; x_wconf 90' lang='lat' dir='ltr'><strong>non</strong></span> <span class='ocrx_word' id='word_1_89' title='bbox 2011 998 2206 1067; x_wconf 85' lang='lat' dir='ltr'><strong>potest</strong></span> <span class='ocrx_word' id='word_1_90' title='bbox 2245 1010 2366 1050; x_wconf 89' lang='lat' dir='ltr'><strong>non</strong></span> <span class='ocrx_word' id='word_1_91' title='bbox 2409 991 2769 1069; x_wconf 80' lang='lat' dir='ltr'><strong>intelligere3</strong></span> 
     </span>
     <span class='ocr_line' id='line_1_9' title="bbox 356 1064 2771 1148; baseline 0.002 -23"><span class='ocrx_word' id='word_1_92' title='bbox 356 1064 463 1125; x_wconf 85' lang='lat' dir='ltr'><strong>sed</strong></span> <span class='ocrx_word' id='word_1_93' title='bbox 487 1065 759 1125; x_wconf 84' lang='lat' dir='ltr'><strong>voluntas</strong></span> <span class='ocrx_word' id='word_1_94' title='bbox 784 1086 885 1125; x_wconf 82' lang='lat' dir='ltr'><strong>eas</strong></span> <span class='ocrx_word' id='word_1_95' title='bbox 910 1064 1067 1141; x_wconf 86' lang='lat' dir='ltr'><strong>facit,</strong></span> <span class='ocrx_word' id='word_1_96' title='bbox 1098 1075 1401 1144; x_wconf 83' lang='lat' dir='ltr'><strong>propterea</strong></span> <span class='ocrx_word' id='word_1_97' title='bbox 1424 1068 1605 1127; x_wconf 89' lang='lat' dir='ltr'><strong>libere</strong></span> <span class='ocrx_word' id='word_1_98' title='bbox 1634 1066 1787 1127; x_wconf 85' lang='lat' dir='ltr'><strong>circs</strong></span> <span class='ocrx_word' id='word_1_99' title='bbox 1831 1070 1964 1129; x_wconf 80' lang='lat' dir='ltr'><strong>illas</strong></span> <span class='ocrx_word' id='word_1_100' title='bbox 2011 1079 2314 1130; x_wconf 82' lang='lat' dir='ltr'><strong>versatur:</strong></span> <span class='ocrx_word' id='word_1_101' title='bbox 2359 1070 2444 1131; x_wconf 90' lang='lat' dir='ltr'><strong>Ut</strong></span> <span class='ocrx_word' id='word_1_102' title='bbox 2491 1090 2632 1148; x_wconf 78' lang='lat' dir='ltr'><strong>ergo</strong></span> <span class='ocrx_word' id='word_1_103' title='bbox 2673 1090 2771 1131; x_wconf 85' lang='lat' dir='ltr'><strong>res</strong></span> 
     </span>
     <span class='ocr_line' id='line_1_10' title="bbox 354 1146 2770 1228; baseline 0.003 -25"><span class='ocrx_word' id='word_1_104' title='bbox 354 1163 556 1203; x_wconf 88' lang='lat' dir='ltr'><strong>omnes</strong></span> <span class='ocrx_word' id='word_1_105' title='bbox 582 1152 754 1223; x_wconf 88' lang='lat' dir='ltr'><strong>prout</strong></span> <span class='ocrx_word' id='word_1_106' title='bbox 780 1155 916 1205; x_wconf 81' lang='lat' dir='ltr'><strong>sunt</strong></span> <span class='ocrx_word' id='word_1_107' title='bbox 951 1146 1013 1203; x_wconf 91' lang='lat' dir='ltr'><strong>in</strong></span> <span class='ocrx_word' id='word_1_108' title='bbox 1042 1147 1187 1222; x_wconf 83' lang='lat' dir='ltr'><strong>Dec,</strong></span> <span class='ocrx_word' id='word_1_109' title='bbox 1230 1147 1631 1207; x_wconf 88' lang='lat' dir='ltr'><strong>necessitatem</strong></span> <span class='ocrx_word' id='word_1_110' title='bbox 1673 1148 1964 1225; x_wconf 81' lang='lat' dir='ltr'><strong>quandam</strong></span> <span class='ocrx_word' id='word_1_111' title='bbox 2003 1150 2238 1226; x_wconf 88' lang='lat' dir='ltr'><strong>habent,</strong></span> <span class='ocrx_word' id='word_1_112' title='bbox 2280 1150 2344 1207; x_wconf 91' lang='lat' dir='ltr'><strong>in</strong></span> <span class='ocrx_word' id='word_1_113' title='bbox 2383 1150 2588 1228; x_wconf 85' lang='lat' dir='ltr'><strong>seipsis</strong></span> <span class='ocrx_word' id='word_1_114' title='bbox 2627 1170 2770 1211; x_wconf 83' lang='lat' dir='ltr'><strong>vero</strong></span> 
     </span>
     <span class='ocr_line' id='line_1_11' title="bbox 356 1225 2769 1305; baseline 0.002 -20"><span class='ocrx_word' id='word_1_115' title='bbox 356 1225 844 1303; x_wconf 83' lang='lat' dir='ltr'><strong>contingentiam;</strong></span> <span class='ocrx_word' id='word_1_116' title='bbox 888 1225 1051 1301; x_wconf 89' lang='lat' dir='ltr'><strong>Ide0,</strong></span> <span class='ocrx_word' id='word_1_117' title='bbox 1081 1246 1439 1304; x_wconf 73' lang='lat' dir='ltr'><strong>quaecunque</strong></span> <span class='ocrx_word' id='word_1_118' title='bbox 1466 1227 1577 1287; x_wconf 88' lang='lat' dir='ltr'><strong>scit</strong></span> <span class='ocrx_word' id='word_1_119' title='bbox 1606 1228 1786 1303; x_wconf 87' lang='lat' dir='ltr'><strong>Deus,</strong></span> <span class='ocrx_word' id='word_1_120' title='bbox 1817 1248 1894 1289; x_wconf 81' lang='lat' dir='ltr'><strong>ex</strong></span> <span class='ocrx_word' id='word_1_121' title='bbox 1918 1229 2264 1289; x_wconf 63' lang='lat' dir='ltr'><strong>necessitate</strong></span> <span class='ocrx_word' id='word_1_122' title='bbox 2289 1229 2438 1305; x_wconf 79' lang='lat' dir='ltr'><strong>scit3</strong></span> <span class='ocrx_word' id='word_1_123' title='bbox 2481 1250 2600 1288; x_wconf 86' lang='lat' dir='ltr'><strong>non</strong></span> <span class='ocrx_word' id='word_1_124' title='bbox 2628 1249 2769 1289; x_wconf 81' lang='lat' dir='ltr'><strong>vero</strong></span> 
     </span>
     <span class='ocr_line' id='line_1_12' title="bbox 354 1305 1756 1384; baseline 0.003 -21"><span class='ocrx_word' id='word_1_125' title='bbox 354 1305 570 1383; x_wconf 87' lang='lat' dir='ltr'><strong>pariter</strong></span> <span class='ocrx_word' id='word_1_126' title='bbox 595 1325 953 1384; x_wconf 63' lang='lat' dir='ltr'><strong>quaecunque</strong></span> <span class='ocrx_word' id='word_1_127' title='bbox 980 1306 1111 1365; x_wconf 87' lang='lat' dir='ltr'><strong>vult</strong></span> <span class='ocrx_word' id='word_1_128' title='bbox 1136 1326 1213 1365; x_wconf 87' lang='lat' dir='ltr'><strong>ex</strong></span> <span class='ocrx_word' id='word_1_129' title='bbox 1240 1306 1583 1367; x_wconf 74' lang='lat' dir='ltr'><strong>necessitate</strong></span> <span class='ocrx_word' id='word_1_130' title='bbox 1610 1307 1756 1367; x_wconf 85' lang='lat' dir='ltr'><strong>vult.</strong></span> 
     </span>
    </p>

    <p class='ocr_par' dir='ltr' id='par_1_4' title="bbox 354 1383 2766 1626">
     <span class='ocr_line' id='line_1_13' title="bbox 438 1383 2766 1463; baseline 0.003 -21"><span class='ocrx_word' id='word_1_131' title='bbox 438 1383 559 1444; x_wconf 92' lang='lat' dir='ltr'><strong>XI.</strong></span> <span class='ocrx_word' id='word_1_132' title='bbox 603 1385 769 1446; x_wconf 80' lang='lat' dir='ltr'><strong>Licet</strong></span> <span class='ocrx_word' id='word_1_133' title='bbox 796 1385 983 1445; x_wconf 84' lang='lat' dir='ltr'><strong>omnis</strong></span> <span class='ocrx_word' id='word_1_134' title='bbox 1008 1385 1214 1446; x_wconf 84' lang='lat' dir='ltr'><strong>volitio</strong></span> <span class='ocrx_word' id='word_1_135' title='bbox 1244 1385 1357 1445; x_wconf 90' lang='lat' dir='ltr'><strong>Dei</strong></span> <span class='ocrx_word' id='word_1_136' title='bbox 1386 1386 1462 1447; x_wconf 85' lang='lat' dir='ltr'><strong>sit</strong></span> <span class='ocrx_word' id='word_1_137' title='bbox 1489 1394 1720 1463; x_wconf 74' lang='lat' dir='ltr'><strong>aeterna,</strong></span> <span class='ocrx_word' id='word_1_138' title='bbox 1771 1406 1888 1447; x_wconf 88' lang='lat' dir='ltr'><strong>non</strong></span> <span class='ocrx_word' id='word_1_139' title='bbox 1931 1395 2128 1447; x_wconf 81' lang='lat' dir='ltr'><strong>tamen</strong></span> <span class='ocrx_word' id='word_1_140' title='bbox 2174 1387 2350 1449; x_wconf 86' lang='lat' dir='ltr'><strong>debet</strong></span> <span class='ocrx_word' id='word_1_141' title='bbox 2389 1407 2520 1447; x_wconf 84' lang='lat' dir='ltr'><strong>esse</strong></span> <span class='ocrx_word' id='word_1_142' title='bbox 2569 1388 2766 1449; x_wconf 84' lang='lat' dir='ltr'><strong>statim</strong></span> 
     </span>
     <span class='ocr_line' id='line_1_14' title="bbox 354 1463 2765 1547; baseline 0.001 -22"><span class='ocrx_word' id='word_1_143' title='bbox 354 1463 617 1525; x_wconf 85' lang='lat' dir='ltr'><strong>absolute</strong></span> <span class='ocrx_word' id='word_1_144' title='bbox 644 1466 1000 1541; x_wconf 78' lang='lat' dir='ltr'><strong>neeessaria3</strong></span> <span class='ocrx_word' id='word_1_145' title='bbox 1042 1486 1177 1525; x_wconf 86' lang='lat' dir='ltr'><strong>nam</strong></span> <span class='ocrx_word' id='word_1_146' title='bbox 1202 1464 1365 1543; x_wconf 89' lang='lat' dir='ltr'><strong>quod</strong></span> <span class='ocrx_word' id='word_1_147' title='bbox 1389 1474 1479 1525; x_wconf 86' lang='lat' dir='ltr'><strong>est</strong></span> <span class='ocrx_word' id='word_1_148' title='bbox 1505 1467 1890 1529; x_wconf 85' lang='lat' dir='ltr'><strong>necessarium</strong></span> <span class='ocrx_word' id='word_1_149' title='bbox 1932 1468 2286 1545; x_wconf 57' lang='lat' dir='ltr'><strong>originaliter</strong></span> <span class='ocrx_word' id='word_1_150' title='bbox 2324 1487 2362 1529; x_wconf 88' lang='lat' dir='ltr'><strong>a</strong></span> <span class='ocrx_word' id='word_1_151' title='bbox 2401 1476 2566 1545; x_wconf 86' lang='lat' dir='ltr'><strong>parte</strong></span> <span class='ocrx_word' id='word_1_152' title='bbox 2608 1468 2765 1547; x_wconf 88' lang='lat' dir='ltr'><strong>prin·</strong></span> 
     </span>
     <span class='ocr_line' id='line_1_15' title="bbox 354 1544 2156 1626; baseline 0.002 -21"><span class='ocrx_word' id='word_1_153' title='bbox 354 1544 508 1623; x_wconf 87' lang='lat' dir='ltr'><strong>cipii,</strong></span> <span class='ocrx_word' id='word_1_154' title='bbox 538 1553 732 1623; x_wconf 82' lang='lat' dir='ltr'><strong>potest</strong></span> <span class='ocrx_word' id='word_1_155' title='bbox 758 1564 885 1605; x_wconf 84' lang='lat' dir='ltr'><strong>esse</strong></span> <span class='ocrx_word' id='word_1_156' title='bbox 910 1546 1161 1607; x_wconf 80' lang='lat' dir='ltr'><strong>liberum</strong></span> <span class='ocrx_word' id='word_1_157' title='bbox 1188 1547 1553 1623; x_wconf 73' lang='lat' dir='ltr'><strong>temninative,</strong></span> <span class='ocrx_word' id='word_1_158' title='bbox 1584 1556 1645 1607; x_wconf 90' lang='lat' dir='ltr'><strong>et</strong></span> <span class='ocrx_word' id='word_1_159' title='bbox 1670 1568 1707 1607; x_wconf 85' lang='lat' dir='ltr'><strong>a</strong></span> <span class='ocrx_word' id='word_1_160' title='bbox 1733 1556 1896 1624; x_wconf 87' lang='lat' dir='ltr'><strong>parte</strong></span> <span class='ocrx_word' id='word_1_161' title='bbox 1923 1548 2156 1626; x_wconf 85' lang='lat' dir='ltr'><strong>objecti.</strong></span> 
     </span>
    </p>

    <p class='ocr_par' dir='ltr' id='par_1_5' title="bbox 349 1623 2766 1843">
     <span class='ocr_line' id='line_1_16' title="bbox 434 1623 2766 1705; baseline 0.002 -23"><span class='ocrx_word' id='word_1_162' title='bbox 434 1623 590 1686; x_wconf 88' lang='lat' dir='ltr'><strong>XII.</strong></span> <span class='ocrx_word' id='word_1_163' title='bbox 636 1626 771 1685; x_wconf 88' lang='lat' dir='ltr'><strong>Huc</strong></span> <span class='ocrx_word' id='word_1_164' title='bbox 798 1627 1111 1704; x_wconf 76' lang='lat' dir='ltr'><strong>pertineret</strong></span> <span class='ocrx_word' id='word_1_165' title='bbox 1135 1628 1379 1705; x_wconf 75' lang='lat' dir='ltr'><strong>quaestio</strong></span> <span class='ocrx_word' id='word_1_166' title='bbox 1406 1627 1479 1687; x_wconf 88' lang='lat' dir='ltr'><strong>de</strong></span> <span class='ocrx_word' id='word_1_167' title='bbox 1518 1628 1812 1687; x_wconf 75' lang='lat' dir='ltr'><strong>Voluntate</strong></span> <span class='ocrx_word' id='word_1_168' title='bbox 1831 1628 1952 1687; x_wconf 77' lang='lat' dir='ltr'><strong>Dei</strong></span> <span class='ocrx_word' id='word_1_169' title='bbox 1971 1627 2124 1687; x_wconf 87' lang='lat' dir='ltr'><strong>circa</strong></span> <span class='ocrx_word' id='word_1_170' title='bbox 2142 1636 2454 1704; x_wconf 77' lang='lat' dir='ltr'><strong>peccatum,</strong></span> <span class='ocrx_word' id='word_1_171' title='bbox 2476 1627 2766 1705; x_wconf 89' lang='lat' dir='ltr'><strong>quomodo</strong></span> 
     </span>
     <span class='ocr_line' id='line_1_17' title="bbox 349 1704 2766 1843; baseline 0.002 -80"><span class='ocrx_word' id='word_1_172' title='bbox 349 1705 537 1843; x_wconf 48' lang='lat' dir='ltr'><strong>{oepit</strong></span> <span class='ocrx_word' id='word_1_173' title='bbox 563 1704 679 1765; x_wconf 90' lang='lat' dir='ltr'><strong>dici</strong></span> <span class='ocrx_word' id='word_1_174' title='bbox 709 1706 871 1767; x_wconf 87' lang='lat' dir='ltr'><strong>Deus</strong></span> <span class='ocrx_word' id='word_1_175' title='bbox 887 1706 1039 1767; x_wconf 76' lang='lat' dir='ltr'><strong>velle</strong></span> <span class='ocrx_word' id='word_1_176' title='bbox 1064 1716 1393 1785; x_wconf 82' lang='lat' dir='ltr'><strong>peccatum;</strong></span> <span class='ocrx_word' id='word_1_177' title='bbox 1422 1706 1526 1768; x_wconf 86' lang='lat' dir='ltr'><strong>sed</strong></span> <span class='ocrx_word' id='word_1_178' title='bbox 1549 1707 1907 1769; x_wconf 74' lang='lat' dir='ltr'>commodius</span> <span class='ocrx_word' id='word_1_179' title='bbox 1933 1707 2274 1768; x_wconf 71' lang='lat' dir='ltr'><strong>tractabitur</strong></span> <span class='ocrx_word' id='word_1_180' title='bbox 2296 1715 2500 1787; x_wconf 86' lang='lat' dir='ltr'><strong>postea</strong></span> <span class='ocrx_word' id='word_1_181' title='bbox 2517 1707 2579 1767; x_wconf 91' lang='lat' dir='ltr'><strong>in</strong></span> <span class='ocrx_word' id='word_1_182' title='bbox 2607 1708 2766 1767; x_wconf 89' lang='lat' dir='ltr'><strong>Loco</strong></span> 
     </span>
    </p>

    <p class='ocr_par' dir='ltr' id='par_1_6' title="bbox 389 1786 835 1847">
     <span class='ocr_line' id='line_1_18' title="bbox 389 1786 835 1847; baseline 0.007 -2"><span class='ocrx_word' id='word_1_183' title='bbox 389 1804 424 1845; x_wconf 89' lang='lat' dir='ltr'><strong>e</strong></span> <span class='ocrx_word' id='word_1_184' title='bbox 502 1786 835 1847; x_wconf 70' lang='lat' dir='ltr'><strong>recidentia.</strong></span> 
     </span>
    </p>
   </div>
   <div class='ocr_carea' id='block_1_3' title="bbox 1274 2024 1850 2100">
    <p class='ocr_par' dir='ltr' id='par_1_7' title="bbox 1274 2024 1850 2100">
     <span class='ocr_line' id='line_1_19' title="bbox 1274 2024 1850 2100; baseline -0.002 -14"><span class='ocrx_word' id='word_1_185' title='bbox 1274 2024 1663 2100; x_wconf 77' lang='lat' dir='ltr'><strong>QUAESTIO</strong></span> <span class='ocrx_word' id='word_1_186' title='bbox 1704 2025 1850 2085; x_wconf 82' lang='lat' dir='ltr'><strong>xv.</strong></span> 
     </span>
    </p>
   </div>
   <div class='ocr_carea' id='block_1_4' title="bbox 366 2182 2742 2343">
    <p class='ocr_par' dir='ltr' id='par_1_8' title="bbox 366 2182 2742 2343">
     <span class='ocr_line' id='line_1_20' title="bbox 366 2182 2742 2262; baseline -0 -18"><span class='ocrx_word' id='word_1_187' title='bbox 366 2183 465 2244; x_wconf 80' lang='lat' dir='ltr'><strong>An</strong></span> <span class='ocrx_word' id='word_1_188' title='bbox 491 2185 623 2244; x_wconf 81' lang='lat' dir='ltr'><strong>benc</strong></span> <span class='ocrx_word' id='word_1_189' title='bbox 650 2184 1030 2260; x_wconf 46' lang='lat' dir='ltr'><strong>distin-quattu·</strong></span> <span class='ocrx_word' id='word_1_190' title='bbox 1064 2184 1333 2243; x_wconf 70' lang='lat' dir='ltr'><strong>Voluntas</strong></span> <span class='ocrx_word' id='word_1_191' title='bbox 1359 2182 1419 2243; x_wconf 76' lang='lat' dir='ltr'><strong>in</strong></span> <span class='ocrx_word' id='word_1_192' title='bbox 1455 2184 1808 2243; x_wconf 73' lang='lat' dir='ltr'><strong>Voluntatem</strong></span> <span class='ocrx_word' id='word_1_193' title='bbox 1832 2184 2080 2259; x_wconf 68' lang='lat' dir='ltr'><strong>Deci-eti,</strong></span> <span class='ocrx_word' id='word_1_194' title='bbox 2111 2192 2164 2243; x_wconf 76' lang='lat' dir='ltr'><strong>et</strong></span> <span class='ocrx_word' id='word_1_195' title='bbox 2203 2184 2497 2262; x_wconf 65' lang='lat' dir='ltr'><strong>Proecepti,</strong></span> <span class='ocrx_word' id='word_1_196' title='bbox 2527 2182 2742 2249; x_wconf 69' lang='grc' dir='ltr'><strong>ιὺδωιίις</strong></span> 
     </span>
     <span class='ocr_line' id='line_1_21' title="bbox 511 2262 2594 2343; baseline 0 -20"><span class='ocrx_word' id='word_1_197' title='bbox 511 2272 565 2323; x_wconf 84' lang='lat' dir='ltr'><strong>et</strong></span> <span class='ocrx_word' id='word_1_198' title='bbox 590 2266 889 2343; x_wconf 61' lang='lat' dir='ltr'><strong>niagno-nius,</strong></span> <span class='ocrx_word' id='word_1_199' title='bbox 916 2262 1272 2340; x_wconf 71' lang='lat' dir='ltr'><strong>Bmcplaciti</strong></span> <span class='ocrx_word' id='word_1_200' title='bbox 1294 2272 1346 2322; x_wconf 77' lang='lat' dir='ltr'><strong>et</strong></span> <span class='ocrx_word' id='word_1_201' title='bbox 1370 2263 1549 2341; x_wconf 63' lang='lat' dir='ltr'><strong>Signi,</strong></span> <span class='ocrx_word' id='word_1_202' title='bbox 1578 2265 1876 2323; x_wconf 75' lang='lat' dir='ltr'><strong><em>Arcanum</em></strong></span> <span class='ocrx_word' id='word_1_203' title='bbox 1901 2273 1955 2323; x_wconf 83' lang='lat' dir='ltr'><strong>ct</strong></span> <span class='ocrx_word' id='word_1_204' title='bbox 1978 2266 2310 2325; x_wconf 73' lang='lat' dir='ltr'><strong>Beoclatam</strong></span> <span class='ocrx_word' id='word_1_205' title='bbox 2329 2266 2360 2323; x_wconf 70' lang='lat'><strong>,2</strong></span> <span class='ocrx_word' id='word_1_206' title='bbox 2428 2263 2594 2323; x_wconf 87' lang='lat' dir='ltr'><strong>Affir.</strong></span> 
     </span>
    </p>
   </div>
   <div class='ocr_carea' id='block_1_5' title="bbox 276 2420 2764 4733">
    <p class='ocr_par' dir='ltr' id='par_1_9' title="bbox 276 2420 2764 2821">
     <span class='ocr_line' id='line_1_22' title="bbox 434 2420 2762 2499; baseline -0.001 -17"><span class='ocrx_word' id='word_1_207' title='bbox 434 2421 486 2482; x_wconf 90' lang='lat'><strong>1.</strong></span> <span class='ocrx_word' id='word_1_208' title='bbox 530 2421 811 2497; x_wconf 85' lang='lat' dir='ltr'><strong>Quamvis</strong></span> <span class='ocrx_word' id='word_1_209' title='bbox 839 2423 1011 2483; x_wconf 86' lang='lat' dir='ltr'><strong>unica</strong></span> <span class='ocrx_word' id='word_1_210' title='bbox 1036 2420 1115 2482; x_wconf 88' lang='lat' dir='ltr'><strong>sit</strong></span> <span class='ocrx_word' id='word_1_211' title='bbox 1140 2429 1201 2481; x_wconf 91' lang='lat' dir='ltr'><strong>et</strong></span> <span class='ocrx_word' id='word_1_212' title='bbox 1228 2421 1658 2499; x_wconf 84' lang='lat' dir='ltr'><strong>simplicissima</strong></span> <span class='ocrx_word' id='word_1_213' title='bbox 1683 2422 1976 2482; x_wconf 74' lang='lat' dir='ltr'><strong>Voluntas</strong></span> <span class='ocrx_word' id='word_1_214' title='bbox 2001 2421 2064 2481; x_wconf 90' lang='lat' dir='ltr'><strong>in</strong></span> <span class='ocrx_word' id='word_1_215' title='bbox 2094 2422 2239 2497; x_wconf 87' lang='lat' dir='ltr'><strong>Deo,</strong></span> <span class='ocrx_word' id='word_1_216' title='bbox 2275 2440 2380 2498; x_wconf 89' lang='lat' dir='ltr'><strong>per</strong></span> <span class='ocrx_word' id='word_1_217' title='bbox 2416 2441 2591 2498; x_wconf 86' lang='lat' dir='ltr'><strong>quam</strong></span> <span class='ocrx_word' id='word_1_218' title='bbox 2639 2441 2762 2480; x_wconf 90' lang='lat' dir='ltr'><strong>om-</strong></span> 
     </span>
     <span class='ocr_line' id='line_1_23' title="bbox 349 2501 2762 2581; baseline 0 -20"><span class='ocrx_word' id='word_1_219' title='bbox 349 2501 449 2561; x_wconf 89' lang='lat' dir='ltr'><strong>nia</strong></span> <span class='ocrx_word' id='word_1_220' title='bbox 474 2502 647 2561; x_wconf 88' lang='lat' dir='ltr'><strong>unico</strong></span> <span class='ocrx_word' id='word_1_221' title='bbox 676 2512 735 2563; x_wconf 90' lang='lat' dir='ltr'><strong>et</strong></span> <span class='ocrx_word' id='word_1_222' title='bbox 762 2502 1187 2581; x_wconf 84' lang='lat' dir='ltr'><strong>simplicissimo</strong></span> <span class='ocrx_word' id='word_1_223' title='bbox 1214 2510 1349 2562; x_wconf 88' lang='lat' dir='ltr'><strong>actu</strong></span> <span class='ocrx_word' id='word_1_224' title='bbox 1375 2502 1827 2579; x_wconf 83' lang='lat' dir='ltr'><strong>comprehendit,</strong></span> <span class='ocrx_word' id='word_1_225' title='bbox 1855 2511 1922 2561; x_wconf 92' lang='lat' dir='ltr'><strong>ut</strong></span> <span class='ocrx_word' id='word_1_226' title='bbox 1949 2501 2120 2561; x_wconf 91' lang='lat' dir='ltr'><strong>unico</strong></span> <span class='ocrx_word' id='word_1_227' title='bbox 2142 2501 2358 2561; x_wconf 89' lang='lat' dir='ltr'><strong>intuitu</strong></span> <span class='ocrx_word' id='word_1_228' title='bbox 2377 2501 2572 2561; x_wconf 87' lang='lat' dir='ltr'><strong>omnia</strong></span> <span class='ocrx_word' id='word_1_229' title='bbox 2599 2502 2762 2561; x_wconf 86' lang='lat' dir='ltr'><strong>videt</strong></span> 
     </span>
     <span class='ocr_line' id='line_1_24' title="bbox 276 2580 2764 2663; baseline 0 -21"><span class='ocrx_word' id='word_1_230' title='bbox 276 2619 281 2622; x_wconf 96' lang='lat'>-</span> <span class='ocrx_word' id='word_1_231' title='bbox 348 2590 409 2642; x_wconf 89' lang='lat' dir='ltr'><strong>et</strong></span> <span class='ocrx_word' id='word_1_232' title='bbox 433 2581 744 2662; x_wconf 86' lang='lat' dir='ltr'><strong>intelligit:</strong></span> <span class='ocrx_word' id='word_1_233' title='bbox 773 2584 911 2663; x_wconf 80' lang='lat' dir='ltr'><strong>quia</strong></span> <span class='ocrx_word' id='word_1_234' title='bbox 935 2590 1130 2643; x_wconf 83' lang='lat' dir='ltr'><strong>tamen</strong></span> <span class='ocrx_word' id='word_1_235' title='bbox 1157 2582 1311 2642; x_wconf 87' lang='lat' dir='ltr'><strong>circa</strong></span> <span class='ocrx_word' id='word_1_236' title='bbox 1336 2582 1499 2642; x_wconf 83' lang='lat' dir='ltr'><strong>varia</strong></span> <span class='ocrx_word' id='word_1_237' title='bbox 1516 2583 1750 2662; x_wconf 85' lang='lat' dir='ltr'><strong>objecta</strong></span> <span class='ocrx_word' id='word_1_238' title='bbox 1775 2580 2161 2642; x_wconf 87' lang='lat' dir='ltr'><strong>diversimode</strong></span> <span class='ocrx_word' id='word_1_239' title='bbox 2189 2590 2490 2658; x_wconf 58' lang='lat' dir='ltr'><strong>versatum</strong></span> <span class='ocrx_word' id='word_1_240' title='bbox 2520 2580 2656 2642; x_wconf 88' lang='lat' dir='ltr'><strong>hinc</strong></span> <span class='ocrx_word' id='word_1_241' title='bbox 2694 2581 2764 2643; x_wconf 83' lang='lat' dir='ltr'><strong>fit</strong></span> 
     </span>
     <span class='ocr_line' id='line_1_25' title="bbox 348 2660 2758 2742; baseline -0.001 -20"><span class='ocrx_word' id='word_1_242' title='bbox 348 2671 415 2722; x_wconf 89' lang='lat' dir='ltr'><strong>ut</strong></span> <span class='ocrx_word' id='word_1_243' title='bbox 433 2664 607 2724; x_wconf 87' lang='lat' dir='ltr'><strong>modo</strong></span> <span class='ocrx_word' id='word_1_244' title='bbox 623 2671 822 2724; x_wconf 91' lang='lat' dir='ltr'><strong>nostro</strong></span> <span class='ocrx_word' id='word_1_245' title='bbox 840 2662 1216 2741; x_wconf 87' lang='lat' dir='ltr'><strong>concipiendi,</strong></span> <span class='ocrx_word' id='word_1_246' title='bbox 1239 2671 1307 2722; x_wconf 87' lang='lat' dir='ltr'><strong>ut</strong></span> <span class='ocrx_word' id='word_1_247' title='bbox 1322 2663 1627 2742; x_wconf 76' lang='lat' dir='ltr'><strong>multiplex</strong></span> <span class='ocrx_word' id='word_1_248' title='bbox 1643 2662 2121 2742; x_wconf 70' lang='lat' dir='ltr'><strong>apprehendatur,</strong></span> <span class='ocrx_word' id='word_1_249' title='bbox 2151 2681 2270 2723; x_wconf 88' lang='lat' dir='ltr'><strong>non</strong></span> <span class='ocrx_word' id='word_1_250' title='bbox 2297 2661 2358 2720; x_wconf 89' lang='lat' dir='ltr'><strong>in</strong></span> <span class='ocrx_word' id='word_1_251' title='bbox 2385 2681 2450 2723; x_wconf 85' lang='lat' dir='ltr'><strong>se</strong></span> <span class='ocrx_word' id='word_1_252' title='bbox 2475 2670 2535 2720; x_wconf 86' lang='lat' dir='ltr'><strong>et</strong></span> <span class='ocrx_word' id='word_1_253' title='bbox 2555 2660 2758 2721; x_wconf 87' lang='lat' dir='ltr'><strong>intrin-</strong></span> 
     </span>
     <span class='ocr_line' id='line_1_26' title="bbox 350 2741 2758 2821; baseline 0 -19"><span class='ocrx_word' id='word_1_254' title='bbox 350 2761 480 2802; x_wconf 88' lang='lat' dir='ltr'><strong>sece</strong></span> <span class='ocrx_word' id='word_1_255' title='bbox 508 2763 544 2802; x_wconf 89' lang='lat' dir='ltr'><strong>a</strong></span> <span class='ocrx_word' id='word_1_256' title='bbox 568 2752 731 2821; x_wconf 90' lang='lat' dir='ltr'><strong>parte</strong></span> <span class='ocrx_word' id='word_1_257' title='bbox 758 2752 921 2803; x_wconf 87' lang='lat' dir='ltr'><strong>actus</strong></span> <span class='ocrx_word' id='word_1_258' title='bbox 949 2741 1201 2816; x_wconf 83' lang='lat' dir='ltr'><strong>volendi,</strong></span> <span class='ocrx_word' id='word_1_259' title='bbox 1232 2743 1337 2802; x_wconf 86' lang='lat' dir='ltr'><strong>sed</strong></span> <span class='ocrx_word' id='word_1_260' title='bbox 1362 2743 1686 2803; x_wconf 83' lang='lat' dir='ltr'><strong>extrinsece</strong></span> <span class='ocrx_word' id='word_1_261' title='bbox 1715 2752 1774 2802; x_wconf 87' lang='lat' dir='ltr'><strong>et</strong></span> <span class='ocrx_word' id='word_1_262' title='bbox 1801 2744 1896 2820; x_wconf 92' lang='lat' dir='ltr'><strong>obj</strong></span> <span class='ocrx_word' id='word_1_263' title='bbox 1902 2742 2088 2802; x_wconf 86' lang='lat' dir='ltr'><strong>ective</strong></span> <span class='ocrx_word' id='word_1_264' title='bbox 2137 2762 2173 2800; x_wconf 86' lang='lat' dir='ltr'><strong>a</strong></span> <span class='ocrx_word' id='word_1_265' title='bbox 2217 2750 2379 2820; x_wconf 84' lang='lat' dir='ltr'><strong>parte</strong></span> <span class='ocrx_word' id='word_1_266' title='bbox 2427 2741 2758 2804; x_wconf 81' lang='lat' dir='ltr'><strong>volitomm.</strong></span> 
     </span>
    </p>

    <p class='ocr_par' dir='ltr' id='par_1_10' title="bbox 346 2821 2760 3458">
     <span class='ocr_line' id='line_1_27' title="bbox 431 2821 2758 2900; baseline -0.001 -18"><span class='ocrx_word' id='word_1_267' title='bbox 431 2822 517 2883; x_wconf 92' lang='grc' dir='ltr'><strong>ΙΙ.</strong></span> <span class='ocrx_word' id='word_1_268' title='bbox 562 2823 721 2882; x_wconf 89' lang='lat' dir='ltr'><strong>Hinc</strong></span> <span class='ocrx_word' id='word_1_269' title='bbox 749 2832 889 2884; x_wconf 79' lang='lat' dir='ltr'><strong>ortae</strong></span> <span class='ocrx_word' id='word_1_270' title='bbox 916 2831 1053 2884; x_wconf 86' lang='lat' dir='ltr'><strong>sunt</strong></span> <span class='ocrx_word' id='word_1_271' title='bbox 1080 2823 1255 2883; x_wconf 70' lang='lat' dir='ltr'><strong>varies</strong></span> <span class='ocrx_word' id='word_1_272' title='bbox 1283 2822 1619 2884; x_wconf 85' lang='lat' dir='ltr'><strong>Voluntatis</strong></span> <span class='ocrx_word' id='word_1_273' title='bbox 1660 2823 1776 2883; x_wconf 85' lang='lat' dir='ltr'><strong>Dei</strong></span> <span class='ocrx_word' id='word_1_274' title='bbox 1801 2822 2218 2884; x_wconf 65' lang='lat' dir='ltr'><strong>distinctiones.</strong></span> <span class='ocrx_word' id='word_1_275' title='bbox 2303 2821 2501 2880; x_wconf 88' lang='lat' dir='ltr'><strong>Prima</strong></span> <span class='ocrx_word' id='word_1_276' title='bbox 2525 2829 2586 2880; x_wconf 88' lang='lat' dir='ltr'><strong>et</strong></span> <span class='ocrx_word' id='word_1_277' title='bbox 2611 2842 2758 2900; x_wconf 47' lang='lat' dir='ltr'><strong>praef</strong></span> 
     </span>
     <span class='ocr_line' id='line_1_28' title="bbox 348 2899 2760 2982; baseline 0 -21"><span class='ocrx_word' id='word_1_278' title='bbox 348 2902 518 2980; x_wconf 87' lang='lat' dir='ltr'><strong>cipua</strong></span> <span class='ocrx_word' id='word_1_279' title='bbox 542 2903 645 2962; x_wconf 87' lang='lat' dir='ltr'><strong>illa</strong></span> <span class='ocrx_word' id='word_1_280' title='bbox 672 2912 777 2980; x_wconf 87' lang='lat' dir='ltr'><strong>est,</strong></span> <span class='ocrx_word' id='word_1_281' title='bbox 808 2923 924 2982; x_wconf 89' lang='lat' dir='ltr'><strong>qua</strong></span> <span class='ocrx_word' id='word_1_282' title='bbox 950 2903 1222 2964; x_wconf 82' lang='lat' dir='ltr'><strong>tribuitur</strong></span> <span class='ocrx_word' id='word_1_283' title='bbox 1246 2903 1309 2961; x_wconf 86' lang='lat' dir='ltr'><strong>in</strong></span> <span class='ocrx_word' id='word_1_284' title='bbox 1343 2905 1694 2964; x_wconf 75' lang='lat' dir='ltr'><strong>Voluntatem</strong></span> <span class='ocrx_word' id='word_1_285' title='bbox 1719 2903 1957 2964; x_wconf 63' lang='lat' dir='ltr'><strong>Dect-cti</strong></span> <span class='ocrx_word' id='word_1_286' title='bbox 1979 2909 2038 2962; x_wconf 88' lang='lat' dir='ltr'><strong>et</strong></span> <span class='ocrx_word' id='word_1_287' title='bbox 2063 2901 2362 2978; x_wconf 74' lang='lat' dir='ltr'><strong>Praeoepti.</strong></span> <span class='ocrx_word' id='word_1_288' title='bbox 2415 2899 2528 2959; x_wconf 90' lang='lat' dir='ltr'><strong>Illa</strong></span> <span class='ocrx_word' id='word_1_289' title='bbox 2557 2901 2760 2961; x_wconf 80' lang='lat' dir='ltr'><strong>statuit</strong></span> 
     </span>
     <span class='ocr_line' id='line_1_29' title="bbox 350 2980 2756 3062; baseline -0 -21"><span class='ocrx_word' id='word_1_290' title='bbox 350 2982 511 3042; x_wconf 87' lang='lat' dir='ltr'><strong>Deus</strong></span> <span class='ocrx_word' id='word_1_291' title='bbox 538 2982 681 3062; x_wconf 90' lang='lat' dir='ltr'><strong>quid</strong></span> <span class='ocrx_word' id='word_1_292' title='bbox 707 2984 850 3044; x_wconf 82' lang='lat' dir='ltr'><strong>velit</strong></span> <span class='ocrx_word' id='word_1_293' title='bbox 876 2983 999 3062; x_wconf 88' lang='lat' dir='ltr'><strong>ipse</strong></span> <span class='ocrx_word' id='word_1_294' title='bbox 1026 2982 1215 3042; x_wconf 86' lang='lat' dir='ltr'><strong>facere</strong></span> <span class='ocrx_word' id='word_1_295' title='bbox 1242 2983 1340 3042; x_wconf 73' lang='lat' dir='ltr'><strong>vel</strong></span> <span class='ocrx_word' id='word_1_296' title='bbox 1366 2984 1733 3061; x_wconf 83' lang='lat' dir='ltr'><strong>permittere:</strong></span> <span class='ocrx_word' id='word_1_297' title='bbox 1776 2983 1900 3042; x_wconf 88' lang='lat' dir='ltr'><strong>Ista</strong></span> <span class='ocrx_word' id='word_1_298' title='bbox 1942 2981 2084 3060; x_wconf 88' lang='lat' dir='ltr'><strong>quid</strong></span> <span class='ocrx_word' id='word_1_299' title='bbox 2130 2981 2275 3040; x_wconf 83' lang='lat' dir='ltr'><strong>velit</strong></span> <span class='ocrx_word' id='word_1_300' title='bbox 2317 3001 2354 3039; x_wconf 86' lang='lat' dir='ltr'><strong>a</strong></span> <span class='ocrx_word' id='word_1_301' title='bbox 2398 2980 2568 3040; x_wconf 87' lang='lat' dir='ltr'><strong>nobis</strong></span> <span class='ocrx_word' id='word_1_302' title='bbox 2611 2980 2756 3040; x_wconf 90' lang='lat' dir='ltr'><strong>fieri.</strong></span> 
     </span>
     <span class='ocr_line' id='line_1_30' title="bbox 350 3059 2758 3140; baseline 0.001 -21"><span class='ocrx_word' id='word_1_303' title='bbox 350 3060 466 3120; x_wconf 90' lang='lat' dir='ltr'><strong>Illa</strong></span> <span class='ocrx_word' id='word_1_304' title='bbox 490 3063 725 3140; x_wconf 75' lang='lat' dir='ltr'><strong>respicit</strong></span> <span class='ocrx_word' id='word_1_305' title='bbox 751 3083 942 3124; x_wconf 88' lang='lat' dir='ltr'><strong>rerum</strong></span> <span class='ocrx_word' id='word_1_306' title='bbox 969 3062 1365 3122; x_wconf 75' lang='lat' dir='ltr'><strong>futur-itionem</strong></span> <span class='ocrx_word' id='word_1_307' title='bbox 1394 3071 1453 3122; x_wconf 89' lang='lat' dir='ltr'><strong>et</strong></span> <span class='ocrx_word' id='word_1_308' title='bbox 1478 3071 1770 3138; x_wconf 86' lang='lat' dir='ltr'><strong>eventum,</strong></span> <span class='ocrx_word' id='word_1_309' title='bbox 1816 3070 1876 3122; x_wconf 90' lang='lat' dir='ltr'><strong>et</strong></span> <span class='ocrx_word' id='word_1_310' title='bbox 1917 3071 2010 3122; x_wconf 86' lang='lat' dir='ltr'><strong>est</strong></span> <span class='ocrx_word' id='word_1_311' title='bbox 2058 3080 2262 3120; x_wconf 87' lang='lat' dir='ltr'><strong>norma</strong></span> <span class='ocrx_word' id='word_1_312' title='bbox 2303 3060 2596 3120; x_wconf 84' lang='lat' dir='ltr'><strong>actionum</strong></span> <span class='ocrx_word' id='word_1_313' title='bbox 2645 3059 2758 3122; x_wconf 79' lang='lat' dir='ltr'><strong>Dei</strong></span> 
     </span>
     <span class='ocr_line' id='line_1_31' title="bbox 346 3141 2756 3220; baseline -0 -20"><span class='ocrx_word' id='word_1_314' title='bbox 346 3141 423 3200; x_wconf 86' lang='lat' dir='ltr'><strong>ad</strong></span> <span class='ocrx_word' id='word_1_315' title='bbox 449 3151 654 3202; x_wconf 85' lang='lat' dir='ltr'><strong>extra:</strong></span> <span class='ocrx_word' id='word_1_316' title='bbox 698 3143 823 3208; x_wconf 87' lang='lat' dir='ltr'><strong>Ista</strong></span> <span class='ocrx_word' id='word_1_317' title='bbox 848 3151 1113 3202; x_wconf 82' lang='lat' dir='ltr'><strong>versatur</strong></span> <span class='ocrx_word' id='word_1_318' title='bbox 1140 3142 1291 3202; x_wconf 85' lang='lat' dir='ltr'><strong>circa</strong></span> <span class='ocrx_word' id='word_1_319' title='bbox 1318 3153 1603 3220; x_wconf 71' lang='lat' dir='ltr'><strong>praecepta</strong></span> <span class='ocrx_word' id='word_1_320' title='bbox 1642 3151 1702 3202; x_wconf 88' lang='lat' dir='ltr'><strong>et</strong></span> <span class='ocrx_word' id='word_1_321' title='bbox 1715 3141 2142 3220; x_wconf 85' lang='lat' dir='ltr'><strong>promissiones,</strong></span> <span class='ocrx_word' id='word_1_322' title='bbox 2173 3151 2232 3200; x_wconf 88' lang='lat' dir='ltr'><strong>et</strong></span> <span class='ocrx_word' id='word_1_323' title='bbox 2279 3149 2372 3200; x_wconf 86' lang='lat' dir='ltr'><strong>est</strong></span> <span class='ocrx_word' id='word_1_324' title='bbox 2415 3159 2620 3200; x_wconf 84' lang='lat' dir='ltr'><strong>norma</strong></span> <span class='ocrx_word' id='word_1_325' title='bbox 2661 3160 2756 3199; x_wconf 88' lang='lat' dir='ltr'><strong>ac-</strong></span> 
     </span>
     <span class='ocr_line' id='line_1_32' title="bbox 347 3220 2754 3300; baseline 0 -21"><span class='ocrx_word' id='word_1_326' title='bbox 347 3221 571 3280; x_wconf 87' lang='lat' dir='ltr'><strong>tionum</strong></span> <span class='ocrx_word' id='word_1_327' title='bbox 598 3229 941 3281; x_wconf 87' lang='lat' dir='ltr'><strong>nostrarum.</strong></span> <span class='ocrx_word' id='word_1_328' title='bbox 1024 3222 1125 3280; x_wconf 92' lang='lat' dir='ltr'><strong>Illi</strong></span> <span class='ocrx_word' id='word_1_329' title='bbox 1150 3223 1343 3281; x_wconf 80' lang='lat' dir='ltr'><strong>resisti</strong></span> <span class='ocrx_word' id='word_1_330' title='bbox 1366 3223 1587 3299; x_wconf 86' lang='lat' dir='ltr'><strong>nequit,</strong></span> <span class='ocrx_word' id='word_1_331' title='bbox 1616 3231 1676 3282; x_wconf 90' lang='lat' dir='ltr'><strong>et</strong></span> <span class='ocrx_word' id='word_1_332' title='bbox 1703 3241 1927 3300; x_wconf 86' lang='lat' dir='ltr'><strong>semper</strong></span> <span class='ocrx_word' id='word_1_333' title='bbox 1970 3221 2257 3298; x_wconf 89' lang='lat' dir='ltr'><strong>impletur,</strong></span> <span class='ocrx_word' id='word_1_334' title='bbox 2305 3220 2477 3280; x_wconf 88' lang='lat' dir='ltr'><strong>Rom.</strong></span> <span class='ocrx_word' id='word_1_335' title='bbox 2521 3220 2604 3280; x_wconf 85' lang='lat' dir='ltr'><strong>ix.</strong></span> <span class='ocrx_word' id='word_1_336' title='bbox 2659 3222 2754 3280; x_wconf 86' lang='lat'><strong>19.</strong></span> 
     </span>
     <span class='ocr_line' id='line_1_33' title="bbox 360 3299 2755 3378; baseline 0.001 -20"><span class='ocrx_word' id='word_1_337' title='bbox 360 3301 649 3360; x_wconf 78' lang='lat' dir='ltr'><strong>Voluntati</strong></span> <span class='ocrx_word' id='word_1_338' title='bbox 672 3303 786 3376; x_wconf 61' lang='lat' dir='ltr'><strong>q‘us</strong></span> <span class='ocrx_word' id='word_1_339' title='bbox 813 3301 935 3378; x_wconf 75' lang='lat' dir='ltr'><strong>quis</strong></span> <span class='ocrx_word' id='word_1_340' title='bbox 960 3301 1159 3360; x_wconf 75' lang='lat' dir='ltr'><strong>restitit</strong></span> <span class='ocrx_word' id='word_1_341' title='bbox 1178 3303 1206 3361; x_wconf 76' lang='lat'><strong>‚²</strong></span> <span class='ocrx_word' id='word_1_342' title='bbox 1249 3302 1373 3361; x_wconf 89' lang='lat' dir='ltr'><strong>Ista</strong></span> <span class='ocrx_word' id='word_1_343' title='bbox 1400 3322 1551 3378; x_wconf 79' lang='lat' dir='ltr'><strong>saepe</strong></span> <span class='ocrx_word' id='word_1_344' title='bbox 1578 3302 1831 3360; x_wconf 82' lang='lat' dir='ltr'><strong>violatur</strong></span> <span class='ocrx_word' id='word_1_345' title='bbox 1871 3300 1946 3359; x_wconf 88' lang='lat' dir='ltr'><strong>ab</strong></span> <span class='ocrx_word' id='word_1_346' title='bbox 1988 3300 2336 3375; x_wconf 88' lang='lat' dir='ltr'><strong>hominibus,</strong></span> <span class='ocrx_word' id='word_1_347' title='bbox 2389 3300 2536 3360; x_wconf 85' lang='lat' dir='ltr'><strong>Mat.</strong></span> <span class='ocrx_word' id='word_1_348' title='bbox 2585 3299 2755 3360; x_wconf 76' lang='lat' dir='ltr'><strong>xxiii.</strong></span> 
     </span>
     <span class='ocr_line' id='line_1_34' title="bbox 350 3380 1811 3458; baseline -0.001 -18"><span class='ocrx_word' id='word_1_349' title='bbox 350 3381 447 3440; x_wconf 84' lang='lat'><strong>37.</strong></span> <span class='ocrx_word' id='word_1_350' title='bbox 497 3380 725 3446; x_wconf 71' lang='lat' dir='ltr'><strong>Quoties</strong></span> <span class='ocrx_word' id='word_1_351' title='bbox 750 3381 903 3439; x_wconf 74' lang='lat' dir='ltr'><strong>volui</strong></span> <span class='ocrx_word' id='word_1_352' title='bbox 923 3399 1020 3438; x_wconf 71' lang='lat' dir='ltr'><strong>vos</strong></span> <span class='ocrx_word' id='word_1_353' title='bbox 1046 3401 1407 3458; x_wconf 71' lang='lat' dir='ltr'><strong>wnqreyare,</strong></span> <span class='ocrx_word' id='word_1_354' title='bbox 1437 3391 1492 3440; x_wconf 80' lang='lat' dir='ltr'><strong>ct</strong></span> <span class='ocrx_word' id='word_1_355' title='bbox 1515 3381 1765 3440; x_wconf 73' lang='lat' dir='ltr'><strong>noluistis</strong></span> <span class='ocrx_word' id='word_1_356' title='bbox 1778 3383 1811 3439; x_wconf 66' lang='lat'><em>3</em></span> 
     </span>
    </p>

    <p class='ocr_par' dir='ltr' id='par_1_11' title="bbox 344 3456 2758 4094">
     <span class='ocr_line' id='line_1_35' title="bbox 432 3456 2753 3538; baseline -0 -21"><span class='ocrx_word' id='word_1_357' title='bbox 432 3459 551 3520; x_wconf 91' lang='lat'><strong>111.</strong></span> <span class='ocrx_word' id='word_1_358' title='bbox 600 3459 683 3520; x_wconf 92' lang='lat' dir='ltr'><strong>Ut</strong></span> <span class='ocrx_word' id='word_1_359' title='bbox 708 3459 920 3520; x_wconf 87' lang='lat' dir='ltr'><strong>dantur</strong></span> <span class='ocrx_word' id='word_1_360' title='bbox 943 3460 1074 3519; x_wconf 86' lang='lat' dir='ltr'><strong>loca</strong></span> <span class='ocrx_word' id='word_1_361' title='bbox 1098 3461 1262 3520; x_wconf 85' lang='lat' dir='ltr'><strong>varia</strong></span> <span class='ocrx_word' id='word_1_362' title='bbox 1294 3461 1619 3538; x_wconf 72' lang='lat' dir='ltr'><strong>Scripturas,</strong></span> <span class='ocrx_word' id='word_1_363' title='bbox 1649 3460 1713 3520; x_wconf 89' lang='lat' dir='ltr'><strong>in</strong></span> <span class='ocrx_word' id='word_1_364' title='bbox 1749 3457 1964 3535; x_wconf 89' lang='lat' dir='ltr'><strong>quibus</strong></span> <span class='ocrx_word' id='word_1_365' title='bbox 1990 3457 2282 3518; x_wconf 77' lang='lat' dir='ltr'><strong>Voluntas</strong></span> <span class='ocrx_word' id='word_1_366' title='bbox 2330 3456 2460 3531; x_wconf 86' lang='lat' dir='ltr'><strong>Dei,</strong></span> <span class='ocrx_word' id='word_1_367' title='bbox 2507 3457 2605 3517; x_wconf 84' lang='lat' dir='ltr'><strong>vel</strong></span> <span class='ocrx_word' id='word_1_368' title='bbox 2647 3477 2753 3534; x_wconf 87' lang='lat' dir='ltr'><strong>pro</strong></span> 
     </span>
     <span class='ocr_line' id='line_1_36' title="bbox 349 3536 2752 3617; baseline -0 -19"><span class='ocrx_word' id='word_1_369' title='bbox 349 3541 595 3598; x_wconf 77' lang='lat' dir='ltr'><strong>Decreta</strong></span> <span class='ocrx_word' id='word_1_370' title='bbox 623 3540 883 3615; x_wconf 85' lang='lat' dir='ltr'><strong>sumitur,</strong></span> <span class='ocrx_word' id='word_1_371' title='bbox 914 3548 980 3599; x_wconf 89' lang='lat' dir='ltr'><strong>ut</strong></span> <span class='ocrx_word' id='word_1_372' title='bbox 1008 3539 1119 3599; x_wconf 86' lang='lat' dir='ltr'><strong>Ro.</strong></span> <span class='ocrx_word' id='word_1_373' title='bbox 1148 3540 1231 3599; x_wconf 85' lang='lat' dir='ltr'><strong>ix.</strong></span> <span class='ocrx_word' id='word_1_374' title='bbox 1266 3542 1357 3614; x_wconf 87' lang='grc'><strong>19,</strong></span> <span class='ocrx_word' id='word_1_375' title='bbox 1383 3541 1533 3617; x_wconf 88' lang='lat' dir='ltr'><strong>Eph.</strong></span> <span class='ocrx_word' id='word_1_376' title='bbox 1562 3539 1601 3597; x_wconf 93' lang='lat' dir='ltr'><strong>i.</strong></span> <span class='ocrx_word' id='word_1_377' title='bbox 1635 3541 1728 3612; x_wconf 89' lang='lat'><strong>11,</strong></span> <span class='ocrx_word' id='word_1_378' title='bbox 1759 3537 1856 3596; x_wconf 85' lang='lat' dir='ltr'><strong>vel</strong></span> <span class='ocrx_word' id='word_1_379' title='bbox 1882 3556 1986 3615; x_wconf 88' lang='lat' dir='ltr'><strong>pro</strong></span> <span class='ocrx_word' id='word_1_380' title='bbox 2007 3539 2317 3613; x_wconf 68' lang='lat' dir='ltr'><strong>Proecepto,</strong></span> <span class='ocrx_word' id='word_1_381' title='bbox 2349 3543 2414 3594; x_wconf 88' lang='lat' dir='ltr'><strong>ut</strong></span> <span class='ocrx_word' id='word_1_382' title='bbox 2443 3536 2540 3593; x_wconf 87' lang='lat' dir='ltr'><strong>Ps.</strong></span> <span class='ocrx_word' id='word_1_383' title='bbox 2570 3536 2752 3597; x_wconf 82' lang='lat' dir='ltr'><strong>cxliii.</strong></span> 
     </span>
     <span class='ocr_line' id='line_1_37' title="bbox 352 3613 2753 3695; baseline -0.002 -17"><span class='ocrx_word' id='word_1_384' title='bbox 352 3621 445 3695; x_wconf 93' lang='grc'><strong>10,</strong></span> <span class='ocrx_word' id='word_1_385' title='bbox 478 3619 647 3678; x_wconf 86' lang='lat' dir='ltr'><strong>Rom.</strong></span> <span class='ocrx_word' id='word_1_386' title='bbox 676 3619 779 3679; x_wconf 84' lang='lat' dir='ltr'><strong>xii.</strong></span> <span class='ocrx_word' id='word_1_387' title='bbox 809 3624 865 3678; x_wconf 84' lang='lat'><strong>2.</strong></span> <span class='ocrx_word' id='word_1_388' title='bbox 910 3619 1006 3678; x_wconf 90' lang='lat' dir='ltr'><strong>Ita</strong></span> <span class='ocrx_word' id='word_1_389' title='bbox 1030 3619 1242 3678; x_wconf 88' lang='lat' dir='ltr'><strong>dantur</strong></span> <span class='ocrx_word' id='word_1_390' title='bbox 1262 3619 1437 3678; x_wconf 88' lang='lat' dir='ltr'><strong>etiam</strong></span> <span class='ocrx_word' id='word_1_391' title='bbox 1452 3618 1732 3678; x_wconf 83' lang='lat' dir='ltr'><strong>nonnulla</strong></span> <span class='ocrx_word' id='word_1_392' title='bbox 1749 3617 1812 3674; x_wconf 91' lang='lat' dir='ltr'><strong>in</strong></span> <span class='ocrx_word' id='word_1_393' title='bbox 1829 3615 2041 3693; x_wconf 86' lang='lat' dir='ltr'><strong>quibus</strong></span> <span class='ocrx_word' id='word_1_394' title='bbox 2067 3625 2311 3690; x_wconf 85' lang='lat' dir='ltr'><strong>utraque</strong></span> <span class='ocrx_word' id='word_1_395' title='bbox 2341 3614 2454 3672; x_wconf 91' lang='lat' dir='ltr'><strong>Dei</strong></span> <span class='ocrx_word' id='word_1_396' title='bbox 2481 3613 2753 3672; x_wconf 82' lang='lat' dir='ltr'><strong>voluntas</strong></span> 
     </span>
     <span class='ocr_line' id='line_1_38' title="bbox 348 3694 2758 3775; baseline -0.002 -18"><span class='ocrx_word' id='word_1_397' title='bbox 348 3699 522 3758; x_wconf 88' lang='lat' dir='ltr'><strong>simul</strong></span> <span class='ocrx_word' id='word_1_398' title='bbox 538 3698 911 3775; x_wconf 83' lang='lat' dir='ltr'><strong>significatur,</strong></span> <span class='ocrx_word' id='word_1_399' title='bbox 933 3705 999 3757; x_wconf 91' lang='lat' dir='ltr'><strong>ut</strong></span> <span class='ocrx_word' id='word_1_400' title='bbox 1016 3698 1059 3757; x_wconf 90' lang='lat' dir='ltr'><strong>J</strong></span> <span class='ocrx_word' id='word_1_401' title='bbox 1062 3719 1191 3758; x_wconf 90' lang='lat' dir='ltr'><strong>oan.</strong></span> <span class='ocrx_word' id='word_1_402' title='bbox 1214 3697 1293 3758; x_wconf 81' lang='lat' dir='ltr'><strong>vi.</strong></span> <span class='ocrx_word' id='word_1_403' title='bbox 1324 3701 1420 3772; x_wconf 87' lang='lat'><strong>38,</strong></span> <span class='ocrx_word' id='word_1_404' title='bbox 1450 3697 1591 3756; x_wconf 88' lang='lat' dir='ltr'><strong>dum</strong></span> <span class='ocrx_word' id='word_1_405' title='bbox 1610 3697 1694 3754; x_wconf 87' lang='lat' dir='ltr'><strong>ait</strong></span> <span class='ocrx_word' id='word_1_406' title='bbox 1713 3695 1980 3754; x_wconf 84' lang='lat' dir='ltr'><strong>Christus</strong></span> <span class='ocrx_word' id='word_1_407' title='bbox 2004 3714 2062 3754; x_wconf 74' lang='lat' dir='ltr'><strong>sc</strong></span> <span class='ocrx_word' id='word_1_408' title='bbox 2089 3694 2430 3754; x_wconf 66' lang='lat' dir='ltr'><strong>descendisse</strong></span> <span class='ocrx_word' id='word_1_409' title='bbox 2456 3702 2520 3750; x_wconf 79' lang='lat' dir='ltr'><strong>ut</strong></span> <span class='ocrx_word' id='word_1_410' title='bbox 2523 3696 2758 3768; x_wconf 83' lang='lat' dir='ltr'><strong>faceret</strong></span> 
     </span>
     <span class='ocr_line' id='line_1_39' title="bbox 346 3771 2748 3854; baseline -0.004 -16"><span class='ocrx_word' id='word_1_411' title='bbox 346 3781 685 3838; x_wconf 75' lang='lat' dir='ltr'><strong>voluntatem</strong></span> <span class='ocrx_word' id='word_1_412' title='bbox 710 3781 827 3853; x_wconf 60' lang='grc' dir='ltr'><strong>ήκω</strong></span> <span class='ocrx_word' id='word_1_413' title='bbox 854 3780 955 3854; x_wconf 75' lang='lat' dir='ltr'><strong>qui</strong></span> <span class='ocrx_word' id='word_1_414' title='bbox 974 3779 1125 3838; x_wconf 63' lang='lat' dir='ltr'><strong>natea</strong></span> <span class='ocrx_word' id='word_1_415' title='bbox 1150 3797 1289 3852; x_wconf 84' lang='lat' dir='ltr'><strong>eum,</strong></span> <span class='ocrx_word' id='word_1_416' title='bbox 1320 3777 1400 3838; x_wconf 89' lang='lat' dir='ltr'><strong>id.</strong></span> <span class='ocrx_word' id='word_1_417' title='bbox 1428 3787 1494 3837; x_wconf 90' lang='lat' dir='ltr'><strong>ut</strong></span> <span class='ocrx_word' id='word_1_418' title='bbox 1520 3776 1786 3851; x_wconf 88' lang='lat' dir='ltr'><strong>impleret</strong></span> <span class='ocrx_word' id='word_1_419' title='bbox 1813 3793 1882 3834; x_wconf 85' lang='lat' dir='ltr'><strong>ea</strong></span> <span class='ocrx_word' id='word_1_420' title='bbox 1909 3794 2038 3852; x_wconf 80' lang='lat' dir='ltr'><strong>quae</strong></span> <span class='ocrx_word' id='word_1_421' title='bbox 2066 3792 2102 3832; x_wconf 90' lang='lat' dir='ltr'><strong>a</strong></span> <span class='ocrx_word' id='word_1_422' title='bbox 2146 3774 2274 3832; x_wconf 86' lang='lat' dir='ltr'><strong>Deo</strong></span> <span class='ocrx_word' id='word_1_423' title='bbox 2317 3771 2548 3831; x_wconf 89' lang='lat' dir='ltr'><strong>decreta</strong></span> <span class='ocrx_word' id='word_1_424' title='bbox 2595 3782 2748 3849; x_wconf 81' lang='lat' dir='ltr'><strong>sunt,</strong></span> 
     </span>
     <span class='ocr_line' id='line_1_40' title="bbox 346 3851 2750 3934; baseline -0.003 -16"><span class='ocrx_word' id='word_1_425' title='bbox 346 3865 407 3918; x_wconf 91' lang='lat' dir='ltr'><strong>et</strong></span> <span class='ocrx_word' id='word_1_426' title='bbox 432 3866 499 3918; x_wconf 92' lang='lat' dir='ltr'><strong>ut</strong></span> <span class='ocrx_word' id='word_1_427' title='bbox 541 3857 731 3917; x_wconf 87' lang='lat' dir='ltr'><strong>Patris</strong></span> <span class='ocrx_word' id='word_1_428' title='bbox 756 3857 1027 3917; x_wconf 83' lang='lat' dir='ltr'><strong>mandato</strong></span> <span class='ocrx_word' id='word_1_429' title='bbox 1054 3858 1485 3934; x_wconf 81' lang='lat' dir='ltr'><strong>obsequeretur.</strong></span> <span class='ocrx_word' id='word_1_430' title='bbox 1568 3855 1648 3915; x_wconf 88' lang='lat' dir='ltr'><strong>Et</strong></span> <span class='ocrx_word' id='word_1_431' title='bbox 1675 3874 1854 3932; x_wconf 88' lang='lat' dir='ltr'><strong>quum</strong></span> <span class='ocrx_word' id='word_1_432' title='bbox 1881 3853 2126 3914; x_wconf 85' lang='lat' dir='ltr'><strong>dicimus</strong></span> <span class='ocrx_word' id='word_1_433' title='bbox 2153 3852 2214 3910; x_wconf 92' lang='lat' dir='ltr'><strong>in</strong></span> <span class='ocrx_word' id='word_1_434' title='bbox 2241 3851 2498 3911; x_wconf 86' lang='lat' dir='ltr'><strong>oratione</strong></span> <span class='ocrx_word' id='word_1_435' title='bbox 2549 3851 2750 3911; x_wconf 89' lang='lat' dir='ltr'><strong>Domi-</strong></span> 
     </span>
     <span class='ocr_line' id='line_1_41' title="bbox 346 3933 2750 4015; baseline -0.002 -18"><span class='ocrx_word' id='word_1_436' title='bbox 346 3937 495 4012; x_wconf 83' lang='lat' dir='ltr'><strong>nica,</strong></span> <span class='ocrx_word' id='word_1_437' title='bbox 524 3938 667 3996; x_wconf 81' lang='lat' dir='ltr'><strong>Fiat</strong></span> <span class='ocrx_word' id='word_1_438' title='bbox 704 3940 961 3998; x_wconf 68' lang='lat' dir='ltr'><strong>volumus</strong></span> <span class='ocrx_word' id='word_1_439' title='bbox 988 3947 1103 4012; x_wconf 81' lang='lat' dir='ltr'><strong>tua,</strong></span> <span class='ocrx_word' id='word_1_440' title='bbox 1131 3937 1381 4015; x_wconf 86' lang='lat' dir='ltr'><strong>petimus</strong></span> <span class='ocrx_word' id='word_1_441' title='bbox 1407 3945 1474 3996; x_wconf 86' lang='lat' dir='ltr'><strong>ut</strong></span> <span class='ocrx_word' id='word_1_442' title='bbox 1499 3935 1629 4014; x_wconf 87' lang='lat' dir='ltr'><strong>ejus</strong></span> <span class='ocrx_word' id='word_1_443' title='bbox 1655 3933 1958 4014; x_wconf 73' lang='lat' dir='ltr'><strong>praeceptis</strong></span> <span class='ocrx_word' id='word_1_444' title='bbox 1985 3952 2112 3992; x_wconf 87' lang='lat' dir='ltr'><strong>mos</strong></span> <span class='ocrx_word' id='word_1_445' title='bbox 2139 3939 2388 4010; x_wconf 79' lang='lat' dir='ltr'><strong>geratur,</strong></span> <span class='ocrx_word' id='word_1_446' title='bbox 2419 3939 2481 3992; x_wconf 87' lang='lat' dir='ltr'><strong>et</strong></span> <span class='ocrx_word' id='word_1_447' title='bbox 2518 3940 2584 3992; x_wconf 90' lang='lat' dir='ltr'><strong>ut</strong></span> <span class='ocrx_word' id='word_1_448' title='bbox 2621 3933 2750 4010; x_wconf 85' lang='lat' dir='ltr'><strong>ejus</strong></span> 
     </span>
     <span class='ocr_line' id='line_1_42' title="bbox 344 4017 969 4094; baseline 0.002 -19"><span class='ocrx_word' id='word_1_449' title='bbox 344 4017 580 4076; x_wconf 82' lang='lat' dir='ltr'><strong>decreta</strong></span> <span class='ocrx_word' id='word_1_450' title='bbox 606 4017 969 4094; x_wconf 76' lang='lat' dir='ltr'><strong>impleantur.</strong></span> 
     </span>
    </p>

    <p class='ocr_par' dir='ltr' id='par_1_12' title="bbox 342 4090 2751 4733">
     <span class='ocr_line' id='line_1_43' title="bbox 428 4090 2749 4174; baseline -0.002 -19"><span class='ocrx_word' id='word_1_451' title='bbox 428 4096 539 4156; x_wconf 90' lang='lat' dir='ltr'><strong>IV.</strong></span> <span class='ocrx_word' id='word_1_452' title='bbox 584 4097 750 4157; x_wconf 89' lang='lat' dir='ltr'><strong>Licet</strong></span> <span class='ocrx_word' id='word_1_453' title='bbox 776 4103 1125 4174; x_wconf 75' lang='lat' dir='ltr'><strong>praeceptum</strong></span> <span class='ocrx_word' id='word_1_454' title='bbox 1152 4095 1323 4156; x_wconf 88' lang='lat' dir='ltr'><strong>cadat</strong></span> <span class='ocrx_word' id='word_1_455' title='bbox 1350 4095 1523 4156; x_wconf 85' lang='lat' dir='ltr'><strong>etiam</strong></span> <span class='ocrx_word' id='word_1_456' title='bbox 1552 4095 1662 4154; x_wconf 89' lang='lat' dir='ltr'><strong>sub</strong></span> <span class='ocrx_word' id='word_1_457' title='bbox 1692 4095 2002 4152; x_wconf 85' lang='lat' dir='ltr'><strong>Decretum</strong></span> <span class='ocrx_word' id='word_1_458' title='bbox 2029 4090 2223 4171; x_wconf 85' lang='lat' dir='ltr'><strong>quoad</strong></span> <span class='ocrx_word' id='word_1_459' title='bbox 2265 4092 2708 4168; x_wconf 60' lang='lat' dir='ltr'><strong>propositionem</strong></span> <span class='ocrx_word' id='word_1_460' title='bbox 2722 4115 2749 4166; x_wconf 90' lang='lat'><em>;</em></span> 
     </span>
     <span class='ocr_line' id='line_1_44' title="bbox 342 4171 2751 4254; baseline -0.001 -20"><span class='ocrx_word' id='word_1_461' title='bbox 342 4197 463 4236; x_wconf 85' lang='lat' dir='ltr'><strong>non</strong></span> <span class='ocrx_word' id='word_1_462' title='bbox 488 4185 681 4237; x_wconf 87' lang='lat' dir='ltr'><strong>tamen</strong></span> <span class='ocrx_word' id='word_1_463' title='bbox 710 4177 863 4236; x_wconf 82' lang='lat' dir='ltr'><strong>cadit</strong></span> <span class='ocrx_word' id='word_1_464' title='bbox 891 4177 1084 4254; x_wconf 80' lang='lat' dir='ltr'><strong>quoad</strong></span> <span class='ocrx_word' id='word_1_465' title='bbox 1108 4178 1481 4238; x_wconf 75' lang='lat' dir='ltr'><strong>executionem</strong></span> <span class='ocrx_word' id='word_1_466' title='bbox 1496 4199 1521 4249; x_wconf 86' lang='lat'><em>;</em></span> <span class='ocrx_word' id='word_1_467' title='bbox 1560 4173 1716 4234; x_wconf 89' lang='lat' dir='ltr'><strong>unde</strong></span> <span class='ocrx_word' id='word_1_468' title='bbox 1742 4174 1890 4232; x_wconf 77' lang='lat' dir='ltr'><strong>bene</strong></span> <span class='ocrx_word' id='word_1_469' title='bbox 1917 4173 2068 4234; x_wconf 80' lang='lat' dir='ltr'><strong>inter</strong></span> <span class='ocrx_word' id='word_1_470' title='bbox 2094 4191 2156 4232; x_wconf 89' lang='lat' dir='ltr'><strong>se</strong></span> <span class='ocrx_word' id='word_1_471' title='bbox 2183 4171 2634 4248; x_wconf 86' lang='lat' dir='ltr'><strong>distinguuntur,</strong></span> <span class='ocrx_word' id='word_1_472' title='bbox 2685 4179 2751 4232; x_wconf 90' lang='lat' dir='ltr'><strong>ut</strong></span> 
     </span>
     <span class='ocr_line' id='line_1_45' title="bbox 345 4251 2748 4333; baseline -0.002 -18"><span class='ocrx_word' id='word_1_473' title='bbox 345 4257 636 4315; x_wconf 78' lang='lat' dir='ltr'><strong>Voluntas</strong></span> <span class='ocrx_word' id='word_1_474' title='bbox 666 4257 899 4316; x_wconf 87' lang='lat' dir='ltr'><strong>Decreti</strong></span> <span class='ocrx_word' id='word_1_475' title='bbox 940 4257 1016 4315; x_wconf 90' lang='lat' dir='ltr'><strong>sit</strong></span> <span class='ocrx_word' id='word_1_476' title='bbox 1056 4277 1125 4316; x_wconf 89' lang='lat' dir='ltr'><strong>ea</strong></span> <span class='ocrx_word' id='word_1_477' title='bbox 1150 4276 1280 4333; x_wconf 81' lang='lat' dir='ltr'><strong>quae</strong></span> <span class='ocrx_word' id='word_1_478' title='bbox 1318 4255 1662 4315; x_wconf 88' lang='lat' dir='ltr'><strong>determinat</strong></span> <span class='ocrx_word' id='word_1_479' title='bbox 1703 4273 1894 4312; x_wconf 86' lang='lat' dir='ltr'><strong>rerum</strong></span> <span class='ocrx_word' id='word_1_480' title='bbox 1937 4259 2226 4326; x_wconf 81' lang='lat' dir='ltr'><strong>eventum,</strong></span> <span class='ocrx_word' id='word_1_481' title='bbox 2275 4251 2566 4310; x_wconf 85' lang='lat' dir='ltr'><strong>Voluntas</strong></span> <span class='ocrx_word' id='word_1_482' title='bbox 2609 4270 2748 4310; x_wconf 88' lang='lat' dir='ltr'><strong>vero</strong></span> 
     </span>
     <span class='ocr_line' id='line_1_46' title="bbox 346 4327 2748 4414; baseline -0.002 -20"><span class='ocrx_word' id='word_1_483' title='bbox 346 4327 629 4414; x_wconf 74' lang='lat' dir='ltr'><strong>Praeoepti</strong></span> <span class='ocrx_word' id='word_1_484' title='bbox 658 4357 728 4395; x_wconf 92' lang='lat' dir='ltr'><strong>ea</strong></span> <span class='ocrx_word' id='word_1_485' title='bbox 754 4355 884 4413; x_wconf 80' lang='lat' dir='ltr'><strong>quae</strong></span> <span class='ocrx_word' id='word_1_486' title='bbox 910 4335 1131 4395; x_wconf 89' lang='lat' dir='ltr'><strong>homini</strong></span> <span class='ocrx_word' id='word_1_487' title='bbox 1159 4335 1407 4396; x_wconf 86' lang='lat' dir='ltr'><strong>officium</strong></span> <span class='ocrx_word' id='word_1_488' title='bbox 1436 4355 1605 4396; x_wconf 86' lang='lat' dir='ltr'><strong>suum</strong></span> <span class='ocrx_word' id='word_1_489' title='bbox 1630 4332 1951 4410; x_wconf 63' lang='lat' dir='ltr'><strong>praescribit</strong></span> <span class='ocrx_word' id='word_1_490' title='bbox 1974 4355 1989 4392; x_wconf 75' lang='grc' dir='ltr'><strong>ε</strong></span> <span class='ocrx_word' id='word_1_491' title='bbox 2053 4332 2150 4392; x_wconf 85' lang='lat' dir='ltr'><strong>Sic</strong></span> <span class='ocrx_word' id='word_1_492' title='bbox 2196 4331 2358 4389; x_wconf 87' lang='lat' dir='ltr'><strong>Deus</strong></span> <span class='ocrx_word' id='word_1_493' title='bbox 2385 4337 2576 4408; x_wconf 87' lang='lat' dir='ltr'><strong>potest</strong></span> <span class='ocrx_word' id='word_1_494' title='bbox 2623 4330 2748 4389; x_wconf 86' lang='lat' dir='ltr'><strong>sine</strong></span> 
     </span>
     <span class='ocr_line' id='line_1_47' title="bbox 345 4409 2744 4493; baseline -0.004 -18"><span class='ocrx_word' id='word_1_495' title='bbox 345 4416 797 4476; x_wconf 82' lang='lat' dir='ltr'><strong>contradictione</strong></span> <span class='ocrx_word' id='word_1_496' title='bbox 824 4417 977 4476; x_wconf 83' lang='lat' dir='ltr'><strong>velle</strong></span> <span class='ocrx_word' id='word_1_497' title='bbox 1004 4415 1199 4493; x_wconf 88' lang='lat' dir='ltr'><strong>quoad</strong></span> <span class='ocrx_word' id='word_1_498' title='bbox 1223 4424 1589 4493; x_wconf 80' lang='lat' dir='ltr'><strong>praeceptum,</strong></span> <span class='ocrx_word' id='word_1_499' title='bbox 1620 4412 1780 4490; x_wconf 88' lang='lat' dir='ltr'><strong>quod</strong></span> <span class='ocrx_word' id='word_1_500' title='bbox 1825 4432 1942 4472; x_wconf 90' lang='lat' dir='ltr'><strong>non</strong></span> <span class='ocrx_word' id='word_1_501' title='bbox 1985 4411 2116 4471; x_wconf 86' lang='lat' dir='ltr'><strong>vult</strong></span> <span class='ocrx_word' id='word_1_502' title='bbox 2157 4409 2350 4489; x_wconf 86' lang='lat' dir='ltr'><strong>quoad</strong></span> <span class='ocrx_word' id='word_1_503' title='bbox 2399 4411 2744 4484; x_wconf 84' lang='lat' dir='ltr'><strong>Decretum3</strong></span> 
     </span>
     <span class='ocr_line' id='line_1_48' title="bbox 344 4489 2748 4574; baseline -0.004 -20"><span class='ocrx_word' id='word_1_504' title='bbox 344 4505 629 4574; x_wconf 85' lang='lat' dir='ltr'><strong>quatenus</strong></span> <span class='ocrx_word' id='word_1_505' title='bbox 656 4497 785 4556; x_wconf 82' lang='lat' dir='ltr'><strong>vult</strong></span> <span class='ocrx_word' id='word_1_506' title='bbox 810 4496 1046 4573; x_wconf 87' lang='lat' dir='ltr'><strong>quidem</strong></span> <span class='ocrx_word' id='word_1_507' title='bbox 1072 4495 1295 4573; x_wconf 85' lang='lat' dir='ltr'><strong>aliquid</strong></span> <span class='ocrx_word' id='word_1_508' title='bbox 1320 4495 1539 4554; x_wconf 88' lang='lat' dir='ltr'><strong>homini</strong></span> <span class='ocrx_word' id='word_1_509' title='bbox 1566 4492 1954 4570; x_wconf 74' lang='lat' dir='ltr'><strong>praescribere,</strong></span> <span class='ocrx_word' id='word_1_510' title='bbox 1995 4489 2102 4552; x_wconf 87' lang='lat' dir='ltr'><strong>sed</strong></span> <span class='ocrx_word' id='word_1_511' title='bbox 2137 4509 2254 4550; x_wconf 89' lang='lat' dir='ltr'><strong>non</strong></span> <span class='ocrx_word' id='word_1_512' title='bbox 2281 4489 2410 4550; x_wconf 80' lang='lat' dir='ltr'><strong>vult</strong></span> <span class='ocrx_word' id='word_1_513' title='bbox 2454 4489 2516 4547; x_wconf 90' lang='lat' dir='ltr'><strong>id</strong></span> <span class='ocrx_word' id='word_1_514' title='bbox 2558 4489 2748 4564; x_wconf 88' lang='lat' dir='ltr'><strong>ipsum</strong></span> 
     </span>
     <span class='ocr_line' id='line_1_49' title="bbox 342 4569 2746 4652; baseline -0.005 -18"><span class='ocrx_word' id='word_1_515' title='bbox 342 4576 583 4652; x_wconf 87' lang='lat' dir='ltr'><strong>efficere,</strong></span> <span class='ocrx_word' id='word_1_516' title='bbox 610 4584 679 4636; x_wconf 86' lang='lat' dir='ltr'><strong>ut</strong></span> <span class='ocrx_word' id='word_1_517' title='bbox 704 4576 939 4636; x_wconf 82' lang='lat' dir='ltr'><strong>volebat</strong></span> <span class='ocrx_word' id='word_1_518' title='bbox 968 4577 1327 4636; x_wconf 85' lang='lat' dir='ltr'><strong>Pharaonem</strong></span> <span class='ocrx_word' id='word_1_519' title='bbox 1366 4573 1656 4634; x_wconf 86' lang='lat' dir='ltr'><strong>dimittere</strong></span> <span class='ocrx_word' id='word_1_520' title='bbox 1695 4571 1988 4650; x_wconf 86' lang='lat' dir='ltr'><strong>populum,</strong></span> <span class='ocrx_word' id='word_1_521' title='bbox 2019 4569 2124 4632; x_wconf 84' lang='lat' dir='ltr'><strong>sed</strong></span> <span class='ocrx_word' id='word_1_522' title='bbox 2149 4569 2382 4630; x_wconf 82' lang='lat' dir='ltr'><strong>nolebat</strong></span> <span class='ocrx_word' id='word_1_523' title='bbox 2426 4576 2620 4627; x_wconf 85' lang='lat' dir='ltr'><strong>tamen</strong></span> <span class='ocrx_word' id='word_1_524' title='bbox 2645 4585 2746 4643; x_wconf 86' lang='lat' dir='ltr'><strong>po-</strong></span> 
     </span>
     <span class='ocr_line' id='line_1_50' title="bbox 343 4655 1018 4733; baseline 0.001 -19"><span class='ocrx_word' id='word_1_525' title='bbox 343 4656 543 4732; x_wconf 86' lang='lat' dir='ltr'><strong>pulum</strong></span> <span class='ocrx_word' id='word_1_526' title='bbox 572 4657 761 4733; x_wconf 86' lang='lat' dir='ltr'><strong>reipsa</strong></span> <span class='ocrx_word' id='word_1_527' title='bbox 788 4655 1018 4716; x_wconf 88' lang='lat' dir='ltr'><strong>dimitti.</strong></span> 
     </span>
    </p>
   </div>
  </div>
 </body>
</html>
