3300 5225
354 316 577 369 ασκεω.
605 298 721 381 η]
1254 320 1335 361 nn
1362 320 1770 364 momen-ru
1793 321 1918 363 nm.
2643 304 2762 363 461

437 459 621 520 VIII.
669 460 913 537 Quarto,
945 460 1106 521 Deus
1121 460 1207 521 ita
1225 462 1515 523 concurrit
1536 483 1668 523 cum
1683 462 1986 523 voluntate
2003 461 2275 539 humana,
2293 468 2360 523 ut
2387 461 2554 523 aliter
2569 470 2766 524 tamen

352 560 483 599 eam
510 540 854 600 determinet
880 541 942 600 in
966 542 1153 619 boniS,
1184 541 1353 603 aliter
1377 563 1519 603 vero
1546 544 1609 601 in
1648 542 1837 603 malis.
1919 542 2070 601 Nam
2111 542 2174 601 in
2211 543 2368 603 bonis
2407 543 2641 621 quidem
2682 544 2766 603 ita

356 619 521 680 Deus
567 620 925 681 voluntatem
965 631 1295 699 praemovet,
1326 630 1392 682 ut
1430 644 1627 683 eorum
1672 624 1880 683 author
1920 622 2012 699 sit,
2042 641 2162 681 non
2201 630 2422 683 tautum
2466 624 2528 682 in
2556 642 2766 699 genere

355 709 594 776 naturas,
640 699 744 760 sed
788 701 961 760 etiam
1011 702 1328 762 secundum
1370 723 1570 762 eorum
1612 704 1932 763 bonitatem
1981 702 2290 780 moralem,
2325 701 2762 763 determinando

351 780 730 857 voluntatem,
750 800 868 839 non
894 790 1119 841 tantum
1146 783 1339 861 quoad
1365 804 1501 859 rem,
1532 782 1611 843 id.
1634 784 1870 859 bonum,
1899 782 1997 841 vel
2017 782 2080 841 in
2100 800 2330 860 genere,
2353 782 2450 842 vel
2468 783 2528 841 in
2549 783 2758 861 specie,

354 860 460 919 sed
488 860 664 919 etiam
690 864 886 937 quoad
906 864 1147 937 modum,
1181 872 1246 921 ut
1261 862 1365 922 fiat
1390 863 1539 922 bene
1567 863 1727 941 quod
1767 863 1850 939 fit,
1880 862 2090 941 partim
2130 862 2386 921 iudendo
2423 863 2538 940 ipsi
2579 862 2764 922 bonas

354 939 667 1017 qualitates
684 940 920 1018 speciali
936 942 1172 1015 auxilio,
1192 942 1289 1001 vel
1306 942 1495 1020 gratia
1512 942 1950 1020 supernaturali,
1973 942 2182 1020 partim
2203 942 2418 1002 inditas
2434 942 2760 1019 excitandO,

354 1018 705 1098 adjuvando,
736 1028 795 1079 et
821 1020 884 1077 in
909 1029 1104 1080 actum
1129 1021 1469 1081 deducendo
1496 1042 1600 1099 per
1624 1022 1881 1099 ipsarum
1917 1021 2222 1103 ”vigy-ann:
2265 1021 2402 1081 hinc
2443 1022 2584 1081 dum
2623 1041 2760 1101 sug·

356 1100 509 1177 gerit
535 1100 662 1179 pias
690 1100 1071 1179 cogitationes
1098 1100 1335 1176 homini,
1358 1106 1395 1159 2
1426 1100 1686 1161 Corinth.
1705 1099 1788 1160 iii.
1809 1103 1865 1177 5,
1889 1100 2030 1161 facit
2055 1102 2232 1161 ctiam
2256 1108 2326 1161 ut
2349 1102 2524 1161 homo
2547 1101 2766 1179 cogitet

354 1179 515 1237 viam
544 1200 724 1257 suam,
757 1180 1035 1239 Proverb.
1064 1180 1187 1239 xvi.
1216 1182 1274 1257 9,
1305 1180 1517 1259 Aggae.
1560 1181 1599 1240 i.
1642 1182 1710 1257 ὃς
1755 1179 1893 1239 dum
1921 1179 2023 1241 dat
2047 1200 2264 1241 novum
2305 1200 2422 1257 cor,
2452 1188 2512 1241 et
2545 1200 2764 1241 novum

356 1258 623 1337 spiritum
666 1260 729 1317 in
769 1259 962 1319 medio
1004 1260 1206 1335 nostri,
1236 1260 1375 1319 facit
1410 1260 1585 1319 etiam
1624 1269 1694 1320 ut
1733 1259 1794 1318 in
1820 1259 2109 1335 mandatis
2137 1260 2516 1335 ambulemus,
2547 1262 2761 1321 Ezech.

356 1339 689 1415 xxxvi.27;
720 1339 859 1398 dum
888 1348 1157 1417 operatur
1182 1340 1431 1399 innubis
1456 1340 1610 1399 velle
1630 1348 1693 1399 et
1717 1340 2007 1417 perficere,
2021 1339 2198 1399 efficit
2221 1341 2396 1399 etiam
2424 1350 2491 1400 ut
2516 1359 2623 1399 nos
2650 1340 2764 1419 ipsi

355 1435 660 1494 operemur
687 1417 931 1478 salutem
958 1428 1215 1478 nostram
1242 1440 1375 1479 cum
1402 1419 1605 1478 timore
1634 1427 1694 1477 et
1733 1427 2000 1495 tremore,
2031 1418 2244 1497 Philip.
2287 1420 2348 1478 ii.
2381 1422 2474 1495 12,
2509 1422 2603 1479 13.
2690 1420 2762 1479 In

354 1498 522 1557 male
560 1518 701 1557 vero
742 1498 827 1557 ita
868 1499 1171 1574 concurrit,
1202 1508 1270 1557 ut
1308 1518 1497 1576 neque
1538 1518 1607 1557 ea
1648 1496 1872 1573 efficiat,
1904 1499 2161 1576 adjuvet,
2192 1507 2295 1558 aut
2333 1499 2628 1577 approbet,
2659 1498 2764 1559 sed

354 1577 669 1656 permittat,
711 1586 772 1637 et
810 1576 1117 1637 efficaciter
1164 1577 1396 1655 dirigat,
1428 1598 1543 1636 non
1584 1576 1945 1636 infundendo
1985 1578 2282 1653 malitiam,
2327 1578 2431 1637 sed
2471 1586 2765 1639 creaturas

358 1658 669 1717 rationales
696 1658 779 1717 ita
804 1657 1241 1717 determinando
1268 1658 1509 1737 physice
1538 1657 1613 1715 ad
1640 1662 1806 1717 actus
1833 1657 2215 1718 substantiam
2243 1657 2304 1715 in
2345 1676 2556 1735 genere
2593 1659 2764 1733 entis,

358 1745 428 1796 ut
453 1737 593 1813 ipsae
622 1737 734 1796 sibi
760 1737 977 1797 relictae
1005 1737 1321 1797 deficiendo
1349 1757 1385 1795 a
1424 1738 1556 1814 lege
1597 1737 1818 1814 seipsas
1858 1745 2131 1796 moveant
2170 1744 2230 1796 et
2269 1737 2652 1797 determinent
2691 1738 2768 1797 ad

357 1817 543 1875 malas
558 1817 813 1876 actiones
829 1817 890 1874 in
908 1836 1117 1895 genere
1138 1817 1333 1893 moris,
1351 1817 1531 1876 libere
1549 1825 1608 1875 et
1626 1820 1848 1883 ἑυνα-ὣς
1865 1837 1962 1877 eas
1981 1812 2366 1896 perpetrando
2383 1839 2398 1895 ;
2421 1816 2580 1876 unde
2597 1817 2767 1895 culpa

359 1895 423 1953 in
450 1915 549 1954 eas
578 1896 733 1954 solas
758 1896 930 1971 cadit,
962 1916 998 1954 a
1024 1916 1140 1973 qua
1168 1897 1329 1955 Deus
1354 1916 1591 1975 prorsus
1616 1906 1710 1959 est
1747 1897 2037 1973 immunis,
2068 1905 2135 1956 ut
2173 1895 2360 1957 fusius
2398 1896 2460 1957 in
2502 1897 2767 1975 sequenti

364 1973 695 2050 Quaestione
722 1976 1077 2053 probabitur.

366 2044 375 2059 ⁸
968 2054 1088 2115 IX.
1132 2054 1273 2114 Alia
1298 2062 1389 2116 est
1413 2056 1561 2115 ratio
1586 2055 1874 2116 libertatis
1911 2054 2192 2115 absolutae
2219 2063 2280 2115 et
2305 2054 2764 2133 independentis,

886 2155 1016 2212 quse
1044 2135 1155 2194 soli
1184 2136 1311 2194 Deo
1338 2137 1639 2213 competit;
1667 2136 1808 2195 Alia
1825 2154 1966 2195 vero
1993 2135 2255 2195 limitatae
2281 2143 2342 2193 et
2369 2133 2764 2212 dependentis,

885 2235 1017 2293 quae
1056 2215 1333 2274 creaturis
1372 2223 1463 2275 est
1501 2215 1751 2293 propria.
1836 2214 1950 2274 Per
1988 2214 2148 2273 illam
2185 2214 2268 2274 ita
2295 2214 2458 2273 Deus
2485 2232 2549 2273 se
2577 2213 2764 2275 deter-

360 2293 559 2369 minat,
590 2302 657 2354 ut
683 2314 719 2353 a
745 2292 906 2353 nullo
934 2296 1048 2355 alio
1075 2303 1310 2372 regatur
1350 2303 1410 2354 et
1448 2294 1894 2371 determinetur3
1943 2292 2060 2353 Sed
2087 2313 2220 2353 cum
2247 2293 2360 2353 ista
2387 2293 2602 2371 optime
2630 2314 2767 2353 con-

359 2375 514 2434 sistit
534 2374 934 2434 determinatio
950 2375 1157 2451 aliena,
1171 2375 1435 2451 quianon
1454 2374 1668 2433 desinit
1687 2376 1860 2433 homo
1881 2393 2053 2452 agere
2071 2381 2274 2453 sponte
2291 2382 2350 2434 et
2365 2372 2417 2433 iz
2433 2374 2765 2456 renzegio-ue,

359 2453 499 2513 licet
525 2454 589 2513 hi
614 2462 807 2513 motus
832 2454 1067 2513 aliunde
1094 2454 1423 2513 excitentur
1447 2463 1507 2514 et
1535 2454 1891 2535 ordinentur.

443 2533 528 2593 X.
573 2534 852 2609 Quamvis
878 2534 1153 2594 voluntas
1179 2534 1359 2595 relate
1385 2534 1460 2593 ad
1491 2534 1942 2609 Providentiam,
1961 2541 2021 2593 et
2035 2539 2300 2612 respectu
2317 2540 2480 2593 actus
2508 2532 2765 2609 secundi,

361 2613 501 2673 dum
530 2615 717 2674 exerit
742 2615 1131 2695 operationem
1160 2635 1339 2692 suam,
1369 2635 1489 2674 non
1515 2613 1702 2692 possit
1727 2634 1854 2674 esse
1882 2613 2216 2674 indifferens
2242 2614 2317 2673 ad
2343 2613 2456 2674 hoc
2482 2615 2579 2675 vel
2620 2614 2769 2676 illud

358 2693 706 2770 faciendum,
728 2696 825 2754 vel
853 2693 1250 2771 omittendum,
1281 2695 1421 2773 quia
1445 2695 1860 2754 determinatur
1884 2693 1961 2754 ad
1986 2713 2166 2753 unum
2183 2693 2606 2772 oppositorum:
2635 2694 2770 2754 Non

362 2773 557 2834 obstat
582 2783 793 2850 tamen,
825 2776 1133 2852 quominus
1158 2775 1221 2833 in
1248 2795 1311 2836 se
1340 2782 1613 2852 spectata,
1644 2783 1704 2834 et
1731 2775 1794 2832 in
1819 2783 1954 2833 actu
1979 2773 2184 2852 primo,
2213 2781 2420 2833 natura
2447 2793 2551 2834 sua
2577 2774 2654 2833 sit
2679 2775 2768 2832 in·

362 2853 634 2914 differens
662 2863 721 2914 et
746 2854 1190 2916 indeterminata
1215 2854 1292 2913 ad
1316 2855 1514 2931 multa,
1547 2863 1607 2914 et
1632 2854 1814 2914 libere
1841 2852 2091 2931 seipsam
2117 2853 2477 2913 determinet.
2535 2854 2768 2914 Certum

360 2943 453 2994 est
478 2935 713 3013 quidem
740 2935 1195 2996 indeterminata
1222 2955 1413 2994 causae
1438 2955 1557 2994 non
1576 2954 1747 3012 posse
1775 2952 1904 2993 esse
1929 2931 2374 2992 determinatum
2401 2931 2686 3009 effectum,
2718 2933 2768 2992 si

361 3014 489 3074 haec
528 3014 655 3073 sola
694 3014 805 3074 sit:
852 3015 969 3074 Sed
1010 3016 1061 3075 si
1102 3014 1177 3074 ad
1207 3035 1387 3075 unum
1415 3015 1683 3092 idemque
1711 3013 1980 3074 effectum
2005 3011 2440 3091 producendum
2467 3020 2771 3073 concurrat

363 3112 497 3153 cum
536 3093 837 3153 voluntate
877 3095 1131 3153 humana
1171 3115 1347 3154 causa
1387 3095 1663 3173 superior,
1695 3113 1876 3171 agens
1913 3111 2034 3153 non
2073 3100 2300 3153 tantum
2339 3112 2444 3170 per
2481 3112 2628 3169 eam,
2666 3091 2771 3153 sed

362 3173 539 3232 etiam
567 3191 699 3232 cum
726 3193 813 3248 ea,
844 3181 1035 3250 potest
1062 3193 1249 3233 causae
1276 3174 1557 3252 proximae
1584 3193 1662 3232 ex
1689 3193 1752 3232 se
1779 3173 2236 3234 indeterminatae
2263 3171 2504 3233 effectus
2545 3173 2630 3232 sic
2671 3172 2769 3232 de·

362 3251 661 3311 terminari
686 3271 723 3310 a
748 3272 923 3312 causa
950 3253 1256 3330 superiore,
1286 3261 1353 3312 ut
1380 3252 1435 3310 ei
1460 3252 1581 3310 vim
1610 3271 1728 3310 non
1753 3252 1978 3328 inferat,
2010 3251 2114 3312 sed
2151 3272 2279 3312 eam
2305 3252 2560 3331 patiatur
2597 3271 2771 3329 agere

364 3339 571 3409 suopte
598 3339 777 3407 motu,
806 3340 867 3391 et
890 3331 1073 3390 libera
1088 3331 1409 3406 voluntate,
1426 3331 1543 3389 imo
1559 3332 1670 3390 hac
1685 3329 1812 3408 ipsa
1825 3331 2092 3391 libertate
2111 3339 2308 3391 utatur
2334 3331 2410 3390 ad
2431 3330 2771 3410 exequenda

364 3410 611 3470 consilia
636 3430 757 3487 sua,
786 3409 926 3488 quia
949 3410 1061 3470 hoc
1088 3411 1264 3470 etiam
1292 3411 1455 3470 Deus
1483 3409 1758 3484 decrevit,
1788 3419 1856 3469 ut
1889 3410 2064 3468 homo
2105 3418 2309 3487 sponte
2351 3418 2410 3469 et
2447 3411 2630 3470 libere
2671 3410 2769 3470 de·

360 3499 524 3550 creto
555 3490 669 3550 Dei
693 3490 1017 3551 inserviret.
1102 3489 1269 3550 Idem
1297 3490 1371 3549 de
1399 3489 1796 3566 contingentia
1879 3488 1892 3504 ⁰
1931 3486 2162 3564 endum,
2192 3507 2323 3566 quae
2361 3497 2554 3566 potest
2593 3489 2771 3549 tribui

364 3569 598 3631 effectui
622 3577 889 3648 respectu
917 3589 1109 3630 causae
1136 3569 1421 3644 secundae,
1452 3569 1553 3646 qui
1590 3577 1900 3645 caeteroqui
1979 3567 2338 3626 necessarius
2379 3576 2470 3626 est
2507 3576 2772 3644 respectu

362 3671 555 3712 causae
580 3649 798 3728 primae,
818 3657 887 3709 ut
914 3669 1089 3730 supra
1112 3650 1322 3710 visum.
1367 3633 1744 3728 Caeteraqffae
1769 3646 1886 3707 huc
1905 3645 2194 3725 pertinent
2206 3643 2556 3725 praecedenti
2573 3647 2770 3722 Quoes·

368 3731 529 3791 tione
554 3738 691 3791 sunt
718 3749 983 3789 excussa.

433 2118 615 2166 Fontes
634 2120 773 2167 Solu-

491 2202 497 2207 ·
505 2179 713 2224 tionum.

450 3810 573 3869 XI.
616 3809 785 3884 Quod
812 3809 865 3869 si
879 3808 1022 3887 quid
1036 3816 1315 3887 praeterea
1332 3809 1391 3868 in
1406 3827 1470 3869 ro
1499 3805 1908 3867 obscurissima
1925 3805 2107 3865 haeret
2123 3804 2395 3884 scrupuli,
2413 3802 2512 3864 vel
2531 3805 2770 3882 aliquid,

362 3889 526 3968 quod
552 3899 815 3948 nostrum
840 3898 1073 3967 superet
1099 3896 1349 3966 captum,
1378 3895 1447 3948 ut
1468 3908 1605 3947 sane
1632 3907 1749 3946 non
1772 3884 2130 3945 diffitendum
2157 3894 2248 3944 est
2273 3885 2456 3944 multa
2481 3885 2652 3944 nobis
2675 3885 2772 3945 hic

368 3988 497 4029 esse
524 3969 820 4047 impervia,
852 3968 1033 4028 satius
1060 3976 1152 4028 est
1177 3967 1239 4026 id
1266 3968 1533 4046 ignorare
1558 3967 1870 4042 humiliter,
1900 3985 2074 4044 quam
2101 3963 2340 4023 definire
2367 3965 2684 4040 temerarie,
2715 3973 2774 4024 et

364 4049 699 4108 meminisse
739 4048 921 4124 decet,
952 4048 1080 4108 vias
1124 4048 1235 4107 Dei
1262 4067 1379 4107 non
1408 4067 1533 4108 esse
1556 4047 1708 4106 sicut
1733 4046 1862 4105 vias
1888 4053 2134 4120 nostras,
2163 4043 2454 4104 mirandas
2482 4063 2627 4120 esse,
2656 4064 2774 4104 non

368 4136 584 4187 temere
626 4127 917 4187 rimandas
941 4149 955 4204 3
1002 4136 1061 4187 et
1103 4127 1273 4187 nobis
1317 4125 1801 4188 homuncionibus
1845 4125 2104 4185 sufficere
2151 4123 2324 4184 debet
2364 4128 2420 4183 τὶ
2469 4125 2560 4199 ’σ’τι,
2617 4124 2774 4201 qnod

366 4206 683 4267 clarissime
710 4207 957 4268 traditur
978 4208 1038 4266 in
1066 4208 1282 4284 Verbo,
1312 4207 1552 4268 firmiter
1576 4207 1840 4282 retinere,
1861 4204 2000 4266 licet
2025 4209 2080 4264 τὶ
2097 4200 2236 4280 Mra,
2266 4204 2362 4264 vel
2389 4208 2445 4263 τὶ
2475 4207 2578 4270 πῧς
2605 4203 2774 4266 nobis

366 4308 487 4348 non
514 4286 683 4349 detur
706 4289 876 4367 plene
902 4307 1057 4348 nunc
1082 4288 1333 4366 assequi.
