3300 5225
312 369 533 426 omas-r.
564 354 659 438 11.]
1146 373 1225 413 ns
1254 373 1469 414 masao
1496 373 1798 416 sunu-mo.
2595 357 2708 414 601

314 517 391 578 ad
418 525 636 578 certum
666 516 876 594 agendi
901 514 1139 575 modum
1165 514 1337 574 fuerit
1364 513 1760 577 determinata.
1843 516 1985 592 Quas
2010 515 2246 576 ser-vitm
2297 523 2492 576 tamen
2511 537 2710 576 veram

316 610 376 659 01
404 598 769 658 essentialem
793 595 1079 656 libertatis
1106 594 1385 655 rationem
1414 595 1860 674 haudquaquam
1897 598 2140 674 evertit3
2183 597 2330 655 alias
2377 607 2712 674 sequeretur

317 679 555 738 habitus
580 679 873 737 destruere
901 676 1277 751 voluntatem,
1302 695 1475 753 quam
1501 677 1807 754 perficiunt
1825 677 2019 754 potius
2036 686 2096 736 et
2111 676 2394 736 facilitant
2407 677 2482 735 ad
2510 697 2708 754 opera·

318 758 555 818 tionem.
640 757 797 816 Hinc
822 758 889 816 fit
914 765 980 816 ut
1008 755 1268 833 duplices
1308 767 1445 816 sunt
1484 756 1720 830 habitus
1762 757 2026 834 morales,
2074 757 2176 816 alii
2216 757 2372 832 boni,
2402 757 2506 815 alii
2531 759 2706 834 mali;

322 837 541 918 duplex
568 838 743 898 etiam
769 836 902 896 inde
930 844 1200 895 nascatur
1225 834 1474 912 semitm,
1506 837 1621 894 alia
1648 838 1886 913 Justz‘tt‘ae
1926 836 1989 895 in
2029 837 2202 913 bono,
2252 837 2368 896 alia
2398 839 2626 914 peccati
2647 839 2710 896 111

322 919 475 978 111810
503 927 561 978 01
588 918 856 993 miseria3
901 917 1025 975 Ista
1052 936 1183 994 quae
1224 917 1498 975 convenit
1523 916 1744 975 homini
1785 917 1846 975 in
1874 925 2030 977 statu
2055 917 2296 995 peccati,
2321 916 2393 976 de
2421 936 2538 994 qua
2563 917 2608 978 J
2611 918 2704 976 oh.

321 999 443 1058 viii.
474 1001 569 1073 34,
618 1001 653 1032 “
674 997 946 1074 Quisquis
967 997 1073 1054 ‘dat
1101 1015 1331 1089 eperam
1359 1005 1613 1073 peccat0,
1659 1017 1862 1056 servus
1904 1005 1993 1056 est
2031 997 2312 1074 peccati,’'
2342 1005 2403 1056 et
2429 997 2598 1056 Rom.
2628 997 2708 1056 vi.
2817 1063 2832 1074 ἱ

326 1083 417 1155 17,
453 1082 489 1114 “
512 1078 705 1137 Eratis
734 1077 886 1136 servi
913 1085 1135 1153 peccati
1157 1076 1213 1152 3⁹⁹
1259 1076 1373 1134 Illa
1399 1096 1529 1154 quae
1556 1077 1643 1134 illi
1672 1078 1947 1154 competit
1971 1077 2033 1134 in
2061 1085 2216 1136 statu
2242 1077 2462 1153 gratiae‚
2495 1076 2566 1136 de
2594 1097 2712 1154 qua

324 1160 495 1218 Rom.
523 1159 603 1218 vi.
638 1159 730 1232 18,
764 1159 799 1190 ‘⁴
815 1177 968 1215 nunc
994 1155 1222 1214 liberati
1250 1175 1285 1214 a
1311 1165 1566 1234 peccate,
1598 1157 1753 1215 servi
1779 1155 1916 1216 facti
1937 1157 2078 1216 estis
2098 1157 2400 1235 justitia-„²⁹
2432 1176 2562 1234 quas
2590 1177 2709 1217 ser-

322 1240 481 1298 vitus
506 1258 647 1297 vera
672 1237 909 1296 libertas
936 1244 1041 1310 est,
1070 1245 1137 1295 ut
1157 1235 1436 1296 servitute
1463 1236 1688 1314 peccati
1713 1237 1876 1296 nulla
1901 1237 2108 1313 verior,
2137 1236 2300 1295 nulla
2324 1236 2587 1295 miserior
2613 1257 2710 1297 oc-

322 1319 531 1394 currit3
574 1317 809 1375 minime
838 1317 991 1376 enim
1018 1315 1156 1375 facit
1183 1316 1341 1393 quod
1360 1317 1505 1391 vult,
1530 1317 1629 1394 qui
1650 1326 1890 1394 peccato
1907 1317 2103 1392 servit,
2123 1316 2263 1376 facit
2289 1317 2442 1375 enim
2469 1316 2709 1376 inclina—

323 1400 481 1458 tione
506 1397 855 1476 particulari,
886 1395 1045 1475 quod
1069 1394 1303 1454 minime
1332 1397 1461 1456 vult
1486 1397 1820 1473 universali,
1865 1415 2066 1456 omnes
2105 1397 2260 1455 enim
2299 1396 2616 1456 universali
2653 1404 2712 1456 et

321 1477 571 1538 naturali
597 1477 858 1556 appetitu
884 1476 1241 1536 sibi'bonum
1268 1484 1327 1535 et
1352 1477 1770 1536 beatitudinem
1798 1496 2023 1554 semper
2050 1483 2346 1554 appetunt.

404 1558 525 1617 IX.
586 1556 785 1634 Atque
824 1556 962 1615 hinc
1001 1563 1161 1633 patet
1198 1575 1498 1634 perperam
1541 1557 1920 1632 adversarios,
1971 1566 2032 1616 et
2077 1556 2394 1634 presertim
2417 1556 2714 1633 Bellarm.,

320 1639 424 1697 lib.
453 1639 533 1696 iv.
563 1638 636 1697 de
664 1657 785 1714 gra.
816 1645 875 1695 et
902 1637 1004 1695 lib.
1032 1636 1177 1694 arbi.
1206 1656 1256 1695 c.
1288 1637 1343 1711 6,
1389 1635 1633 1696 Nostros
1677 1637 1984 1711 criminari,
2016 1637 2174 1714 quod
2213 1657 2434 1696 servum
2461 1637 2717 1696 dixerint
2793 1665 2810 1680 ·

324 1719 623 1777 arbitrium
649 1718 711 1775 in
740 1724 894 1776 statu
920 1715 1159 1794 peccati,
1190 1716 1358 1794 quasi
1385 1736 1453 1775 eo
1482 1717 1609 1794 ipso
1646 1716 2039 1776 destrueretur
2082 1717 2209 1794 ejus
2250 1717 2524 1793 libertas3
2569 1717 2720 1790 Quia

320 1797 406 1856 ita
440 1805 805 1874 nuncupatur
823 1797 1041 1873 praevia
1072 1796 1384 1874 Scriptura,
1415 1805 1475 1855 et
1501 1795 1736 1874 quidem
1766 1816 1896 1855 cum
1924 1796 2143 1874 duplici
2168 1796 2528 1871 limitatione,
2557 1797 2610 1856 l.
2635 1797 2721 1856 Ut

325 1897 557 1936 servum
584 1876 943 1954 intelligatur
970 1896 1087 1935 non
1113 1877 1357 1935 absolute
1383 1884 1443 1935 et
1458 1877 1706 1952 physice,
1739 1876 1844 1935 sed
1869 1879 2062 1952 relate,
2073 1885 2208 1953 post
2227 1879 2448 1953 lapsum
2475 1877 2537 1934 in
2565 1884 2720 1936 statu

324 1957 579 2035 peccati3
625 1961 681 2017 2.
714 1957 847 2014 Non
876 1955 1212 2033 simpliciter
1240 1957 1393 2014 circa
1419 1975 1587 2014 omne
1616 1956 1906 2033 objectum
1937 1957 2214 2032 naturale,
2247 1957 2436 2032 civile,
2467 1965 2570 2016 aut
2595 1977 2718 2015 mo-

324 2038 444 2096 rale
473 2044 792 2110 externum,
838 2036 941 2094 sed
956 2035 1244 2112 praecipue
1272 2035 1425 2094 circa
1451 2035 1740 2112 objectum
1770 2037 2066 2112 spirituale
2095 2056 2198 2113 per
2223 2056 2286 2094 80
2313 2036 2546 2111 bonum,
2578 2056 2718 2113 quo-

323 2116 497 2176 modo
524 2115 775 2190 aarum&
814 2115 889 2174 ad
916 2116 1134 2174 bonum
1161 2115 1365 2174 fortius
1393 2115 1684 2191 asseritur,
1730 2114 1835 2173 sed
1875 2115 2127 2176 essentia
2161 2115 2446 2173 libertatis
2474 2113 2592 2173 n'on
2619 2116 2718 2174 de-

326 2197 604 2272 struitur3
648 2198 785 2273 quia
810 2196 947 2254 licet
974 2203 1241 2273 peccator
1266 2195 1348 2253 ita
1374 2195 1451 2253 sit
1478 2196 1840 2272 mancipatus
1881 2195 2051 2270 malo,
2098 2203 2164 2254 ut
2209 2214 2327 2252 non
2373 2195 2559 2272 possit
2603 2215 2722 2254 non

323 2297 579 2354 peccare,
631 2294 747 2334 non
788 2274 1002 2334 desinit
1037 2282 1229 2334 tamen
1273 2275 1564 2333 liberrime
1612 2283 1673 2335 et
1715 2294 1940 2334 summa
1979 2294 2112 2334 cum
2157 2275 2419 2334 lubentia
2463 2294 2721 2351 peccare.

328 2357 487 2414 Hinc
520 2356 853 2429 JanseniuS,
884 2356 947 2414 li:
977 2355 1060 2414 iii.
1090 2355 1162 2414 de
1196 2355 1313 2414 Sta.
1342 2363 1461 2414 nat.
1483 2354 1601 2433 lap.
1630 2375 1683 2414 0.
1714 2358 1769 2430 5,
1813 2355 2079 2432 agnoscit
2107 2354 2426 2413 Lutherum
2453 2374 2572 2412 non
2603 2355 2718 2432 pri-

325 2457 484 2496 mum
511 2455 720 2494 nomen
754 2435 920 2494 Servi
946 2435 1171 2494 arbitrii
1196 2434 1503 2508 invenisse,
1536 2435 1640 2493 sed
1669 2443 1928 2494 secutum
1957 2435 2134 2494 fuisse
2164 2433 2580 2512 Augustinum,
2621 2435 2722 2512 qui

326 2517 399 2576 de
448 2537 517 2576 00
559 2515 785 2594 jamdiu
832 2516 914 2574 ita
949 2516 1177 2573 locutus
1219 2513 1421 2591 fuerat,
1454 2515 1692 2575 Enchir.
1723 2516 1799 2574 ad
1828 2516 1999 2574 Laur.
2030 2535 2080 2574 0.
2111 2516 2206 2589 30,
2239 2523 2298 2574 01
2324 2514 2426 2573 lib.
2455 2514 2536 2573 iii.
2567 2523 2721 2574 cont.

328 2597 473 2656 duas
500 2617 589 2675 ep.
621 2597 780 2656 Pela.
810 2617 860 2655 0.
892 2598 946 2671 8,
971 2603 1032 2655 et
1061 2595 1182 2653 suis
1210 2602 1509 2655 succenset
1536 2597 1639 2675 qui
1665 2616 1878 2655 nomen
1906 2596 2062 2655 servi
2089 2594 2310 2656 arbitrii
2339 2601 2472 2655 ante
2503 2594 2720 2654 Luthe-

326 2698 453 2736 rum
481 2680 744 2755 ignotum
762 2676 939 2736 fuisse
959 2673 1393 2753 pertendebant.
1464 2676 1625 2755 Aug.
1644 2677 1718 2736 de
1741 2677 1997 2753 Corrept.
2028 2684 2086 2736 et
2116 2675 2279 2735 Grat.
2310 2696 2360 2735 c.
2395 2678 2504 2735 13:
2551 2677 2587 2708 “
2607 2676 2720 2733 Ar-

326 2758 563 2817 bitrium
611 2757 901 2833 Liberum,
954 2756 1059 2816 sed
1100 2774 1215 2813 non
1256 2754 1579 2832 liberatum,
1626 2757 1872 2817 liberum
1923 2756 2184 2834 justitiae,
2248 2756 2472 2835 peccati
2530 2764 2723 2814 autem

324 2858 562 2913 servum,
593 2857 709 2915 quo
736 2837 1053 2896 volvuntur
1077 2855 1183 2914 per
1208 2835 1470 2895 diversas
1496 2836 1704 2895 noxias
1732 2836 2095 2913 cupiditates,
2125 2836 2225 2894 alii
2254 2836 2457 2913 magis,
2489 2836 2588 2893 alii
2615 2835 2722 2893 mi-

326 2938 455 2994 nus,
487 2918 590 2978 sed
617 2937 817 2977 omnes
858 2918 1053 2975 mali.'’
1138 2917 1217 2975 Et
1267 2916 1474 2974 Enchi.
1518 2936 1569 2975 c.
1615 2918 1712 2992 30,
1763 2918 1798 2949 “
1822 2916 2017 2975 Homo
2057 2916 2242 2977 libero
2285 2916 2521 2975 arbitrio
2569 2916 2720 2975 male

327 3007 516 3074 utens,
548 3006 606 3057 et
634 3018 695 3057 ss
722 2996 977 3075 perdidit
1003 3006 1062 3056 et
1090 2997 1337 3074 ipsum.’'

931 3077 1015 3135 X.
1030 3077 1263 3151 Quarto,
1281 3075 1487 3151 Quoad
1494 3076 1870 3135 necessitatem
1879 3085 2116 3135 eventus.
2161 3076 2311 3135 Nam
2323 3076 2433 3136 etsi
2445 3074 2722 3153 quicquid

846 3166 955 3231 est,
987 3155 1219 3233 quando
1264 3166 1368 3230 est,
1408 3156 1736 3217 necessario
1765 3164 1870 3230 est,
1901 3156 1984 3215 ita
2010 3163 2075 3228 ut
2101 3176 2218 3215 non
2243 3156 2429 3233 possit
2475 3155 2724 3232 amplius

824 3255 966 3309 ,non
1008 3256 1168 3310 esse;
1212 3255 1330 3293 non
1355 3238 1547 3295 minus
1575 3244 1770 3295 tamen
1795 3236 1977 3295 libere
2025 3237 2123 3294 vel
2163 3236 2565 3313 contingenter
2603 3234 2725 3293 fieri

326 3313 551 3389 dicitur,
582 3325 753 3391 prout
780 3336 814 3375 a
841 3314 1033 3374 causis
1079 3314 1278 3373 liberis
1322 3315 1419 3372 vel
1462 3315 1934 3391 contingentibus
1969 3314 2218 3392 pendet:
2258 3316 2398 3391 quia
2441 3313 2725 3374 certitudo

326 3403 385 3454 et
404 3395 620 3454 veritas
647 3396 970 3456 existentiae
998 3394 1083 3451 rei
1108 3413 1227 3452 non
1254 3401 1445 3470 potest
1471 3394 1780 3452 essentiam
1809 3395 1938 3471 ejus
1977 3402 2218 3452 mutare.

927 3474 1049 3531 XI.
1095 3472 1373 3547 Quamvis
1400 3473 1672 3532 voluntas
1697 3474 1881 3531 libera
1908 3472 2020 3547 sit3
2063 3473 2176 3531 hoc
2201 3492 2318 3530 non
2346 3472 2540 3531 obstat
2580 3492 2720 3549 quo-

846 3553 1039 3611 minus
1066 3552 1479 3611 determinetur
1506 3573 1541 3611 a
1570 3553 1714 3626 Deo,
1746 3560 1806 3611 et
1831 3552 1919 3609 illi
1956 3570 2181 3629 semper
2223 3551 2425 3626 subsit,
2474 3550 2610 3626 quia
2652 3552 2721 3610 li-

846 3633 1040 3692 bertas
1067 3633 1179 3692 ista
1198 3651 1316 3691 non
1352 3641 1443 3692 est
1478 3632 1746 3691 absoluta
1781 3640 1841 3691 et
1875 3629 2286 3709 independens,
2326 3650 2395 3689 ac
2436 3629 2720 3706 έδὲσποτος,

325 3738 456 3794 quae
485 3716 594 3775 soli
625 3717 751 3774 Deo
778 3714 1069 3790 competit,
1101 3713 1205 3772 sed
1232 3712 1479 3771 limitata
1504 3720 1563 3771 et
1590 3710 1957 3789 dependens:
2001 3712 2146 3771 alias
2184 3711 2234 3769 si
2273 3712 2436 3769 nulla
2477 3710 2722 3770 facultas

324 3797 508 3857 libera
535 3797 719 3871 datur,
750 3796 864 3855 nisi
900 3814 1031 3869 quse
1058 3794 1203 3852 nulli
1232 3792 1435 3867 subsit,
1476 3800 1578 3851 aut
1614 3811 1733 3849 non
1776 3791 2007 3851 dabitur
2038 3791 2101 3850 in
2138 3791 2414 3851 creaturis
2449 3791 2722 3851 voluntas

324 3877 523 3951 libera,
554 3886 655 3937 aut
682 3876 869 3935 omnis
896 3894 1071 3933 causa
1098 3873 1350 3932 secunda
1370 3873 1479 3931 erit
1504 3871 1708 3950 prima.

408 3957 563 4015 XII.
607 3957 897 4016 Voluntas
925 3954 1135 4013 dicitur
1162 3953 1397 4011 domina
1422 3971 1657 4011 suorum
1685 3960 1935 4026 actuum,
1965 3971 2084 4010 non
2124 3950 2388 4010 absolute
2415 3958 2475 4011 et
2501 3950 2719 4028 simpli-

325 4037 483 4111 citer,
516 4037 682 4114 quasi
709 4036 784 4095 ab
812 4036 939 4113 ipsa
961 4033 1238 4110 penderet
1266 4052 1493 4112 semper
1518 4052 1618 4092 eos
1646 4032 1853 4091 elicere
1879 4031 1978 4090 vel
2004 4051 2121 4089 non
2149 4031 2387 4107 elicere3
2429 4032 2541 4091 hac
2569 4032 2723 4090 enim

326 4118 547 4176 ratione
576 4136 693 4175 non
719 4124 909 4193 potest
946 4133 1063 4172 non
1092 4114 1329 4172 subesse
1356 4124 1415 4173 01
1444 4114 1572 4172 Deo
1600 4121 1663 4172 et
1687 4112 2042 4171 intellectui:
2085 4110 2189 4170 sed
2216 4112 2534 4171 secundum
2563 4112 2720 4189 quid,

324 4197 546 4256 ratione
574 4204 805 4255 actuum
830 4196 1258 4272 imperatorum,
1305 4212 1452 4270 quos
1480 4193 1726 4271 imperat
1751 4191 2026 4271 potentiis
2049 4190 2433 4268 inferioribus,
2479 4212 2598 4251 non
2633 4212 2722 4251 ra·

325 4277 483 4335 tione
512 4276 850 4349 elicitorum,
881 4275 983 4352 qui
1009 4292 1125 4331 non
1144 4281 1396 4410 lpossunt
1422 4272 1539 4332 dici
1579 4272 1810 4351 proprie
1849 4272 2168 4331 voluntatis
2195 4272 2435 4349 imperio
2465 4272 2720 4345 subesse,

326 4376 458 4416 cum
508 4357 625 4415 sint
667 4355 1018 4431 ipsissimum
1066 4372 1143 4411 vo
1168 4352 1385 4411 untatis
1412 4352 1733 4430 imperium,
1779 4373 1896 4431 quo
1940 4352 2183 4411 aliarum
2228 4351 2566 4412 facultatum
2611 4350 2724 4409 sibi

326 4437 718 4515 subjectarum
746 4443 911 4495 actus
935 4435 1195 4511 imperat.
1602 4490 1611 4499 ,

410 4517 600 4575 ΧΙΙΙ.
643 4515 935 4573 Voluntas
961 4521 1153 4590 potest
1180 4511 1442 4590 spectari,
1472 4512 1569 4570 vel
1611 4512 1792 4572 relate
1835 4510 1912 4570 ad
1958 4510 2254 4572 decretum
2281 4519 2340 4570 et
2383 4528 2725 4569 concursum

328 4596 457 4672 Dei,
485 4597 579 4656 vel
609 4594 1080 4656 contradistincte
1122 4592 1198 4652 ad
1224 4592 1617 4669 intellectum;
1677 4592 1864 4651 Priori
1893 4610 2068 4652 sensu
2093 4598 2250 4650 recte
2277 4590 2490 4650 dicitur
2513 4589 2598 4649 ita
2624 4586 2723 4648 de-

326 4676 623 4734 terminari
649 4694 687 4735 a
717 4676 861 4750 Deo,
892 4684 958 4733 ut
986 4674 1232 4753 seipsam
1263 4672 1437 4732 etiam
1465 4671 1841 4748 determinet3
1885 4672 2026 4749 quia
2059 4678 2127 4731 ut
2170 4690 2240 4729 su
2278 4690 2344 4729 ra
2385 4670 2595 4745 visum,
2642 4669 2728 4729 sic

327 4757 490 4816 Deus
520 4764 717 4816 movet
745 4762 1054 4831 creaturas,
1077 4761 1144 4814 ut
1172 4772 1341 4814 suum
1370 4750 1489 4811 illis
1518 4762 1741 4812 motum
1767 4752 2090 4830 relinquat:
2137 4750 2212 4811 Se
2279 4749 2584 4828 posteriori
2611 4770 2728 4809 non

334 3182 342 3189 .
393 3143 437 3187 4
468 3142 743 3189 Necessitas

456 3205 673 3246 eventus.

375 3541 558 3586 Fontes
612 3540 749 3587 Solu-

457 3598 661 3645 tionum.
