3300 5225
592 302 711 359 530
1514 320 1698 362 Locus
1727 320 2014 361 oc'rAvus.
2608 300 2874 383 [Quaes‘r.
2916 320 3060 363 vu.

604 468 845 537 cogatur
888 479 1021 517 eum
1065 459 1125 517 in
1170 480 1275 521 suo
1305 460 1584 521 Pontifice
1628 480 1961 540 agnoscere,
1995 458 2166 537 fingit
2191 458 2252 518 li.
2283 458 2364 518 iii.
2393 458 2466 519 de
2495 460 2664 519 Rom.
2698 461 2764 521 P.
2795 482 2936 539 cap.
2973 464 3053 521 6.

608 540 911 599 Enochum
940 547 999 599 et
1016 540 1205 599 Eliam
1224 542 1508 599 asservari
1527 542 1589 599 in
1608 541 1901 615 ParadisO,
1926 549 1984 600 et
2005 540 2138 598 inde
2159 539 2446 599 redituros
2463 540 2570 599 sub
2591 540 2766 599 finem
2787 542 3048 617 mundi,

608 619 683 677 ad
710 620 1085 697 pugnandum
1113 640 1243 679 eum
1271 640 1358 695 e0,
1391 629 1449 680 et
1476 621 1549 679 ab
1578 621 1706 698 ipso
1747 619 2156 695 trucidandos;
2219 618 2364 677 Cum
2393 619 2526 677 talis
2555 621 2862 679 commenti
2909 640 3050 679 nec

608 700 759 773 vola,
790 718 899 759 nec
925 700 1237 778 vestigium
1265 701 1325 757 in
1358 700 1655 777 Scriptura
1682 709 1960 759 occurrat.
2044 698 2214 773 Quod
2241 697 2452 757 dicitur
2477 698 2550 757 de
2579 698 2728 758 Eliae
2756 699 3046 758 adventu

611 778 823 838 Malae.
852 780 930 837 iv.
962 782 1016 853 5,
1047 780 1108 837 in
1136 780 1407 839 Johanne
1436 780 1703 856 Baptista
1729 780 2029 856 impletum
2057 797 2184 837 esse
2225 785 2452 837 constat
2478 797 2554 836 ex
2584 778 2726 837 Luc.
2754 779 2793 838 i.
2828 783 2928 854 17,
2963 787 3044 837 et

610 858 875 917 Christus
902 859 1025 935 ipse
1052 865 1297 918 testatur
1326 859 1493 918 Matt.
1538 860 1619 917 xi.
1655 860 1746 933 14,
1783 858 1818 892 “
1844 859 1907 917 Si
1934 858 2114 917 vultis
2155 850 2402 931 credere,
2438 857 2564 935 ipse
2591 866 2680 917 est
2708 859 2870 917 Elias
2915 858 3042 935 qui

608 946 893 996 venturus
920 939 1101 1013 erat,”
1132 946 1191 997 et
1219 939 1401 996 Marc.
1430 938 1511 996 ix.
1546 940 1639 1013 13,
1675 942 1710 972 “
1734 937 1882 997 Dico
1909 937 2078 996 vobis
2107 936 2270 994 Elias
2293 934 2396 995 ille
2415 938 2540 1014 jam
2567 936 2744 1013 venit,
2775 946 2836 997 et
2861 937 3034 996 fece-

609 1025 746 1075 runt
773 1017 829 1076 ei
853 1036 1210 1095 quaecunque
1237 1017 1606 1076 voluerunt.''
1689 1018 1735 1077 J
1735 1017 1888 1076 udaei
1907 1015 2218 1076 credebant
2239 1015 2427 1073 Eliam
2449 1016 2792 1075 mittendum
2813 1016 3028 1092 fuisse,

611 1096 945 1174 priusquam
972 1116 1215 1174 regnum
1244 1116 1414 1156 suum
1432 1097 1682 1155 Messias
1709 1096 2128 1173 auspicaretur3
2159 1093 2372 1153 fatetur
2389 1096 2652 1154 Christus
2689 1094 2752 1153 id
2777 1095 3028 1173 quidem

610 1196 814 1235 verum
842 1196 985 1251 esse,
1017 1176 1120 1235 sed
1146 1175 1360 1235 factum
1394 1176 1519 1254 jam
1560 1176 1737 1237 fuisse
1779 1184 2040 1235 testatur.
2125 1174 2238 1247 Qui
2265 1193 2404 1251 ergo
2445 1174 2646 1233 dicunt
2673 1174 2880 1250 Elium,
2913 1176 3028 1251 qui

602 1255 779 1334 juxta
808 1256 1111 1315 Malachiae
1140 1256 1435 1315 oraculum
1463 1263 1597 1314 ante
1627 1255 1860 1315 Messiae
1889 1254 2198 1313 adventum
2238 1253 2486 1329 primum
2515 1253 2828 1313 mittendus
2868 1262 3022 1329 erat,

610 1335 869 1394 nondum
912 1337 1159 1409 venisse,
1190 1335 1261 1394 iis
1308 1335 1633 1393 necessario
1677 1334 1972 1394 fatendum
2015 1341 2121 1409 est,
2167 1332 2422 1392 nondum
2451 1333 2680 1392 venisse
2714 1334 3022 1392 Messium.

614 1414 739 1475 Nec
766 1416 967 1491 reponi
1008 1423 1200 1491 potest
1238 1415 1587 1473 Malachiam
1628 1414 1789 1492 loqui
1830 1414 1902 1472 de
1929 1412 2134 1472 ultimo
2176 1412 2447 1486 adventu,
2479 1413 2616 1488 quia
2642 1420 2812 1471 vocat
2851 1413 3030 1470 illum

611 1493 766 1552 diem
797 1493 1033 1551 Domini
1058 1514 1324 1569 maynum
1351 1503 1405 1551 et
1428 1494 1747 1552 horribilem
1766 1516 1791 1565 ;
1832 1494 1969 1570 quia
1995 1512 2116 1550 vox
2150 1512 2312 1551 nm
2341 1510 2455 1550 non
2491 1491 2777 1569 significat
2795 1500 3032 1551 tantum

614 1572 966 1647 horribilem,
998 1572 1104 1632 sed
1148 1573 1323 1631 etiam
1364 1575 1749 1632 reverendum.
1835 1571 2060 1630 Deinde
2109 1572 2394 1630 adventus
2423 1570 2638 1629 Christi
2677 1571 2897 1648 primus
2937 1572 3032 1630 ita

614 1651 840 1727 dicitur,
871 1652 1009 1727 quia
1055 1654 1091 1685 ‘⁴
1112 1671 1358 1728 magnus
1400 1659 1490 1709 est
1531 1652 1764 1722 sanctis,
1791 1650 2086 1709 horribilis
2125 1650 2584 1727 peccatoribus‚”
2613 1659 2682 1710 ut
2706 1651 2788 1709 ait
2817 1650 3028 1710 Hiero.

618 1732 656 1763 ‘⁴
680 1729 807 1788 Nisi
836 1730 988 1789 enim
1014 1730 1273 1789 venisset
1302 1730 1564 1789 Christus
1592 1730 1669 1788 ad
1689 1726 1952 1789 'Judaeos
1979 1749 2096 1788 non
2136 1730 2476 1788 habuissent
2519 1730 2878 1808 peccatum,''
2911 1728 3029 1789 &c-

615 1810 661 1869 ,J
662 1808 756 1868 oh.
786 1828 887 1868 xv.
918 1812 1014 1867 22.
1102 1809 1218 1868 Sed
1246 1830 1375 1869 cum
1400 1809 1693 1867 Christum
1713 1809 2040 1868 venientem
2067 1809 2438 1886 respuissent,
2463 1808 2561 1867 ille
2588 1816 2798 1867 terram
2827 1828 3030 1867 eorum

618 1887 847 1948 excidio
874 1889 1157 1965 percussit
1185 1908 1259 1947 ex
1288 1889 1519 1948 oraculo
1550 1889 1856 1965 Prophetae
1884 1888 2096 1947 Malae.
2127 1889 2204 1947 iv.
2238 1890 2294 1946 6.
2378 1885 2578 1964 Atque
2619 1896 2886 1965 respectu
2914 1889 3028 1946 hu·-

605 1970 708 2047 jus
729 1968 939 2045 judicii
966 1976 1026 2027 et
1054 1968 1284 2042 excidii,
1316 1968 1473 2045 quod
1502 1968 1717 2027 Christi
1745 1967 2054 2027 adventum
2089 1975 2212 2025 erat
2246 1966 2704 2041 subsecuturum,
2735 1968 3030 2026 adventus

613 2047 739 2125 ipse
768 2047 983 2105 Christi
1010 2055 1076 2106 ut
1102 2047 1375 2106 terribilis
1404 2048 1750 2106 describitur
1778 2046 1921 2105 Mal.
1943 2046 2025 2106 iii.
2049 2050 2105 2120 2,
2131 2054 2190 2105 et
2217 2066 2252 2104 a
2268 2046 2311 2105 ,J
2314 2046 2407 2103 oh.
2433 2046 2716 2123 Baptista,
2743 2047 2914 2105 Matt.
2939 2048 3026 2105 iii.

620 2130 715 2186 10.
797 2126 921 2185 Nec
965 2127 1015 2186 si
1043 2128 1211 2185 Elias
1258 2126 1469 2185 dicitur
1506 2137 1770 2185 venturus
1799 2127 1970 2184 Matt.
2001 2125 2142 2183 xvii.
2177 2127 2270 2199 11,
2310 2125 2421 2183 hoc
2463 2125 2546 2185 ita
2575 2123 3026 2201 intelligendum

614 2214 719 2282 est,
748 2206 917 2284 quasi
944 2206 1135 2265 adhuc
1162 2214 1439 2265 venturus
1468 2214 1636 2281 esset,
1669 2204 1773 2263 sed
1812 2204 1950 2281 quia
1983 2206 2157 2281 juxta
2185 2188 2534 2262 Malachiam
2577 2204 2714 2263 olim
2743 2212 3030 2263 venturus

612 2294 752 2361 erat,
785 2294 843 2345 et
870 2286 1241 2345 restituturus
1268 2285 1476 2359 omnia,
1491 2283 1648 2361 quod
1679 2284 1983 2359 Abulensis,
2004 2284 2066 2341 in
2085 2284 2254 2342 Matt.
2274 2283 2354 2341 xi.
2384 2283 2466 2341 ita
2483 2286 2737 2359 exponit,
2752 2284 2856 2359 qui
2883 2303 3027 2342 ven-

613 2374 779 2425 turus
807 2372 911 2439 est,
942 2365 1003 2422 id
1031 2373 1134 2441 est,
1171 2367 1207 2397 “
1228 2364 1327 2441 qui
1356 2372 1635 2423 venturus
1675 2371 1835 2441 erat3
1879 2382 2013 2421 nam
2035 2363 2158 2439 jam
2187 2370 2460 2421 venerat:
2503 2362 2608 2421 sed
2648 2362 2874 2439 dicitur,
2919 2362 3025 2439 qui

614 2452 911 2519 venturus,
963 2444 1101 2520 quia
1138 2451 1417 2503 venturus
1457 2444 1811 2521 promittitur
1849 2443 1910 2500 in
1956 2442 2324 2519 Scripturis‚”
2367 2452 2434 2500 ut
2477 2442 2646 2501 Matt.
2677 2442 2757 2499 xi.
2789 2444 2844 2517 3,
2873 2443 2921 2501 J
2921 2443 3020 2501 oh.

614 2524 787 2600 Bapt.
816 2543 921 2600 per
958 2522 1273 2601 discipulos
1315 2542 1450 2582 suos
1490 2523 1782 2582 Christum
1822 2522 2155 2599 interrogat,
2191 2523 2346 2580 Peme
2389 2540 2462 2596 es,
2493 2523 2594 2598 qui
2625 2530 2888 2580 venturus
2915 2542 2972 2579 es
2989 2526 3022 2580 ,²

617 2602 881 2663 Christus
927 2601 1267 2680 jamdudum
1294 2612 1547 2678 venerat,
1592 2623 1662 2662 ac
1703 2601 1944 2680 proinde
1971 2610 2249 2662 venturus
2290 2599 2517 2677 dicitur,
2548 2621 2662 2660 non
2701 2602 2840 2678 quia
2877 2609 3020 2660 tunc

614 2691 911 2756 venturus,
942 2683 1045 2742 sed
1072 2683 1210 2759 quia
1250 2683 1424 2760 juxta
1449 2683 1782 2760 prophetias
1831 2683 1890 2742 S.
1934 2681 2242 2759 Scripturas
2283 2688 2561 2740 venturus
2603 2690 2742 2757 erat,
2771 2688 2837 2741 ut
2863 2699 3017 2759 saepe

615 2763 764 2822 solet
794 2763 1090 2838 Scriptura
1115 2771 1337 2823 mutato
1366 2771 1521 2822 statu
1547 2763 1793 2821 retinere
1821 2781 2032 2820 nomen
2059 2761 2377 2838 antiquum.

699 2841 785 2900 X.
828 2843 971 2902 Bim·
1015 2851 1170 2901 testes
1217 2841 1289 2900 de
1338 2843 1548 2918 quibus
1595 2841 1790 2918 agitur
1817 2840 2004 2918 Apoc.
2049 2840 2132 2899 xi.
2163 2843 2218 2916 3,
2248 2858 2366 2898 non
2411 2845 2656 2916 possunt
2701 2839 2900 2898 referri
2939 2838 3015 2898 ad

615 2924 909 2980 Enochum
936 2930 995 2980 et
1022 2923 1234 2992 Elium,
1266 2921 1403 2996 quia
1430 2920 1609 2978 semel
1635 2920 2063 2979 immortalitate
2091 2919 2288 2978 donati
2316 2919 2558 2978 ulterius
2584 2919 2757 2977 morti
2777 2918 3011 2977 obnoxii

614 3019 733 3058 non
762 3007 912 3075 sunt,
943 3006 1009 3058 ut
1036 3000 1131 3058 vel
1158 2999 1286 3057 neci
1313 2999 1537 3076 possint
1562 2998 1716 3056 tradi
1741 2999 1814 3056 ab
1844 2997 2266 3073 Anti-Christe,
2297 2998 2392 3057 vel
2428 2998 2842 3056 resurrectione
2871 3017 3012 3074 opus

613 3078 883 3136 habeant.
971 3077 1087 3136 Sed
1114 3079 1223 3136 hoc
1250 3077 1509 3152 refertur,
1540 3079 1638 3135 vel
1679 3076 1756 3135 ad
1782 3076 1860 3136 V.
1889 3085 1948 3136 et
1975 3077 2048 3136 N.
2077 3077 2526 3152 Testamentum,
2557 3076 2716 3152 quod
2754 3077 3009 3135 testimo·

612 3157 777 3215 nium
802 3156 1067 3232 perhibet
1094 3156 1339 3232 christo,
1370 3165 1429 3216 et
1455 3156 1613 3233 quod
1638 3155 1813 3233 impie
1840 3156 2134 3233 prohibuit
2162 3165 2220 3214 et
2245 3156 2487 3214 foedavit
2514 3156 2750 3231 Bestia;
2797 3155 2910 3214 Vel
2937 3153 3008 3213 ad

611 3236 795 3313 ipsius
826 3235 1007 3294 Verbi
1035 3236 1356 3312 Praecones,
1386 3236 1487 3313 qui
1517 3235 2004 3295 Reformationem
2032 3243 2460 3314 praecesserunt,
2493 3243 2552 3293 et
2583 3235 2739 3293 viam
2767 3235 2854 3291 illi
2879 3253 3006 3311 ape-

612 3321 867 3390 ruerunt,
898 3315 1000 3392 qui
1028 3315 1218 3392 aptius
1244 3315 1515 3375 dicuntur
1552 3315 1736 3374 bestioe
1760 3333 1876 3374 sese
1917 3335 2212 3392 opponere,
2245 3316 2435 3389 occidi,
2467 3315 2670 3373 habere
2710 3317 3003 3389 cadavera,

613 3415 727 3454 non
768 3395 1007 3470 sepeliri,
1038 3395 1361 3454 rmduiscere
1406 3395 1475 3453 in·
1512 3395 1973 3469 successoribus3
2018 3393 2117 3470 qui
2161 3394 2278 3452 bini
2317 3393 2600 3469 dicuntur,
2633 3394 2756 3452 sive
2784 3401 3011 3471 propter

614 3475 979 3553 paucitatem,
1008 3493 1247 3534 numero
1276 3482 1431 3534 certo
1458 3493 1563 3552 pro
1590 3475 1808 3533 incerto
1835 3474 2042 3551 posito,
2075 3473 2216 3550 sive,
2246 3473 2384 3550 quia
2423 3481 2489 3532 ut
2513 3473 2822 3550 plurimum
2854 3473 3007 3530 Deus

616 3554 692 3612 ad
720 3554 1042 3614 Ecclesiam
1070 3573 1233 3613 suam
1260 3553 1689 3613 instaurandam
1730 3552 1900 3612 binos
1927 3561 1986 3611 et
2011 3553 2180 3611 binos
2221 3553 2427 3629 emisit,
2458 3561 2524 3610 ut
2553 3553 2779 3611 Mosem
2807 3561 2866 3610 et
2893 3553 3006 3610 Aa·

616 3653 832 3708 renem,
866 3634 1056 3692 Eliam
1084 3642 1143 3693 et
1170 3633 1463 3708 Elisaeum‚
1496 3632 1910 3691 Zorobabelem
1939 3640 1998 3691 et
2025 3632 2068 3691 J
2071 3651 2270 3690 osuam
2307 3631 2370 3689 in
2396 3631 2598 3690 Veteri
2625 3631 3005 3706 TestamentO,

616 3721 675 3772 et
702 3713 763 3770 in
793 3714 978 3788 Nove,
1012 3711 1300 3789 Discipuli
1326 3711 1448 3771 bini
1476 3721 1535 3770 et
1560 3711 1684 3770 bini
1711 3711 2017 3770 mittuntur
2043 3711 2118 3768 ad
2143 3711 2589 3788 praedicandum,
2623 3711 2804 3768 Marc.
2835 3710 2911 3768 vi.
2953 3715 3004 3786 7,

615 3792 677 3850 in
707 3791 1136 3851 Reformatione
1164 3791 1441 3850 excitavit
1459 3791 1505 3850 J
1506 3810 1752 3850 oannem
1780 3790 2080 3864 Hussium,
2112 3798 2170 3849 et
2199 3790 2621 3867 Hieronymum
2664 3789 3006 3867 Pragensem

616 3871 677 3927 in
708 3871 1005 3944 Bohemia,
1037 3869 1368 3946 Zuinglium
1397 3877 1455 3929 et
1484 3869 1992 3947 oecolampadium
2030 3869 2092 3926 in
2121 3869 2411 3942 Helvetia,
2443 3869 2762 3928 Lutherum
2801 3877 2860 3928 et
2888 3869 3004 3928 Me-

616 3948 984 4007 lancthonem
1010 3949 1073 4007 in
1100 3948 1427 4024 Germania,
1462 3949 1767 4008 Calvinum
1795 3957 1854 4007 et
1883 3949 2174 4007 Farellum
2201 3948 2262 4006 in
2292 3949 2502 4007 Gallia.

699 4026 819 4085 XI.
866 4027 1030 4086 Licet
1056 4047 1171 4086 non
1198 4027 1367 4104 pauci
1404 4047 1481 4084 ex
1507 4027 1822 4086 Veteribus
1848 4035 2232 4086 commentum
2274 4027 2346 4085 de
2390 4027 2650 4086 Paradisi
2692 4025 3000 4102 duratione,

616 4111 676 4163 et
719 4104 793 4163 de
838 4104 974 4165 sede
1016 4107 1240 4165 Enochi
1284 4115 1343 4166 et
1372 4105 1517 4164 Eliae
1555 4105 1615 4163 in
1655 4105 1756 4164 illo
1797 4107 2160 4183 adoptarint;
2207 4107 2338 4166 Non
2381 4107 2640 4182 sequitur
2683 4105 2876 4164 statim
2923 4125 3004 4163 re-

616 4183 945 4260 cipiendum
974 4205 1117 4258 esse,
1150 4205 1281 4244 cum
1308 4184 1656 4244 destituatur
1682 4185 1880 4245 Verbo
1911 4185 2038 4261 Dei,
2084 4186 2200 4244 imo
2227 4205 2345 4243 non
2383 4186 2624 4244 obscure
2669 4185 2756 4244 illi
2803 4202 3002 4262 repug-

614 4271 715 4322 net
739 4285 754 4322 :
792 4262 927 4322 fons
954 4264 1161 4322 erroris
1192 4263 1421 4323 videtur
1448 4265 1748 4341 petendus,
1793 4266 2003 4342 partim
2046 4285 2081 4322 a
2119 4265 2520 4324 Translatione
2551 4265 2757 4324 Graeca
2785 4263 3002 4322 duobus

616 4343 678 4401 in
704 4341 1206 4419 locisdepravata,
1238 4344 1449 4403 Malae.
1478 4345 1557 4402 iv.
1590 4347 1643 4421 5,
1669 4345 1771 4404 ubi
1799 4344 2114 4403 secundum
2141 4345 2444 4404 veritatem
2483 4344 2839 4403 Hebraicam
2867 4343 3000 4419 legi-

616 4431 711 4481 tur
736 4423 904 4481 Mitto
930 4423 1080 4481 vobis
1106 4423 1303 4481 Eliam
1330 4425 1688 4500 Prophetam,
1721 4423 1928 4484 Graeca
1964 4424 2153 4482 versio
2191 4425 2366 4484 habet
2391 4424 2574 4483 Ἠλίαν
2620 4429 2699 4482 τὶν
2749 4426 2997 4496 &to-sim,

618 4503 811 4560 Etiam
846 4503 1151 4577 ssisbilem,
1182 4502 1347 4578 quasi
1374 4503 1484 4561 hoc
1512 4503 1585 4562 de
1610 4523 1858 4580 persona
1886 4504 2032 4562 Eliae
2053 4503 2333 4563 Thisbitae
2360 4513 2512 4564 esset
2533 4503 2998 4580 intelligendum3

618 4581 697 4642 Et
726 4585 762 4640 2
796 4583 941 4659 Reg.
972 4582 1031 4642 ii.
1066 4585 1119 4658 1,
1154 4585 1245 4658 11,
1276 4581 1376 4642 ubi
1396 4583 1570 4660 Juxta
1598 4583 1782 4642 Hebr.
1812 4582 2025 4660 legitur
2053 4580 2244 4642 Eliam
2271 4583 2447 4644 fuisse
2476 4585 2883 4659 assumendum,
2914 4581 3000 4640 vel
