3300 5225
497 280 579 341 04
1470 294 1653 339 Locus
1681 292 1999 339 sscusnus.
2041 282 2046 287 “
2535 274 2792 357 [QUAEST.
2823 291 2904 337 1x.

494 454 582 497 roe
608 446 668 497 et
692 436 975 514 Danielis,
1004 454 1153 515 quos
1178 436 1240 495 in
1267 450 1570 497 numerum
1587 435 2006 496 canonicorum
2035 433 2290 493 referunt
2317 432 2636 494 Pontifieiiz
2679 434 2806 494 Nos
2829 434 2906 493 ab

495 517 600 576 illo
627 536 729 577 eos
756 517 1152 592 excludimus3
1196 536 1314 575 non
1340 515 1498 595 quod
1524 516 1710 577 multa
1734 535 1876 575 vera
1901 523 1960 575 et
1986 515 2082 592 pia
2108 514 2181 573 iis
2209 532 2326 573 non
2351 513 2772 590 contineantur,
2801 512 2908 573 sed

496 596 655 675 quod
680 597 959 656 librorum
988 595 1407 663 Canonieorum
1434 603 1601 655 notas
1628 614 1748 654 non
1773 595 2038 655 habeant.

1102 674 1225 733 III.
1262 674 1543 734 Rationes
1568 682 1707 733 sunt
1733 674 1926 733 variae.
2001 676 2052 732 1.
2084 671 2234 747 Quia
2259 670 2504 731 ecelesia
2529 670 2574 731 J
2575 670 2786 731 udai‘ca
2811 670 2908 732 eui

495 746 599 795 0¹¹¹·
650 748 789 794 Libri
852 748 980 807 Apo-
1020 754 1330 813 eommissa
1372 762 1508 813 sunt
1550 753 1802 832 Eloquia
1845 753 1974 827 Dei,
2023 752 2192 811 Rom.
2234 750 2316 809 iii.
2362 754 2420 826 2,
2465 770 2762 829 nunquam
2803 768 2906 809 eos

551 804 981 910 tlzfffifflm
1021 832 1225 892 habuit
1250 853 1356 911 pro
1378 832 1699 907 eanoniois,
1723 830 1970 913 eundem
1989 829 2292 889 nobiseum
2315 830 2610 889 canonem
2629 830 2904 907 retinens,

1020 918 1088 972 ut
1127 919 1371 971 testatur
1394 912 1610 988 Joeepla
1640 912 1700 971 li.
1733 913 1786 985 1,
1815 919 2017 969 contra
2039 910 2371 987 Apln'onem,
2401 916 2462 967 et
2487 907 2700 968 fatetur
2723 910 2901 968 Beoa.

496 992 704 1050 Manu.
735 991 931 1052 Gontr.
972 991 1035 1051 li.
1067 994 1122 1067 1,
1161 1012 1211 1051 c.
1256 994 1309 1067 1,
1354 998 1412 1050 et
1436 992 1685 1067 Sapleto.
1728 996 1808 1049 te.
1843 992 1894 1062 1,
1934 989 1996 1048 li.
2025 990 2086 1048 3.
2129 989 2325 1048 Contr.
2369 990 2426 1063 5,
2469 1007 2520 1046 e.
2553 990 2650 1047 14.
2731 986 2902 1063 Quod

494 1069 620 1129 fieri
646 1089 764 1129 non
803 1070 1087 1149 potuisset
1112 1070 1237 1129 sine
1264 1070 1431 1147 gravi
1459 1069 1713 1145 erimine,
1745 1068 1794 1127 si
1832 1067 1968 1127 libri
1993 1068 2080 1125 illi
2107 1086 2227 1126 non
2253 1068 2444 1126 minus
2471 1086 2542 1125 ae
2568 1067 2763 1127 caeteri
2787 1066 2902 1144 ipsi

493 1149 809 1213 concrediti
836 1148 1111 1225 fuissent3
1155 1148 1313 1225 quod
1338 1158 1531 1207 tamen
1570 1148 1684 1225 ipsi
1723 1167 1832 1206 nec
1857 1165 1896 1206 a
1921 1147 2170 1223 Clu-iste,
2212 1166 2320 1205 nee
2361 1146 2436 1205 ab
2464 1145 2768 1223 Apostolis
2793 1164 2899 1205 un-

534 1247 668 1286 uam
709 1228 1039 1305 impactum.
1124 1227 1327 1305 Neque
1354 1228 1449 1286 hie
1478 1228 1679 1287 Canon
1705 1227 1750 1288 J
1751 1226 2048 1287 udaeorum
2087 1246 2126 1286 a
2165 1225 2398 1285 Canone
2441 1224 2900 1284 Christianorum

492 1246 777 1383 distingui
815 1306 1021 1383 debet3
1064 1305 1201 1383 quia
1242 1306 1555 1366 Christiani
1594 1326 1703 1365 nee
1742 1313 1987 1385 possunt
2025 1324 2134 1365 nec
2175 1304 2388 1364 debent
2427 1310 2726 1381 acceptare
2751 1303 2900 1363 alios

490 1383 673 1445 libros
702 1385 778 1446 V.
808 1385 876 1445 T.
917 1405 1025 1464 pro
1067 1385 1389 1461 Canonieis,
1432 1406 1607 1462 quam
1646 1405 1795 1463 quos
1835 1392 2181 1463 aeceperunt
2207 1403 2244 1443 a
2269 1385 2313 1445 J
2313 1382 2496 1443 udaeis
2523 1402 2723 1443 eorum
2751 1384 2897 1459 Cap-

492 1465 680 1540 sariis,
710 1472 777 1523 ut
802 1473 977 1525 vocat
1002 1484 1105 1524 eos
1131 1465 1279 1542 Aug.
1320 1464 1383 1521 in
1410 1464 1510 1524 Ps.
1540 1464 1641 1539 xl.,
1673 1466 1775 1542 qui
1808 1465 2149 1523 studentibus
2187 1463 2341 1523 nobis
2371 1462 2603 1523 Codices
2633 1470 2894 1539 portant.

491 1547 550 1603 2.
594 1542 747 1619 Quia
784 1561 1070 1621 nusquam
1106 1543 1361 1609 citantur
1398 1562 1435 1602 a
1462 1544 1694 1603 Christo
1720 1554 1780 1604 et
1812 1543 2115 1621 Apostolis
2149 1549 2218 1602 ut
2257 1541 2535 1602 Canonici
2573 1560 2692 1600 non
2729 1560 2898 1601 secus

492 1641 560 1680 ac
588 1622 815 1698 eaeteri3
858 1624 975 1681 imo
1016 1621 1155 1681 dum
1197 1621 1462 1681 Christus
1498 1641 1699 1682 omnes
1725 1623 1803 1682 V.
1827 1623 1896 1681 Τ.
1926 1622 2152 1698 Libros,
2185 1621 2326 1681 Luc.
2356 1622 2522 1679 xxiv.
2551 1623 2648 1697 44,
2691 1619 2752 1679 in
2777 1628 2898 1681 tres

493 1700 725 1761 Classes
765 1701 1029 1779 partitur,
1077 1701 1315 1778 Legem,
1361 1700 1643 1779 Psalmos,
1689 1710 1748 1761 et
1789 1702 2125 1780 Prophetas,
2168 1719 2288 1759 non
2327 1700 2568 1760 obscure
2605 1700 2898 1759 Canonem

490 1780 537 1839 J
539 1780 835 1840 udaeorum
877 1779 1101 1858 probat,
1146 1789 1207 1839 et
1246 1780 1427 1840 libros
1469 1780 1613 1841 istos
1660 1781 1762 1859 qui
1808 1780 1911 1841 illa
1955 1780 2242 1841 divisione
2287 1798 2405 1837 non
2454 1778 2820 1839 continentur
2859 1798 2897 1837 a

493 1858 727 1919 Canone
770 1858 1047 1919 excludit.
1148 1862 1207 1919 3.
1250 1858 1402 1933 Quia
1440 1860 1705 1921 Ecclesia
1749 1860 2076 1921 Christiana
2115 1879 2220 1939 per
2265 1860 2386 1919 400
2433 1878 2617 1917 annos
2659 1858 2896 1919 eosdem

490 1938 809 2013 nobiseum,
840 1946 899 1997 et
939 1957 1056 1997 non
1096 1938 1242 1997 alios
1280 1938 1461 1998 libros
1490 1938 1810 1999 Canonieos
1837 1938 2111 2017 agnovit3
2152 1945 2315 2017 patet
2350 1957 2426 1997 ex
2457 1937 2627 1998 Cone.
2653 1937 2894 1997 Laodic.

489 2036 543 2076 c.
572 2019 670 2094 59,
711 2017 981 2078 Melitene
1022 2016 1297 2077 Sardensi
1338 2018 1627 2097 Episcopo
1667 2020 1770 2095 qui
1809 2018 1963 2078 vixit
2001 2038 2054 2077 a.
2099 2018 2163 2077 C.
2199 2019 2290 2093 16,
2321 2019 2484 2094 apud
2503 2018 2710 2075 Euseb.
2739 2017 2892 2075 Hist.

486 2095 529 2154 l.
558 2098 617 2154 4.
664 2117 714 2156 e.
757 2098 855 2156 25.
936 2096 1267 2174 Epiphanio
1302 2096 1364 2155 in
1403 2098 1611 2157 haeresi
1656 2097 2108 2175 Epicuroeorum,
2148 2098 2498 2173 Hieronymo
2541 2096 2604 2155 in
2641 2094 2894 2173 Prologo

488 2176 737 2251 galeato,
781 2176 1092 2235 Athanasio
1131 2175 1194 2234 in
1234 2178 1493 2254 synopsi,
1524 2174 1633 2235 ἀει.
1717 2180 1774 2235 4.
1819 2175 1972 2252 Quia
2011 2195 2120 2237 nec
2163 2176 2434 2235 authores
2475 2174 2708 2236 fuerunt
2751 2174 2891 2235 Pro-

485 2254 676 2331 phetes
704 2262 763 2314 et
789 2254 921 2313 Viri
944 2254 1273 2329 suba-nom,
1306 2274 1437 2315 eum
1464 2255 1664 2334 scripti
1691 2256 1808 2315 siut
1834 2264 1968 2332 post
1984 2255 2332 2315 Malachiam
2353 2254 2620 2315 ultimum
2638 2254 2892 2332 Prophe-

486 2339 711 2409 tarum;
762 2352 871 2393 nee
912 2334 1145 2411 Lingua
1186 2334 1482 2393 Hebraica
1524 2333 1748 2394 exarati
1793 2334 1927 2411 sint,
1973 2342 2040 2393 ut
2088 2334 2252 2392 Libri
2277 2333 2356 2393 V.
2401 2334 2470 2392 T.
2516 2332 2622 2392 sed
2663 2332 2888 2392 Graeca.

489 2411 665 2471 Unde
692 2412 737 2473 J
738 2413 990 2490 osephus
1015 2414 1145 2472 loco
1172 2413 1348 2472 citato
1374 2414 1639 2490 agnoscit
1665 2432 1738 2473 ea
1761 2433 1893 2505 quae
1919 2413 2076 2491 apud
2103 2430 2240 2473 suos
2266 2411 2480 2490 scripta
2504 2411 2735 2471 fuerunt
2759 2420 2894 2489 post

488 2490 841 2549 Artaxerxis
866 2499 1142 2568 tempora,
1172 2510 1291 2549 non
1315 2492 1471 2569 paris
1498 2510 1625 2551 esse
1650 2492 1790 2551 fidei
1816 2501 1877 2551 et
1894 2492 2259 2552 authoritatis
2279 2511 2412 2551 cum
2435 2489 2893 2569 praecedentibus

486 2566 575 2628 ,aa
598 2574 655 2628 τὶ
678 2572 749 2646 piu
776 2568 989 2641 ’μνία-θαι
1014 2574 1097 2633 τὸν
1122 2595 1215 2630 τω
1241 2574 1498 2651 τροφῇ-ὂν
1523 2576 1712 2653 cineta?
1735 2567 1985 2649 διαδοχυ.

572 2648 684 2708 IV.
734 2649 884 2724 Quia
922 2651 1093 2726 stylus
1128 2658 1187 2710 et
1225 2652 1468 2711 mater-122
1508 2652 1815 2711 Librorum
1859 2672 1958 2711 eos
2005 2651 2290 2711 humanos
2327 2669 2456 2712 esse
2502 2668 2619 2708 non
2661 2648 2894 2709 divinos

715 2735 757 2802 t,
785 2737 853 2788 ut
892 2729 1128 2788 minime
1165 2749 1431 2806 sagacem
1472 2738 1734 2808 oporteat
1773 2749 1901 2790 esse
1941 2749 2092 2806 eum,
2135 2731 2237 2808 qui
2271 2749 2388 2789 non
2422 2729 2632 2788 sentiat
2673 2748 2775 2788 eos
2817 2729 2892 2788 ab

486 2807 740 2868 humana
792 2806 1079 2886 profectos
1132 2807 1432 2884 industria,
1488 2810 1625 2869 licet
1675 2809 1776 2868 alii
1822 2809 1952 2869 aliis
2006 2809 2124 2869 sint
2174 2808 2638 2889 praestabiliores.
2741 2808 2893 2866 Nam

485 2895 871 2964 praeterquam
957 2886 1074 2946 uod
1118 2888 1305 2964 stylus
1352 2908 1470 2947 non
1511 2888 1714 2966 resipit
1757 2890 2120 2966 majestatem
2165 2897 2227 2949 et
2273 2888 2698 2967 simplieitatem
2751 2888 2893 2965 styli

486 2965 691 3042 divini,
722 2965 825 3025 sed
852 2985 883 3023 r
956 2966 1075 3025 olet
1100 2965 1247 3025 vitia
1272 2975 1331 3026 et
1366 2967 1728 3027 infirmitates
1767 2967 1988 3046 ingenii
2012 2967 2268 3044 humani,
2302 2968 2366 3026 in
2391 2966 2664 3042 vanitate,
2695 2985 2888 3026 assen-

486 3042 724 3120 tatione,
782 3045 1128 3121 curiositate,
1174 3043 1553 3122 affeetatione,
1609 3046 2017 3125 intempestiva
2057 3047 2398 3106 eruditionis
2439 3054 2501 3105 et
2546 3045 2890 3122 eloquentiae

487 3121 868 3198 affectatione,
897 3143 1028 3200 quae
1054 3143 1173 3183 non
1198 3144 1327 3184 raro
1356 3134 1697 3186 occurrunt:
1739 3126 1802 3184 in
1827 3125 1945 3184 illis
1971 3133 2060 3185 tot
2085 3133 2304 3201 extant,
2333 3145 2453 3185 non
2478 3125 2652 3184 modo
2683 3123 2893 3183 frivola

488 3209 549 3260 et
574 3201 840 3277 absurda,
871 3203 977 3261 sed
1003 3210 1062 3262 et
1087 3201 1249 3279 falsa,
1280 3205 1677 3282 superstitiosa
1703 3212 1762 3264 et
1781 3203 2239 3281 contradictoria,
2267 3213 2334 3263 ut
2359 3203 2526 3263 facile
2553 3211 2748 3282 pateat
2773 3221 2891 3262 non

486 3279 690 3340 divina
716 3280 820 3340 sed
852 3281 1105 3340 humana
1140 3301 1268 3341 esse
1310 3284 1539 3360 scripta.
1624 3283 1820 3342 Pauca
1859 3303 1892 3342 e
1931 3283 2130 3343 multis
2169 3283 2376 3343 damus
2403 3283 2678 3343 Errorum
2707 3282 2889 3360 speci-

486 3359 661 3418 mina.
748 3360 951 3420 Τοόἰω
996 3359 1361 3421 mendacium
1402 3362 1637 3441 Angelo
1681 3361 1885 3422 tribuit
1926 3363 2028 3441 qui
2071 3363 2258 3441 capite
2300 3364 2356 3439 5,
2399 3381 2458 3422 v.
2504 3365 2598 3438 15,
2642 3361 2785 3421 dicit
2826 3379 2890 3421 se

488 3437 765 3498 Azariam
805 3437 1055 3498 Ananias
1094 3439 1296 3516 filium,
1338 3449 1401 3501 et
1439 3461 1563 3521 cap.
1598 3443 1690 3516 12,
1739 3443 1833 3517 15,
1878 3441 2235 3520 ΒαΡΙπαὸΙΘππι
2275 3440 2572 3519 Angelum
2617 3439 2890 3500 Domini:

486 3516 653 3578 Idem
681 3517 867 3596 capite
896 3521 952 3595 6,
983 3518 1288 3578 eonsilium
1313 3521 1605 3598 magicum
1630 3521 1734 3580 dat
1773 3521 1847 3580 de
1887 3519 2144 3598 fugando
2185 3519 2446 3580 daemone
2485 3519 2644 3579 fumo
2683 3519 2892 3598 piscini

484 3596 711 3674 hepatis
732 3605 933 3657 contra
960 3597 1107 3658 illud
1136 3599 1368 3676 Christi,
1394 3599 1538 3658 Mat.
1568 3600 1711 3659 xvii.
1735 3603 1834 3660 21.
1901 3599 2027 3659 Sibi
2053 3599 2256 3659 tribuit
2280 3599 2629 3658 oblationem
2654 3617 2891 3676 precum

482 3675 587 3736 uni
616 3676 844 3736 Christo
872 3679 1179 3756 propriam,
1208 3698 1334 3755 cap.
1357 3678 1459 3738 xii.
1485 3681 1579 3739 12.
1652 3679 1830 3738 Liber
1847 3680 2052 3739 Juditlz
2071 3677 2286 3737 factmn
2312 3677 2596 3737 Simeonis
2617 3677 2886 3752 celebrat,

484 3774 537 3812 c.
566 3755 648 3812 ix.
678 3757 733 3828 2,
764 3756 923 3830 quod
948 3756 993 3815 J
996 3757 1210 3816 acobus
1238 3756 1370 3816 ferit
1396 3758 1779 3833 anathemate,
1811 3757 2024 3817 Genes.
2063 3757 2219 3832 xlix3
2263 3756 2481 3816 fraudis
2509 3764 2569 3816 et
2592 3755 2894 3815 mendacia

486 3832 530 3890 J
534 3831 749 3891 udithae
774 3833 990 3909 laudat,
1016 3854 1065 3892 e.
1089 3835 1170 3893 xi.
1199 3854 1329 3912 quae
1348 3835 1499 3895 male
1516 3837 1872 3896 conveniunt
1885 3835 2130 3914 ·pietati;
2173 3835 2344 3928 pejus
2369 3835 2574 3909 adhuc,
2606 3835 2764 3912 quod
2791 3835 2894 3894 illa

486 3908 785 3968 fraudibus
826 3919 888 3969 et
924 3911 1239 3971 mendaciis
1266 3913 1387 3972 suis
1427 3914 1889 3974 benedictionem
1916 3934 1952 3973 a
1979 3915 2113 3974 Deo
2146 3923 2308 3992 petit,
2340 3934 2391 3973 c.
2419 3914 2503 3973 ix.
2531 3917 2630 3974 13.
2716 3913 2894 3973 Nulla

486 3989 765 4046 Bethuziae
789 3989 951 4047 urbis
977 3989 1038 4047 in
1070 3989 1380 4068 Scripturis
1408 3993 1639 4068 mentiO,
1671 4012 1780 4052 nec
1807 3993 1902 4052 vel
1931 3993 2084 4072 apud
2100 3992 2145 4053 J
2146 3995 2426 4070 osephum
2441 3993 2540 4051 vel
2569 3993 2890 4068 Philonem,

444 4075 449 4083 '
486 4065 590 4143 qui
618 4065 691 4124 de
718 4066 892 4126 rebus
919 4068 963 4126 J
964 4067 1189 4126 udaieis
1217 4070 1582 4146 seripserunt,
1606 4069 1792 4130 ullum
1808 4072 2124 4148 vestigium
2152 4072 2401 4132 occurrit
2425 4073 2784 4132 liberationis
2811 4071 2892 4130 ibi

486 4151 836 4203 memoratae.
920 4144 1154 4205 Author
1177 4148 1481 4224 Sapientia
1520 4148 1668 4208 falso
1709 4169 1772 4209 se
1815 4150 2039 4226 Regem
2079 4151 2142 4209 in
2182 4151 2402 4210 Israele
2445 4151 2624 4210 fuisse
2667 4149 2888 4224 asserit,

488 4242 538 4282 c.
568 4222 649 4283 ix.
673 4226 730 4298 ⁷,
762 4225 819 4299 8,
840 4231 909 4284 ut
933 4244 1038 4303 pro
1064 4224 1369 4285 Salomone
1394 4226 1692 4304 habeatur,
1717 4247 1848 4288 cum
1874 4237 2068 4289 tamen
2088 4249 2138 4288 e.
2167 4229 2247 4288 iv.
2271 4233 2328 4305 2,
2357 4229 2580 4288 alludat
2599 4227 2675 4287 ad
2696 4230 2890 4287 Certa-

486 4301 645 4360 mina
670 4302 945 4362 athletica
964 4302 1221 4363 nondum
1248 4305 1310 4362 in
1328 4325 1439 4364 usu
1456 4305 1611 4384 apud
1629 4307 1867 4366 Graecos
1892 4308 2216 4368 Salomonis
2235 4317 2492 4387 tempore
2512 4330 2526 4382 3
2563 4307 2713 4365 adde
2733 4305 2890 4383 quod

488 4380 935 4458 Pythagorieam
962 4383 1209 4442 adstruit
1232 4382 1626 4462 μσπμψΰχαπι
1654 4406 1704 4445 c.
1729 4385 1848 4446 viii.
1872 4389 1965 4463 19,
1989 4389 2087 4462 20,
2117 4396 2176 4446 et
2192 4386 2340 4446 falsa
2359 4394 2552 4444 narrat
2573 4385 2648 4444 de
2667 4385 2892 4462 origine

488 4459 802 4538 Idolorum,
846 4481 896 4520 e.
941 4461 1062 4521 xiv.
1111 4465 1203 4538 15,
1249 4467 1343 4524 16.
1424 4465 1727 4542 Syracides
1767 4486 1818 4526 c.
1860 4465 2004 4525 xlvi.
2048 4467 2146 4542 20,
2195 4465 2450 4526 ὃαππιιιὸΠ
2491 4464 2695 4524 tribuit
2773 4463 2890 4522 uod

485 4537 699 4602 sactum
728 4549 817 4602 est
843 4559 878 4600 a
909 4540 1321 4604 cacodaemone
1362 4543 1531 4604 malis
1572 4545 1792 4607 artibus
1833 4553 2094 4624 evocato,
2130 4549 2159 4604 1
2197 4546 2352 4606 Sam.
2381 4543 2590 4604 xxviii.
2624 4546 2716 4620 ll,
2769 4542 2892 4602 alsa
