3300 5225
539 336 651 405 156
1509 362 1693 405 Locus
1720 362 1992 405 marius.
2623 342 2874 427 [qums-r.
2905 366 2950 411 1.

534 507 593 563 in
622 515 836 565 tem-am
862 505 1106 567 excussis
1131 505 1381 564 Annales
1408 505 1603 581 Ennii,
1634 514 1699 564 ut
1715 507 1974 581 deinceps
1999 502 2112 581 leyi
2127 505 2348 581 possint
2371 504 2516 578 effici
2525 530 2550 579 ;
2598 514 2665 566 ut
2691 508 2952 586 loquitur

536 585 737 645 Cicero
784 584 857 644 de
887 586 1020 644 Nat.
1052 585 1196 643 De0.
1225 584 1327 643 lib.
1355 584 1415 643 ii.
1460 593 1519 643 et
1564 584 1840 661 praeclare
1882 584 2036 643 idem
2079 583 2296 643 ibidem
2339 603 2416 643 ex
2444 584 2779 664 Aristotele,
2813 590 2850 621 “
2883 588 2950 647 Si

535 666 787 741 essent,'’
809 664 1015 742 inquit,
1039 664 1189 741 “qui
1217 664 1326 723 sub
1353 672 1507 723 terra
1532 682 1760 743 semper
1784 664 2206 723 habitavissent
2231 663 2402 723 bonis
2421 673 2481 724 et
2501 665 2825 727 illustribus
2841 667 2946 726 do-

534 744 782 822 miciliis,
813 764 920 803 nec
947 753 1140 803 tamen
1168 744 1427 803 exissent
1452 762 1708 821 unquam
1736 764 1908 821 supra
1928 750 2157 820 terram,
2189 744 2546 822 accepissent
2569 753 2764 805 autem
2793 746 2950 807 fama

533 844 661 884 esse
700 824 993 903 quoddam
1021 824 1250 883 Numen
1291 832 1350 883 et
1374 823 1495 881 vim
1525 823 1817 899 Deorum;
1860 823 2068 883 deinde
2112 823 2306 901 aliquo
2347 832 2603 902 tempore
2643 825 2948 902 patefactis

534 912 702 963 terrae
729 904 991 964 faucibus
1018 903 1264 963 evadere
1303 902 1367 961 in
1392 905 1517 962 haec
1556 903 1687 961 loca
1713 923 1841 981 quae
1868 922 1976 962 nos
2004 903 2310 961 incolimus
2336 912 2510 981 atque
2537 903 2698 963 exire
2724 906 2946 982 potuis-

533 991 700 1060 sent3
744 1004 875 1043 cum
920 992 1157 1062 repente
1202 990 1413 1041 terram
1454 990 1513 1041 et
1558 982 1754 1058 maria,
1785 984 2110 1059 coelumque
2137 981 2436 1059 vidissent,
2468 984 2948 1063 aspexissentque

537 1062 748 1139 Solem,
780 1064 1020 1141 ejusque
1060 1072 1185 1122 tum
1211 1062 1670 1141 magnitudinem
1708 1062 2171 1140 pulcherrimam,
2200 1070 2326 1121 tum
2365 1064 2540 1121 etiam
2581 1063 2948 1124 efficientiam

531 1144 957 1221 cognovissent,
1002 1150 1127 1202 tum
1170 1143 1380 1202 coelum
1426 1150 1611 1202 totum
1671 1150 1970 1201 cernerent
2013 1142 2184 1201 astris
2226 1140 2581 1219 distinctum,
2631 1162 2948 1222 eorumque

530 1222 786 1281 omnium
815 1231 975 1283 ortus
1000 1230 1061 1283 et
1086 1241 1341 1298 occasus,
1386 1230 1559 1299 atque
1586 1221 1649 1280 in
1689 1222 1847 1281 omni
1887 1222 2204 1281 aeternitate
2246 1230 2401 1281 ratos
2441 1222 2946 1301 immutabilesque

528 1322 771 1363 cursus:
812 1302 937 1381 haec
965 1321 1096 1362 cum
1122 1301 1389 1361 viderent
1413 1300 1672 1379 profecto
1699 1310 1758 1361 et
1784 1321 1913 1361 esse
1941 1302 2116 1379 Deos,
2146 1310 2206 1361 et
2230 1301 2355 1359 haec
2382 1310 2544 1360 tanta
2583 1322 2758 1380 opera
2787 1304 2944 1363 Deo-

528 1402 657 1442 rum
684 1402 811 1443 esse
838 1382 1309 1443 arbitrarentur.''

589 1615 651 1659 ad
678 1614 838 1661 finem.
1056 1620 1244 1698 gratia
1295 1628 1490 1697 agant,
1548 1638 1721 1695 quem
1768 1628 1925 1679 certo
1973 1628 2034 1680 et
2085 1619 2466 1679 infallibiliter
2511 1638 2736 1699 semper
2781 1564 2942 1681 aslue-

532 1707 821 1777 quuntu13
864 1718 1099 1759 necesse
1127 1708 1217 1759 est
1243 1707 1311 1759 ut
1348 1700 1613 1758 Rectoris
1653 1699 1900 1777 alicujus
1937 1700 2180 1759 consilio
2219 1699 2628 1777 gubernentur.
2713 1701 2942 1779 Quippe

533 1798 665 1838 cum
704 1779 925 1838 Natura
965 1779 1113 1837 nihil
1152 1779 1325 1838 faciat
1363 1778 1593 1854 fnmtra,
1637 1779 1690 1837 si
1729 1778 1861 1837 finis
1902 1780 2090 1857 gratia
2129 1789 2281 1856 agat,
2325 1788 2552 1857 oportet
2590 1786 2656 1840 ut
2681 1782 2778 1840 vel
2811 1781 2942 1859 ipsa

532 1858 707 1917 finem
748 1858 924 1917 istum
951 1852 1105 1918 norit'
1132 1869 1190 1920 et
1218 1866 1466 1937 appetat,
1496 1858 1596 1917 vel
1635 1858 1688 1917 si
1727 1877 1861 1919 eum
1897 1878 2015 1918 non
2041 1859 2196 1917 norit
2220 1866 2322 1919 aut
2348 1866 2598 1936 appetat,
2627 1866 2695 1918 ut
2721 1860 2795 1919 ab
2823 1861 2938 1921 alio

532 1959 603 1998 eo
631 1937 930 2017 dirigatur.
1014 1938 1161 1998 Cum
1188 1948 1381 1998 autem
1408 1958 1484 1997 ex
1512 1937 1686 1997 rebus
1726 1939 2086 1998 naturalibus
2125 1940 2322 1998 multae
2361 1938 2478 1997 sint
2514 1938 2741 1998 consilii
2778 1940 2934 1999 inca·

530 2038 721 2097 paces,
752 2018 889 2096 quia
914 2017 1010 2077 vel
1037 2018 1366 2077 inanimatas
1393 2018 1489 2078 vel
1516 2015 1714 2093 ἄλογοι,
1747 2018 1934 2077 alieno
1962 2026 2138 2095 egent
2164 2018 2405 2078 consilio
2433 2038 2550 2097 quo
2577 2017 2936 2096 dirigantur:

532 2092 621 2157 A‘t
646 2099 897 2159 alienum
936 2097 1096 2157 istud
1136 2098 1440 2157 consilium
1472 2117 1590 2157 non
1630 2106 1823 2175 potest
1849 2097 1950 2157 alii
1989 2098 2182 2173 tribui,
2215 2118 2389 2175 quam
2418 2096 2671 2157 Authori
2699 2108 2757 2158 et
2785 2100 2936 2159 Rec-

530 2177 645 2239 tori
680 2187 917 2238 naturae.
1003 2178 1059 2235 N
1060 2197 1127 2237 ec
1152 2177 1459 2237 dicendum
1498 2186 1762 2237 naturam
1803 2178 1988 2256 ipsam
2029 2178 2090 2235 in
2118 2177 2363 2255 singulis
2389 2176 2565 2237 rebus
2591 2196 2734 2254 esse,
2766 2180 2937 2257 cujus

529 2259 770 2319 consilio
798 2258 1043 2336 singulae
1069 2257 1399 2336 diriguntur
1432 2257 1508 2316 ad
1545 2258 1691 2317 fines
1725 2276 1878 2317 suos.
1963 2257 2114 2316 Nam
2155 2257 2378 2317 Natura
2417 2257 2534 2334 illa,
2565 2258 2663 2317 vel
2702 2258 2811 2317 erit
2851 2260 2936 2319 rei

528 2340 811 2417 cujtisque
851 2337 1131 2397 naturalis
1171 2338 1491 2415 proprietas
1523 2346 1583 2397 et
1606 2347 1816 2397 natura
1841 2356 2084 2415 quaeque
2113 2336 2457 2414 singularis3
2501 2336 2605 2396 sed
2645 2339 2934 2415 quomodo

528 2418 632 2478 illa
658 2418 884 2478 consilii
910 2437 1096 2496 capax
1123 2436 1251 2477 esse
1276 2425 1484 2495 potest,
1516 2417 1569 2476 si
1594 2436 1688 2476 res
1713 2417 1856 2495 ipsae
1875 2417 2060 2475 brutae
2083 2425 2218 2476 sunt
2232 2420 2261 2475 ?
2294 2416 2409 2475 Vel
2437 2416 2755 2476 communis
2775 2437 2933 2495 quse·

528 2498 662 2558 dam
689 2505 895 2557 natura
921 2518 997 2557 ex
1027 2495 1384 2574 singularum
1411 2516 1603 2555 rerum
1628 2497 1851 2555 naturis
1887 2496 2164 2557 collecta:
2211 2496 2328 2555 Sed
2367 2496 2688 2555 communis
2727 2506 2936 2557 natura

526 2597 646 2637 non
672 2585 763 2637 est
788 2585 954 2637 extra
982 2577 1303 2656 singulares
1330 2584 1564 2635 naturas
1587 2598 1602 2654 ;
1646 2576 1762 2658 Vel
1791 2575 2114 2636 substantia
2139 2575 2334 2654 aliqua
2359 2575 2690 2654 intelligens
2717 2585 2777 2636 et
2797 2578 2933 2638 sub-

528 2658 755 2734 sistens,
781 2658 945 2735 cujus
961 2657 1202 2716 consilio
1220 2656 1413 2716 omnia
1428 2655 1783 2734 diriguntur:
1817 2656 1933 2715 Sed
1948 2657 2059 2716 hoc
2076 2665 2166 2717 est
2183 2677 2260 2716 ex
2279 2656 2501 2716 Natura
2519 2657 2709 2716 Deum
2725 2657 2930 2736 facere,

528 2746 588 2798 et
614 2757 747 2797 eum
776 2737 966 2797 Deum
986 2755 1184 2814 neges,
1216 2736 1407 2795 Deum
1428 2735 1539 2795 sub
1559 2735 1796 2795 Naturae
1815 2737 2046 2796 nomine
2067 2755 2398 2815 agnoscere,
2427 2756 2543 2814 quo
2564 2737 2812 2818 pertinet
2831 2738 2936 2797 illa

528 2816 887 2896 Philosophi,
917 2817 1018 2894 qui
1045 2836 1185 2893 opus
1210 2825 1431 2874 naturoe
1458 2815 1601 2874 dicit
1626 2835 1741 2875 esse
1767 2835 1906 2893 opus
1933 2817 2302 2894 intelliyentioe
2325 2837 2440 2876 non
2465 2817 2728 2878 errantis.

932 2963 944 2976 ·
1131 2895 1321 2955 XIII.
1365 2897 1421 2955 5.
1469 2894 1586 2954 Sed
1610 2894 1784 2956 homo
1812 2915 1929 2956 non
1956 2905 2090 2974 eget
2115 2896 2290 2974 longe
2317 2897 2638 2974 corrogatis
2663 2896 2929 2974 testibus,

584 2963 632 3008 ⁵·
664 2964 764 3034 ’Διῒ
813 2963 1009 3010 homme
1049 2976 1149 3034 vel
1176 2983 1241 3035 ut
1260 2983 1431 3035 exeat
1450 2995 1527 3035 ex
1554 2975 1762 3053 seips0,
1793 2995 1926 3035 cum
1945 2976 2157 3036 habeat
2183 2978 2245 3034 in
2267 2977 2396 3036 sinu
2425 2996 2530 3034 suo
2549 2976 2930 3036 domesticum

745 3034 862 3080 Ῥω
1046 3056 1287 3134 hujusce
1308 3054 1570 3116 veritatis
1598 3055 1944 3133 Doctorem;
1989 3063 2048 3115 et
2075 3057 2126 3116 si
2153 3055 2226 3115 ab
2254 3055 2522 3116 omnibus
2541 3055 2731 3114 visum
2761 3076 2928 3115 suum

525 3145 748 3216 avocet,
780 3144 839 3196 et
878 3135 940 3194 in
968 3135 1219 3214 seipsum
1246 3135 1519 3211 reflectat,
1549 3155 1666 3194 non
1693 3136 1972 3195 minorem
2014 3135 2074 3193 in
2105 3136 2482 3195 microcosmo
2509 3155 2683 3213 quam
2709 3155 2927 3195 macro-

526 3237 723 3277 cosmo
752 3215 1091 3293 sapientiam
1118 3223 1409 3293 agnoscet,
1440 3225 1501 3274 et
1525 3215 1588 3274 in
1614 3235 1853 3293 corpore
1879 3214 2186 3291 visibilem,
2217 3223 2277 3274 et
2303 3215 2364 3272 in
2391 3225 2583 3274 mente
2611 3216 2926 3274 scintillan-

526 3307 645 3357 tem
674 3296 1057 3356 Divinitatem
1084 3294 1475 3354 admirabitur.
1562 3294 1736 3354 Unde
1763 3296 1918 3354 enim
1947 3314 2154 3374 corpus
2175 3303 2294 3354 tam
2321 3295 2646 3360 admirabili
2671 3305 2732 3354 et
2757 3296 2930 3372 plane

525 3376 810 3456 stupendo
837 3382 1165 3435 extructum
1194 3375 1434 3435 artificio
1450 3377 1480 3434 Ρ
1562 3375 1736 3435 Unde
1762 3383 1850 3435 tot
1875 3374 2130 3452 disparia
2164 3375 2422 3434 membra
2455 3381 2658 3435 mutuo
2698 3375 2929 3436 intextu

522 3466 841 3534 concreata,
873 3463 932 3516 et
958 3463 1077 3515 tam
1104 3464 1237 3534 apte
1264 3454 1340 3513 ad
1364 3455 1597 3534 propria
1622 3455 1830 3532 cuique
1855 3455 2053 3515 munia
2079 3453 2374 3532 disposita,
2405 3455 2520 3514 nisi
2545 3455 2620 3514 ab
2647 3455 2930 3513 immenso

525 3538 743 3616 Spiritu
758 3541 788 3598 Ρ
870 3536 1042 3598 Unde
1070 3555 1233 3595 mens
1254 3535 1468 3595 divinae
1494 3555 1649 3594 aurae
1676 3535 1973 3614 particula,
2003 3542 2093 3594 tot
2117 3534 2488 3594 facultatibus
2514 3535 2810 3610 instructa,
2842 3542 2930 3594 tot

520 3618 755 3678 dotibus
781 3627 984 3677 ornata
1009 3617 1122 3675 nisi
1143 3635 1179 3674 a
1200 3635 1465 3694 suprema
1487 3614 1884 3692 Intelligentia
1897 3617 1927 3674 Ρ
1993 3613 2142 3673 Haec
2163 3633 2300 3673 sane
2323 3614 2528 3692 Imago
2555 3621 2926 3693 prototypum

521 3718 687 3758 sumn
716 3698 903 3774 refert,
935 3706 995 3757 et
1020 3716 1190 3756 nemo
1218 3704 1307 3756 est
1327 3696 1428 3774 qui
1456 3695 1505 3754 si
1534 3694 1830 3754 attendere
1851 3694 2012 3772 velit,
2044 3695 2236 3753 Deum
2263 3694 2324 3752 in
2351 3714 2414 3753 se
2439 3703 2782 3772 praesentem
2807 3713 2927 3754 non

520 3786 746 3838 tantum
774 3778 972 3838 audiat
997 3785 1058 3837 et
1084 3775 1298 3852 videat,
1329 3776 1433 3835 sed
1460 3775 1633 3834 etiam
1662 3773 2086 3852 quodammodo
2113 3782 2317 3852 tangat
2345 3782 2404 3832 et
2430 3774 2643 3852 palpet.

835 3909 847 3920 ‚
939 3908 951 3922 ,
1123 3855 1303 3915 XIV.
1350 3858 1405 3914 6.
1436 3855 1570 3914 Hoc
1610 3854 1898 3933 praecipue
1931 3855 2104 3914 docet
2133 3853 2493 3914 Conscientia
2517 3855 2600 3914 vis
2626 3874 2696 3912 ac
2724 3853 2924 3912 stimu-

539 3908 585 3954 θ’
607 3909 655 3956 Δ
676 3907 1000 4016 ⁰⁰²⁸⁶¹⁰¹¹¹²¹ff
1040 3934 1151 4009 lus,
1182 3934 1415 3993 sceleris
1434 3934 1532 3992 vel
1560 3935 1734 4011 coepti
1762 3934 1859 3992 vel
1884 3934 2096 4012 patrati
2123 3953 2315 3994 comes
2341 3933 2714 4011 individuus3
2757 3933 2927 4010 cujus

520 4032 707 4092 neque
737 4033 939 4073 sensus
976 4013 1235 4090 obtundi,
1278 4032 1466 4090 neque
1506 4013 1799 4072 accusatio
1835 4014 2008 4090 eludi,
2053 4033 2160 4073 nec
2197 4013 2589 4074 testimonium
2619 4012 2922 4090 corrumpi,

520 4113 628 4153 nec
655 4092 1049 4152 vadimonium
1077 4092 1282 4168 deseri,
1324 4112 1433 4151 nec
1469 4091 1751 4152 Tribunal
1788 4092 2067 4152 declinari
2104 4102 2314 4172 potest.
2399 4093 2513 4170 Qui
2555 4093 2623 4152 fit
2657 4094 2829 4170 enim,
2859 4101 2927 4152 ut

521 4172 873 4233 conscientia
898 4171 1204 4231 commisso
1231 4172 1447 4231 scelere
1473 4178 1722 4249 angatur
1757 4172 1931 4232 etiam
1971 4174 2034 4232 in
2071 4173 2298 4234 occulto
2326 4181 2387 4232 et
2411 4173 2646 4232 remotis
2673 4173 2923 4248 arbitris,

519 4253 621 4313 ubi
648 4252 871 4311 nullum
892 4251 967 4310 ab
998 4250 1329 4311 hominibus
1356 4251 1616 4310 imminet
1640 4251 1976 4330 periculum,
2007 4254 2180 4314 etiam
2207 4252 2270 4311 in
2296 4253 2414 4312 illis
2440 4253 2542 4330 qui
2569 4253 2632 4311 in
2659 4271 2926 4331 supremo

518 4331 753 4408 fastigio
802 4338 937 4390 sunt
980 4331 1293 4406 constituti,
1344 4331 1457 4390 nisi
1509 4331 1648 4409 quia
1691 4331 2050 4409 penitissimo
2100 4333 2370 4394 Numinis
2417 4351 2592 4393 sensu
2638 4331 2883 4391 afficitur
2897 4334 2927 4390 Ρ

518 4411 676 4490 quod
714 4411 777 4469 in
814 4411 1060 4488 Nerone,
1098 4410 1381 4488 Caligula,
1420 4411 1664 4490 aliisque
1695 4430 1813 4472 non
1845 4414 2046 4492 paucis
2073 4413 2264 4473 visum
2292 4420 2416 4474 est:
2460 4412 2619 4472 Hinc
2645 4411 2924 4486 Juvenal,

522 4493 714 4573 Satyr.
748 4493 841 4552 13.

1484 4577 1603 4630 Cur
1628 4581 1814 4631 tamen
1840 4573 1938 4631 hos
1967 4581 2026 4630 tu

998 4651 1263 4712 Evasi-sse
1286 4661 1461 4728 putes,
1492 4672 1629 4730 quos
1657 4653 1776 4712 diri
1797 4651 2018 4712 conscia
2027 4653 2185 4727 facti
