3300 5225
549 293 669 349 476
1538 309 1724 353 Locus
1753 308 1994 351 sexi-trs.
2549 288 2818 371 [quater.
2862 308 3030 349 πη.
3205 57 3234 413 Ὗ

548 449 776 511 nullum
805 450 1039 509 omnino
1066 470 1230 529 opus,
1262 450 1387 511 sive
1426 450 1662 528 bonum,
1693 451 1819 510 sive
1859 450 2076 510 malum
2105 449 2266 509 exire
2305 458 2513 528 potest,
2544 450 2658 510 nisi
2687 451 2874 511 Deus
2909 449 3020 508 ini

548 528 947 607 permissionis
987 549 1107 591 suae·
1149 531 1311 592 laxet
1351 532 1625 607 habenas,
1669 532 1788 591 imo
1834 540 1966 590 cum
2007 531 2112 589 illa
2159 530 2398 606 positive
2437 540 2746 591 concur-mi
2785 540 2850 589 et
2897 550 3012 589 eo·

548 619 823 685 operatur
862 610 939 669 ad
994 620 1187 671 actum
1248 618 1307 671 et
1347 631 1495 689 opus
1550 613 1662 671 hoc
1717 610 2213 691 producendum,”
2255 607 2366 670 Sec.
2465 611 2553 669 At
2591 611 2783 671 nostri
2821 610 3012 669 nihil

552 690 714 748 aliud
741 690 964 765 volunt,
996 690 1135 749 dum
1160 689 1473 750 efficaciam
1515 692 1908 751 Providentiae
1935 692 2090 751 circa
2113 690 2332 749 malum
2359 699 2642 751 asserunt.
2727 690 2808 749 In
2833 709 3008 748 eum

550 788 784 829 sensum
810 770 1128 849 loquuntur
1152 770 1253 829 alii
1293 771 1507 848 plures,
1552 779 1617 829 ut
1649 772 1930 846 Per-erius,
1973 772 2035 829 in
2063 790 2188 849 cap.
2217 771 2300 829 xi.
2345 770 2515 846 Exo.,
2557 771 2877 830 Summus
2911 769 3008 829 de

549 869 781 909 concur.
810 850 911 909 lib.
941 850 1001 909 ii.
1032 870 1082 908 c.
1113 852 1168 925 3,
1200 851 1449 926 Ruizius,
1481 858 1541 910 et
1566 850 1685 909 alii.
1745 852 2037 909 Aminizoe
2067 850 2298 928 Disput.
2317 850 2478 928 publ.
2514 852 2605 924 10,
2635 849 2710 908 de
2731 850 3004 927 justitia

548 937 609 989 et
635 928 893 988 efficacia
916 929 1305 989 Providentiae
1332 931 1392 987 in
1420 931 1589 1005 malo,
1622 930 1705 989 th.
1737 930 2092 1007 9,·agnoscit
2116 938 2326 1007 praeter
2353 930 2812 1007 permissionem,
2841 929 3002 987 dna-i

550 1011 587 1041 ‘⁴
616 1009 967 1067 oblationem
996 1008 1359 1067 occasionum
1388 1017 1448 1068 et
1474 1010 1849 1087 objectorum,
1874 1018 1933 1069 et
1949 1028 2292 1069 concursum
2322 1009 2450 1085 Dei,
2481 1009 2582 1087 qui
2603 1008 2998 1068 necessarius

548 1096 638 1147 est
664 1087 741 1145 ad
768 1106 995 1147 omnem
1024 1097 1215 1149 actum
1243 1089 1696 1167 producendum,
1728 1110 1860 1149 cum
1887 1090 2033 1148 nihil
2061 1089 2296 1147 omnino
2321 1088 2502 1147 ullam
2531 1090 2836 1147 entitatem
2865 1088 2994 1146 ha-

546 1167 682 1226 bere
710 1168 909 1245 possit,
940 1168 1054 1226 nisi
1082 1188 1117 1226 a
1152 1169 1337 1246 primo
1366 1177 1426 1227 et
1452 1188 1678 1227 summo
1706 1178 1838 1229 ente
1855 1168 2185 1228 immediate
2211 1168 2371 1226 illam
2398 1167 2783 1246 producente3
2827 1188 2992 1227 con-

548 1266 785 1307 cursum
814 1258 1006 1306 autem
1032 1248 1204 1323 hunc,
1236 1268 1353 1307 non
1381 1268 1509 1309 esse
1536 1248 1824 1309 influxum
1850 1248 2246 1308 immediatum
2273 1248 2335 1306 in
2364 1268 2597 1307 causam
2625 1248 2986 1323 secundam,

546 1326 650 1385 sed
676 1327 961 1385 actionem
1006 1328 1119 1386 Dei
1158 1327 1489 1387 immediate
1529 1328 1867 1389 influentem
1907 1329 1970 1388 in
2010 1327 2278 1388 effectum
2320 1336 2612 1403 creaturae,
2657 1328 2744 1387 sic
2781 1338 2859 1387 ut
2885 1328 2984 1387 ef·

546 1404 760 1465 fectum
788 1406 941 1465 idem
968 1427 1088 1466 una
1114 1415 1173 1465 et
1200 1408 1400 1467 eadem
1428 1408 1595 1467 totali
1620 1410 1848 1469 actione
1875 1428 1912 1469 a
1939 1408 2066 1468 Deo
2095 1408 2269 1467 simul
2295 1416 2354 1467 et
2381 1416 2643 1467 creatura
2677 1408 2982 1485 produce?

545 1487 699 1560 tur‚’'
730 1483 841 1545 ἆυ.
926 1488 964 1520 “
993 1488 1087 1546 Ita
1116 1488 1307 1547 Deum
1348 1487 1609 1565 ejusdem
1634 1498 1800 1548 actus
1829 1489 2001 1548 simul
2042 1508 2169 1547 esse
2195 1487 2522 1547 effectorem
2549 1495 2609 1547 et
2649 1488 2980 1565 permisso·-

546 1566 727 1641 rem‚'’
760 1563 869 1625 &c.
902 1566 1065 1625 Idem
1093 1565 1261 1625 facile
1290 1566 1517 1625 ostendi
1544 1578 1743 1645 posset
1770 1569 1842 1627 de
1859 1569 2222 1642 Lutheranis,
2245 1576 2305 1626 et
2333 1567 2406 1626 de
2433 1586 2646 1645 magno
2677 1567 2789 1627 Dei
2814 1568 2978 1627 Viro

546 1647 816 1721 Luthero,
860 1646 961 1723 qui
988 1647 1163 1723 longe
1199 1646 1404 1705 fortius
1446 1647 1677 1706 Nostris
1719 1649 1829 1707 hoc
1869 1656 2270 1725 argumentum
2313 1656 2594 1707 executus
2619 1655 2710 1707 est
2751 1648 2859 1707 lib.
2889 1648 2976 1706 de

544 1726 723 1785 Servo
736 1726 987 1784 Arbitrio
997 1745 1175 1803 quum
1187 1726 1283 1801 ait,
1302 1728 1339 1759 “
1352 1726 1658 1785 Torturam
1671 1728 1834 1786 verbi
1843 1748 1988 1803 esse,
2004 1729 2054 1786 si
2070 1727 2202 1804 quis
2212 1727 2368 1786 dicat
2378 1728 2686 1787 verborum
2703 1727 2967 1802 illorum,

550 1805 682 1881 Ego
724 1804 1008 1863 indurabo
1050 1825 1148 1863 cor
1190 1805 1528 1879 Pharaonis,
1572 1807 1728 1865 hunc
1766 1827 1894 1867 esse
1943 1826 2193 1884 sensum,
2238 1808 2370 1884 Ego
2412 1807 2741 1885 permittam
2787 1808 2970 1868 indu-

546 1885 679 1961 rari,
711 1884 1070 1943 occasionem
1098 1884 1407 1943 indurandi
1434 1886 1603 1961 dabo,
1635 1888 1774 1945 dum
1803 1907 1920 1946 non
1963 1888 2158 1946 statim
2198 1884 2507 1965 corrigitur
2541 1890 2874 1965 peccator‚''
2904 1908 2967 1968 p.

546 1966 695 2039 4523
731 1967 767 1998 “
781 1964 1133 2042 simpliciter,
1156 1972 1222 2023 ut
1250 1966 1431 2023 verba
1458 1975 1682 2042 sonant,
1715 1987 2036 2029 sermonem
2064 1986 2192 2027 esse
2219 1963 2676 2045 accipiendum‚”
2707 1967 2962 2044 ibidem;

550 2046 588 2077 “
618 2045 765 2103 Cum
794 2043 853 2101 in
882 2045 1049 2103 malis
1076 2053 1137 2103 et
1156 2064 1259 2121 per
1286 2046 1470 2105 malos
1499 2056 1769 2125 operatur
1798 2048 1977 2123 Deus,
2019 2047 2174 2105 mala
2199 2047 2434 2125 quidem
2461 2046 2604 2123 fieri,
2650 2048 2842 2106 Deum
2871 2056 2964 2107 ta-

544 2142 679 2183 men
706 2144 823 2183 non
851 2142 1021 2202 posse
1048 2124 1199 2183 male
1240 2123 1445 2200 facere,
1476 2126 1615 2187 licet
1650 2127 1804 2185 mala
1843 2147 1948 2205 per
1977 2128 2164 2187 malos
2206 2127 2396 2203 faciat,
2439 2127 2577 2205 quia
2603 2127 2726 2206 ipse
2767 2127 2962 2187 bonus

544 2205 695 2263 male
723 2204 912 2263 facere
937 2224 1057 2263 non
1096 2213 1305 2282 potest,
1347 2206 1517 2264 malis
1557 2214 1752 2266 tamen
1792 2206 2189 2267 instrumentis
2229 2208 2426 2283 utitur,
2471 2226 2601 2284 quae
2642 2215 2872 2284 raptum
2899 2216 2964 2267 et

546 2294 769 2343 motum
796 2285 1069 2361 potentiae
1098 2304 1217 2343 suae
1245 2304 1362 2343 non
1389 2295 1633 2363 possunt
1661 2288 1924 2347 evadere.
1981 2287 2208 2346 Vitium
2235 2306 2374 2365 ergo
2402 2296 2492 2346 est
2519 2288 2580 2345 in
2608 2287 2960 2347 instrumen—

543 2364 637 2439 tis,
670 2383 799 2442 quae
828 2366 1015 2423 otiosa
1057 2364 1219 2423 Deus
1248 2384 1373 2424 esse
1401 2386 1519 2424 non
1548 2368 1701 2443 sinit,
1733 2368 1891 2445 quod
1925 2368 2079 2425 mala
2103 2366 2268 2442 fiunt,
2313 2376 2582 2427 movente
2608 2367 2735 2445 ipso
2763 2367 2958 2443 Deo,’'

544 2441 653 2504 &c.
696 2464 755 2523 p.
785 2446 925 2504 454.
1010 2446 1047 2477 “
1069 2444 1141 2502 In
1167 2445 1353 2519 nobis,
1398 2446 1579 2513 idest
1617 2466 1720 2523 per
1758 2466 1884 2523 nos,
1917 2447 2107 2507 Deum
2148 2447 2374 2524 operari
2411 2448 2582 2523 mala,
2625 2466 2742 2506 non
2783 2448 2961 2525 culpa

546 2524 676 2599 Dei,
708 2524 813 2583 sed
833 2524 979 2584 vitio
1007 2526 1263 2599 nostro‚''
1295 2522 1404 2584 &c.
1434 2546 1491 2603 p.
1522 2529 1660 2585 455.
1746 2529 1784 2561 ‘⁴
1817 2529 2046 2587 Satanae
2073 2536 2132 2586 et
2159 2526 2412 2586 hominis
2438 2528 2797 2586 voluntatem
2826 2528 2958 2586 Deo

545 2604 864 2682 deserente,
910 2613 969 2664 et
1008 2614 1284 2682 peccante
1317 2606 1549 2682 Satana,
1592 2608 1802 2666 malam
1843 2608 2072 2682 factam,
2117 2606 2408 2686 operando
2449 2608 2623 2685 arripi
2662 2628 2699 2667 a
2741 2608 2866 2666 Deo
2893 2617 2958 2667 et

548 2685 771 2743 moveri
798 2703 1075 2763 quorsum
1104 2686 1290 2762 vult,’'
1335 2687 1580 2762 ibidem3
1629 2689 1666 2721 “
1685 2688 1882 2748 Verba
1904 2690 2032 2764 Dei,
2063 2689 2348 2748 indurabo
2381 2708 2480 2748 cor
2510 2689 2840 2764 Pharaonis,
2870 2689 2956 2747 ita

542 2783 670 2824 esse
711 2765 1084 2844 accipienda:
1129 2767 1260 2843 Ego
1287 2766 1495 2824 faciam
1536 2776 1604 2827 ut
1630 2787 1730 2827 cor
1761 2769 2078 2828 Pharaonis
2105 2768 2420 2844 induretur,
2463 2788 2564 2828 seu
2591 2776 2660 2828 ut
2693 2787 2786 2827 me
2814 2787 2949 2846 ope—

544 2854 708 2904 rante
742 2854 801 2906 et
828 2847 1073 2905 faciente
1101 2846 1460 2921 induretur,’'
1492 2844 1601 2906 ἃς).
1645 2847 1888 2925 ibidem;
1932 2857 1992 2908 et
2032 2848 2148 2908 alia
2185 2849 2490 2907 innumera
2527 2849 2789 2925 idgenus‚
2821 2867 2963 2926 quae·

541 2943 659 2983 non
687 2925 975 2986 absimilia
1002 2935 1136 2985 sunt
1164 2926 1507 2984 Nostrorum
1534 2926 1858 3002 phrasibus.
1947 2928 2012 2987 Si
2039 2947 2180 3004 ergo
2206 2947 2411 2987 sanum
2439 2947 2672 2987 sensum
2710 2936 2951 3006 possunt

542 3005 802 3064 obtinere
832 3026 907 3064 ex
941 3005 1166 3082 judicio
1196 3005 1678 3080 Lutheranorum,
1724 3006 1926 3084 quidni
1965 3015 2026 3068 et
2066 3008 2410 3068 Nostrorum
2451 3008 2608 3068 dicta
2631 3029 2708 3068 ex
2745 3008 2949 3068 eodem

544 3084 841 3143 charitatis
861 3083 1091 3162 judicio
1106 3083 1357 3160 benigne
1386 3089 1790 3162 exponentur?

626 3164 809 3223 VIII.
853 3163 1086 3240 Quart0,
1120 3164 1404 3224 Doctores
1430 3167 1614 3226 nostri
1641 3175 1893 3226 mentem
1923 3187 2086 3228 suam
2113 3168 2196 3228 ita
2223 3167 2378 3228 clare
2405 3168 2714 3246 explicant,
2755 3176 2817 3228 et
2841 3169 2942 3226 im-

540 3244 703 3321 pium
730 3244 841 3302 hoc
870 3243 1083 3320 dogma
1122 3253 1242 3303 tam
1270 3265 1542 3323 expresse
1572 3255 1631 3306 et
1672 3246 1988 3308 formaliter
2013 3248 2291 3307 damnant
2331 3249 2392 3306 in
2434 3249 2664 3326 seriptis
2703 3250 2840 3325 suis,
2883 3257 2944 3310 ut

542 3343 660 3382 non
690 3324 811 3382 sine
840 3324 1056 3401 insigni
1083 3326 1371 3384 calumnia
1396 3326 1581 3404 possit
1622 3327 1764 3405 ipsis
1801 3329 2079 3406 impingi:
2121 3330 2234 3388 hue
2263 3327 2482 3390 faciunt
2507 3330 2636 3388 loca
2674 3329 2940 3406 Zuinglii,

542 3404 787 3478 Calvini,
821 3405 1008 3481 Bezae,
1042 3405 1337 3483 Martyris,
1368 3415 1429 3466 et
1454 3407 1714 3484 aliorum,
1748 3409 1922 3468 citata
1963 3408 2318 3468 Bellarmino
2355 3409 2504 3468 libro
2545 3410 2605 3468 ii.
2636 3409 2710 3468 de
2750 3411 2942 3470 amiss.

541 3504 665 3560 gra.
695 3504 744 3544 c.
776 3489 829 3560 2,
876 3493 935 3544 et
968 3486 1181 3546 Becan.
1214 3487 1449 3547 Manna.
1478 3487 1582 3547 lib.
1610 3489 1693 3546 iii.
1723 3509 1848 3567 cap.
1879 3491 1934 3564 5,
1967 3509 2062 3566 qu.
2094 3491 2150 3548 6.
2237 3489 2506 3549 Gabinus
2533 3509 2670 3548 sane
2711 3503 2830 3548 non
2857 3510 2944 3550 so-

540 3566 661 3624 lum
680 3565 863 3624 solide
883 3567 1055 3643 prior,
1089 3567 1206 3626 imo
1234 3567 1351 3626 fere
1372 3567 1579 3626 unicus
1602 3567 1935 3628 Libertinos
1957 3569 2230 3629 refutavit
2250 3579 2470 3630 asserta
2493 3571 2604 3628 Dei
2624 3570 2941 3647 sanctitate,

539 3645 645 3704 sed
672 3646 845 3704 etiam
872 3646 933 3703 in
959 3646 1108 3706 libro
1136 3647 1210 3706 de
1254 3647 1767 3708 Praedestinatione
1795 3669 1870 3708 ex
1911 3648 2169 3726 professo
2197 3650 2349 3710 hanc
2376 3651 2722 3709 calumniam
2749 3650 2944 3708 amoli-

538 3733 649 3800 tur,
683 3734 749 3785 ut
776 3734 836 3784 et
881 3726 983 3784 lib.
1014 3726 1051 3784 i.
1084 3726 1276 3786 Instit.
1307 3747 1431 3805 cap.
1467 3731 1560 3803 13,
1592 3747 1706 3788 sec.
1737 3731 1793 3788 5.
1879 3731 2035 3788 Beza
2075 3731 2183 3788 hac
2217 3730 2278 3788 in
2319 3739 2497 3808 parte,
2542 3738 2602 3788 et
2641 3730 2944 3789 Calvinum

539 3813 598 3864 ct
628 3825 689 3864 se
730 3805 900 3881 plene
928 3806 1250 3865 vindicavit
1277 3807 1336 3864 in
1365 3817 1505 3868 trac.
1549 3808 1622 3867 de
1669 3808 1966 3868 Praedesti.
2009 3818 2212 3869 contra
2253 3809 2678 3885 Castellionem,
2723 3818 2782 3869 et
2821 3809 2944 3870 fuse

538 3883 792 3942 ostendit
818 3904 935 3942 non
964 3887 1240 3962 consequi
1257 3905 1333 3944 ex
1360 3887 1623 3946 doctrina
1650 3889 1879 3946 Calvini
1905 3897 1966 3948 et
1993 3907 2098 3948 sua
2139 3893 2177 3924 ‘⁴
2205 3890 2384 3949 ullam
2411 3889 2652 3949 istarum
2679 3889 2943 3967 blasphe-

537 3963 798 4036 miarum,
830 3983 1035 4040 nempe
1064 3965 1160 4023 vel
1190 3966 1381 4024 Deum
1413 3986 1541 4026 esse
1569 3968 1868 4026 authorem
1895 3970 2135 4046 peccati,
2167 3969 2291 4028 sive
2319 3969 2594 4030 delectari
2621 3969 2938 4048 iniquitate,

541 4051 643 4101 aut
670 4042 845 4100 etiam
873 4044 1025 4103 velle
1054 4044 1435 4122 iniquitatem,
1466 4047 1564 4104 vel
1596 4048 1867 4105 Satanam
1897 4056 1997 4107 aut
2012 4048 2276 4108 homines
2290 4049 2444 4108 male
2459 4049 2687 4127 agendo
2709 4050 2938 4110 obedire

539 4121 684 4196 De0,
716 4130 817 4180 aut
838 4132 1123 4199 quatenus
1150 4125 1300 4183 male
1328 4132 1527 4200 agunt,
1559 4125 1748 4185 facere
1776 4127 1934 4204 quod
1963 4129 2126 4189 Deus
2151 4130 2298 4204 vult,
2328 4149 2396 4188 ac
2422 4129 2664 4208 proinde
2686 4149 2813 4190 esse
2841 4149 2937 4190 ex·

536 4209 628 4260 tra
670 4201 917 4278 culpam.
1002 4202 1220 4262 Absint
1261 4221 1403 4263 vero
1440 4223 1615 4281 quam
1654 4206 2055 4285 longissime,”
2099 4209 2302 4287 inquit,
2351 4211 2388 4243 “
2417 4229 2616 4269 omnes
2657 4210 2939 4287 ejusmodi

533 4281 925 4358 blasphemiae,
969 4301 1085 4339 non
1126 4291 1350 4342 tantum
1392 4303 1429 4343 a
1466 4284 1700 4363 linguis,
1743 4287 1846 4346 sed
1889 4288 2062 4348 etiam
2101 4309 2136 4347 a
2173 4289 2623 4366 cogitationibus
2668 4290 2934 4350 nostris.''

534 4361 689 4422 Vide
719 4361 893 4421 etiam
930 4361 1191 4440 ejusdem
1228 4362 1643 4426 abstersionem
1685 4367 2102 4428 calumniarum
2140 4369 2439 4446 Heshusii‚
2481 4369 2586 4430 ubi
2625 4370 2780 4430 idem
2817 4369 2935 4430 fuse

534 4461 610 4502 ex
688 4442 791 4502 nit.

610 4463 731 4582 11³}-
777 4521 1009 4598 Quinto,
1061 4522 1123 4582 Si
1166 4523 1605 4586 fundamentum
1665 4528 2080 4590 criminationis
2128 4529 2493 4609 expenditur,
2550 4529 2774 4608 patebit
2825 4549 2935 4588 non

529 4603 761 4664 aliunde
790 4603 925 4682 peti,
957 4623 1130 4682 quam
1172 4623 1209 4664 a
1236 4606 1431 4664 verbis
1458 4606 1808 4684 quibusdam
1833 4617 1893 4669 et
1928 4609 2237 4686 phrasibus
2263 4610 2562 4686 truncatis,
2591 4609 2854 4686 detortis,
2881 4618 2936 4670 et
