3300 5225
384 380 607 431 Quffis'r.
639 361 795 443 xm]
1363 384 1441 422 nn
1468 384 1814 425 SCRIPTUM.
2672 371 2784 427 115

376 522 483 583 stri
507 521 835 625 autoritate,
866 520 971 583 sed
996 522 1199 583 nititur
1224 540 1415 583 rerum
1444 522 1696 601 ipsarum
1723 542 1854 602 quae
1883 531 2020 585 sunt
2045 524 2104 582 in
2136 524 2515 585 versionibus
2543 527 2784 589 ver-itate

375 610 725 743 et·XanmSi
764 682 955 742 versio
998 682 1317 741 contineret
1354 648 1563 760 purum
1615 681 1727 743 Dei
1765 682 2028 743 Verbum
2067 682 2263 743 verbis
2303 682 2534 760 divinis,
2589 685 2784 745 nullus

370 760 607 856 daretur
632 761 796 855 locus
824 762 952 840 ejus
980 762 1335 839 correctioni,
1366 772 1431 823 ut
1458 762 1649 823 fontes
1675 771 1976 841 propterea
2009 783 2116 823 nec
2157 772 2400 866 possunt
2435 783 2542 879 nec
2569 764 2785 859 debent

370 861 777 981 ffltrzffl
805 841 1294 981 {3333ssssss
1322 862 1501 981 3333?
1516 842 1786 999 &3313
1788 843 1940 981 {2¹32
1953 843 2785 1001 ffitssssge‘issfieffifflssii

370 999 691 1077 admittere,
714 1021 833 1059 non
860 1002 1079 1061 ratione
1096 1000 1372 1061 doctrina
1398 1001 1581 1079 ipsius
1604 1021 1735 1079 quae
1763 1002 1964 1061 eadem
1991 1002 2296 1081 utrobique
2323 1011 2536 1079 manet,
2565 1004 2668 1063 sed
2694 1004 2780 1082 ip-

370 1099 567 1139 sorum
604 1080 993 1157 terminorum,
1024 1081 1141 1159 qui,
1173 1080 1425 1139 maxime
1452 1080 1514 1139 in
1539 1080 1688 1139 locis
1715 1080 2046 1141 difficilibus
2081 1090 2142 1141 et
2168 1082 2446 1159 obscuris,
2475 1092 2720 1161 possunt
2745 1102 2782 1142 a

372 1160 551 1221 variis
579 1160 737 1221 varie
764 1160 930 1221 reddi
957 1180 1062 1239 pro
1089 1179 1359 1219 mensura
1387 1160 1523 1219 doni
1555 1160 1786 1219 Christi.

1270 1399 1660 1473 QUAESTIO
1703 1399 1884 1457 XIV.

1290 1576 1369 1616 nn
1398 1576 1696 1619 venereus
1725 1510 1864 1618 nux.

714 1719 811 1779 An
849 1719 1043 1779 Versio
1068 1720 1256 1777 LXX
1253 1762 1267 1777 .
1309 1719 1519 1777 Veteris
1550 1719 1695 1777 Test.
1724 1718 1799 1777 sit
1822 1717 2140 1777 authentica
2160 1720 2190 1776 ἓ
2271 1717 2327 1777 N
2329 1736 2422 1795 eg.

454 1878 503 1938 Ῑ.
549 1879 711 1939 Inter
738 1878 976 1937 Gra-,cas
1004 1877 1079 1937 V.
1110 1877 1179 1935 Τ.
1211 1876 1541 1953 VersioneS,
1584 1877 1834 1954 primum
1870 1876 2062 1937 locum
2098 1876 2304 1937 merito
2345 1878 2568 1937 obtinet
2607 1878 2775 1939 nobis

370 1957 472 2017 illa
492 1958 752 2017 LXXII
782 1958 1187 2033 Interpretum,
1210 1976 1341 2033 quae
1362 1956 1423 2013 in
1449 1964 1611 2015 tanto
1639 1958 1856 2015 honore
1877 1956 1987 2015 fuit
2013 1965 2130 2015 tam
2157 1957 2314 2034 apud
2340 1958 2384 2019 J
2387 1957 2584 2017 udaeos
2604 1978 2777 2035 quam

370 2037 745 2113 Christianos,
776 2044 901 2095 tum
930 2035 1182 2095 Orientis
1208 2044 1333 2094 tum
1362 2034 1710 2111 Occidentis,
1739 2044 1806 2095 ut
1843 2036 1916 2094 ab
1955 2036 2070 2095 illis
2107 2037 2169 2093 in
2199 2036 2547 2114 Synagogis‚
2584 2038 2658 2097 ab
2685 2039 2780 2097 his

368 2116 489 2176 fere
530 2118 670 2193 sola,
715 2114 812 2173 vel
852 2121 929 2174 ei<
964 2134 1035 2173 ea
1075 2114 1239 2175 factae
1270 2114 1585 2173 Versiones
1627 2115 1688 2171 in
1727 2114 2008 2173 Ecclesiis
2042 2115 2270 2192 publice
2311 2117 2776 2193 preelegerentur.

370 2196 469 2255 Ex
496 2196 605 2255 hac
644 2195 881 2272 reliquae
909 2194 1223 2253 Versioues
1262 2211 1463 2253 omnes
1503 2193 1577 2251 ab
1608 2194 1872 2251 Ecclesia
1911 2194 2228 2270 antiquitus
2262 2196 2607 2271 approbatae,
2654 2197 2780 2255 sola

367 2283 616 2352 excepta
658 2274 913 2367 Syriaca,
958 2272 1236 2333 traductae
1278 2280 1428 2347 sunt,
1460 2271 1579 2331 vid.
1624 2271 1894 2347 Arabica,
1939 2272 2292 2349 AEthiopica,
2326 2272 2600 2349 Armene,
2633 2274 2775 2353 Illy-

368 2354 505 2430 rica,
538 2354 805 2429 Gothica,
838 2352 1048 2411 Latina
1087 2360 1221 2411 ante
1264 2352 1727 2428 Hieronymum:
1784 2371 1891 2411 nec
1929 2352 2104 2409 aliam
2146 2352 2408 2411 Ecclesia
2446 2354 2669 2430 Graeca,
2719 2363 2780 2415 et

369 2434 661 2513 pleraeque
688 2432 1012 2495 Orientalcs
1038 2432 1101 2491 in
1126 2432 1281 2491 hunc
1309 2450 1493 2509 usque
1521 2430 1676 2490 diem
1703 2440 2042 2509 agnoscunt,
2071 2432 2183 2490 hac
2211 2431 2335 2491 sola
2361 2441 2663 2493 contentae.

939 2512 1025 2572 II.
1070 2512 1204 2571 Non
1251 2531 1349 2589 qu.
1400 2510 1473 2569 de
1514 2520 1778 2587 tempore,
1824 2510 1920 2569 vel
1961 2510 2034 2569 de
2071 2513 2236 2571 modo
2276 2532 2393 2588 quo
2435 2512 2626 2571 versio
2665 2512 2782 2573 ista

430 2579 791 2684 Sffissfossigaefl·
850 2591 962 2654 fuit
1002 2592 1313 2669 adornata;
1359 2590 1459 2650 An
1501 2590 1609 2651 sub
1653 2590 1926 2670 auspiciis
1968 2590 2270 2652 Ptolemaei
2311 2591 2679 2670 Philadelphi
2717 2602 2779 2654 et

848 2673 979 2750 ejus
1020 2672 1344 2750 sumptibus
1383 2671 1535 2730 facta
1564 2671 1774 2748 fuerit3
1833 2670 1932 2728 An
1968 2690 2107 2731 vero
2149 2692 2185 2730 a
2223 2671 2268 2731 J
2269 2671 2454 2731 udaeis
2493 2673 2776 2734 suadente

368 2751 637 2827 utilitate,
666 2753 825 2829 quod
872 2752 1169 2812 existimat
1199 2751 1475 2828 Scaliger,
1506 2750 1675 2828 epist.
1707 2751 1846 2812 xiv:
1911 2749 2013 2809 An
2051 2771 2088 2810 a
2128 2750 2389 2810 LXXII
2439 2752 2774 2830 Interpreti-

369 2829 479 2890 bus
505 2833 607 2908 qui
630 2831 691 2890 in
721 2832 947 2892 cellulis
974 2832 1253 2910 separatis
1300 2831 1485 2910 spatio
1514 2835 1547 2888 7
1555 2835 1591 2889 2
1621 2831 1844 2890 dierum
1873 2831 2090 2908 singuli
2117 2838 2302 2890 totum
2331 2851 2478 2908 opus
2510 2832 2774 2892 absolve-

367 2911 499 2987 rint,
544 2919 603 2970 et
638 2911 871 2988 quidem
914 2931 1139 2972 summo
1179 2931 1311 2970 cum
1352 2929 1654 2986 consensu,
1698 2911 1807 2971 etsi
1849 2930 2046 2970 eorum
2087 2910 2498 2988 unusquisque,
2537 2912 2776 2972 seorsim

366 2989 443 3049 ab
470 2990 601 3067 alio,
632 3000 821 3051 totum
848 3012 995 3069 opus
1022 2991 1370 3068 suscepisset
1396 2999 1455 3050 et
1481 2990 1846 3066 absolvisset,
1877 2998 1936 3049 et
1962 2990 2077 3050 alia
2115 2989 2364 3068 idgenus
2390 3011 2520 3068 ques
2549 2991 2622 3052 de
2649 2991 2777 3052 istis

370 3069 791 3147 Interpretibus
816 3071 1157 3146 referuntur,
1188 3079 1312 3130 tum
1340 3071 1415 3130 ab
1436 3070 1702 3146 Aristoea,
1733 3070 1834 3148 qui
1861 3070 2136 3147 peculiari
2163 3070 2362 3130 libello
2389 3070 2674 3148 prolhtam
2702 3069 2776 3131 de

364 3169 440 3208 ea
465 3169 527 3208 re
552 3151 937 3210 narrationem
964 3151 1229 3226 instituit,
1260 3159 1384 3210 tum
1412 3169 1447 3210 a
1486 3151 1530 3212 J
1532 3151 1750 3228 osepho
1778 3157 1838 3210 et
1865 3149 2224 3224 Christianis,
2253 3150 2372 3227 qui,
2403 3150 2540 3227 quia
2567 3151 2777 3211 Versio

368 3229 471 3286 illa
497 3228 559 3286 in
585 3249 696 3290 usu
722 3229 848 3304 fuit,
878 3230 1077 3290 faciles
1106 3250 1167 3289 se
1194 3230 1322 3290 istis
1349 3229 1772 3288 narrationibus
1799 3230 2184 3307 praebuerunt,
2227 3229 2398 3288 avide
2439 3230 2779 3308 arripientes

366 3327 727 3385 quaecunque
753 3309 1041 3370 faciehant
1081 3309 1157 3368 ad
1184 3310 1589 3370 authoritatem
1630 3309 1718 3368 illi
1744 3309 2180 3368 conciliandam.
2265 3309 2413 3368 Haec
2441 3309 2595 3368 enim
2621 3329 2778 3369 mere

366 3395 504 3447 sunt
528 3387 817 3465 historica,
848 3388 1092 3467 ideoque
1120 3389 1196 3448 ad
1221 3389 1549 3448 institutum
1585 3397 1846 3448 nostrum
1873 3408 2028 3448 nunc
2055 3407 2172 3447 non
2199 3388 2518 3464 pertinent;
2563 3389 2776 3464 Quam-

366 3467 461 3527 vis
488 3468 538 3526 si
563 3477 815 3528 mentem
856 3477 1113 3529 nostram
1154 3467 1333 3526 verbo
1362 3468 1582 3546 aperire
1608 3468 1764 3543 licet,
1795 3467 1870 3526 ad
1898 3467 2174 3527 Virorum
2203 3467 2520 3526 Doctorum
2549 3477 2776 3528 senten-

365 3547 509 3607 tiam
536 3549 735 3608 faciles
774 3549 1135 3623 aecedamus,
1166 3548 1378 3625 quibus
1418 3549 1531 3606 ista
1570 3547 1764 3606 omnia
1789 3545 1962 3604 valde
2003 3555 2272 3622 suspecta
2311 3553 2447 3604 sunt
2485 3554 2548 3605 et
2585 3546 2778 3604 dubim

366 3626 521 3701 fidei,
546 3646 791 3703 quorum
818 3629 1133 3688 vanitatem
1162 3645 1269 3686 suo
1295 3633 1553 3702 tempore
1563 3627 1946 3700 Hieronymus
1966 3625 2090 3702 Jam
2119 3635 2378 3700 retegere
2399 3624 2590 3702 coepit,
2615 3633 2674 3683 et
2688 3645 2776 3682 re-

367 3704 585 3781 fellere,
614 3707 773 3782 quod
799 3708 1010 3767 clarius
1036 3707 1227 3765 adhuc
1268 3713 1327 3764 et
1363 3704 1569 3764 fortius
1604 3703 1866 3764 fecerunt
1891 3702 2255 3777 recentiores,
2298 3702 2456 3760 Vives
2483 3703 2544 3760 in
2570 3703 2631 3762 li.
2666 3707 2775 3780 113

367 3784 519 3860 Aug.
562 3785 635 3844 de
664 3785 728 3845 G.
760 3786 836 3845 D.
866 3789 979 3862 423
1022 3786 1282 3861 Scaliyer
1321 3782 1383 3840 in
1412 3782 1750 3858 Eusebium,
1781 3783 2049 3856 Dru-siun,
2083 3781 2504 3858 omanem,
2543 3783 2775 3843 Wouve-

367 3883 487 3939 rus,
526 3865 800 3939 Ueserim,
830 3866 1080 3941 Rivetm,
1110 3863 1395 3938 Hem-sius,
1434 3869 1495 3920 et
1534 3860 1654 3920 alii.
1742 3860 1860 3920 Sed
1899 3861 2092 3938 agitur
2131 3860 2227 3920 hic
2267 3868 2491 3920 tantum
2533 3861 2606 3922 de
2648 3863 2778 3941 ejus

368 3943 723 4002 :tuebor-itate
738 3968 763 4017 ;
804 3943 907 4002 An
932 3943 1067 4004 talis
1104 3942 1191 4002 illi
1218 3939 1527 4002 tribuenda
1552 3940 1645 4017 sit,
1669 3939 1985 4002 secundum
2012 3959 2186 4017 quam
2214 3960 2350 4000 vere
2375 3941 2692 4008 Sum-{mn
2719 3950 2780 4002 et

368 4023 704 4082 authentica
730 4031 1050 4082 censeatur.

452 4102 574 4161 ΠΙ.
620 4101 910 4162 Pontificii
947 4102 1085 4161 licet
1110 4120 1231 4160 non
1267 4099 1468 4160 eodem
1496 4099 1672 4160 modo
1709 4119 1912 4159 omnes
1940 4099 2266 4176 loquantur,
2296 4099 2556 4177 plerique
2583 4109 2777 4161 tamen

366 4182 431 4240 in
458 4181 520 4240 id
546 4182 914 4242 consentiunt
942 4181 1285 4242 Versionem
1310 4180 1470 4240 illam
1497 4179 1708 4240 factam
1751 4199 1878 4240 esse
1905 4179 2204 4254 divinitus,
2235 4197 2420 4256 coque
2461 4181 2774 4242 authorita-

366 4269 486 4321 tem
514 4261 771 4320 divinam
800 4262 1005 4321 merito
1032 4260 1307 4336 obtinere,
1338 4269 1513 4338 atque
1539 4258 1686 4318 adeo
1706 4259 2106 4318 Translatores
2133 4278 2250 4317 non
2276 4267 2395 4318 tam
2426 4259 2778 4338 Interpretes

365 4357 543 4418 quam
574 4342 895 4419 Prophetas
923 4341 1259 4414 censendos,
1289 4339 1390 4416 qui
1418 4338 1627 4398 necubi
1669 4346 1924 4398 errarent
1964 4338 2240 4415 peculiari
2283 4338 2455 4397 modo·
2501 4339 2778 4417 Spiritum

370 4421 432 4480 S.
474 4420 841 4480 assistentem
880 4420 1203 4495 habuerint,
1236 4427 1302 4479 ut
1328 4421 1605 4477 Bellarm.
1648 4418 1920 4495 loquitur,
1951 4417 2051 4476 lib.
2083 4417 2143 4476 ii.
2181 4416 2256 4476 de
2284 4418 2360 4478 V.
2395 4419 2470 4476 D.
2499 4437 2548 4476 c.
2579 4421 2659 4477 vi.
2703 4417 2778 4475 ad

364 4519 517 4576 quos
544 4499 843 4574 accedunt,
864 4501 1122 4576 Baylius,
1142 4499 1414 4576 Scapleto.
1446 4499 1514 4557 P.
1537 4497 1862 4558 carthusia.
1894 4495 1967 4554 de
1994 4497 2282 4556 Translat.
2315 4497 2490 4556 Bibli.
2521 4517 2570 4555 c.
2601 4497 2681 4556 iv.
2700 4499 2774 4570 53

365 4582 501 4639 Joh.
532 4581 903 4656 D'Espeires,
934 4589 1005 4639 tr.
1036 4581 1095 4638 ii.
1125 4578 1272 4656 disp.
1296 4579 1334 4637 i.
1365 4577 1502 4636 dub.
1538 4579 1629 4649 10,
1661 4585 1722 4635 et
1761 4577 2095 4653 praesertim,
2125 4579 2223 4636 J0.
2253 4577 2532 4650 Morinus,
2563 4575 2624 4632 in
2655 4575 2774 4632 Ex-

368 4659 529 4719 ercit.
562 4659 737 4720 Bibli.
768 4660 869 4738 qui
897 4678 1111 4737 magno
1150 4657 1447 4718 molimine
1474 4659 1715 4716 αὖθιπίκν
1742 4655 2046 4718 Vei-sionis
2073 4657 2242 4718 istius
2285 4655 2578 4716 adstruere
2591 4673 2776 4732 'eona-
