3300 5225
603 264 721 323 370
1553 280 1737 322 Locus
1764 280 2054 329 ausurus.
2568 260 2833 341 [eumer.
2866 282 3039 323 xm.

601 422 786 481 lutem
801 411 1019 495 eorum,
1041 428 1103 479 et
1127 438 1245 479 non
1271 418 1426 479 velle
1455 421 1626 480 sirnul
1627 420 1799 498 ‚quis
1822 438 1941 479 non
1966 420 2097 479 vult
2122 420 2184 479 id
2208 420 2335 479 sine
2362 436 2479 497 quo
2506 420 2757 481 obtineri
2776 422 3034 500 ιιιοιῃιὶις

602 500 921 639 ωέιῗῧῗ
935 499 2869 659 {imm}aetzmssbssgsstuffiffizfflfflzffiffi
2898 601 3031 639 ω..

599 658 874 738 objicitur
899 666 1096 719 tamen
1121 659 1325 719 eodem
1349 660 1563 736 modo3
1607 660 1759 718 Nam
1785 659 1863 718 sd
1894 660 2039 719 istos
2064 658 2299 737 quidem
2326 660 2561 737 respicit
2589 661 3028 736 prat-amb,AE

601 748 765 815 note,
789 748 848 799 et
863 739 1280 833 prium,
1311 740 1448 817 quis
1474 758 1673 799 eorum
1699 738 1875 799 fidem
1900 747 1963 799 et
2001 738 2246 799 salutem
2272 739 2537 815 intendit,
2568 748 2629 799 et
2654 748 2891 817 propter
2914 760 3032 799 eos

597 818 982 879 ministerium
1021 816 1304 913 instituit,-
1318 828 1380 879 et
1406 820 1795 897 Emgelium
1832 818 2137 897 praedicari
2178 827 2359 895 cumt,
2386 828 2455 879 ut
2480 818 2587 877 filii
2614 819 2728 877 Dei
2770 819 3032 897 dispersi

601 907 1044 977 congregentur,
1073 899 1118 958 J
1119 900 1215 959 oh
1243 899 1326 959 xi.
1355 902 1453 975 52,
1484 906 1544 959 et
1583 900 1895 977 colligatur
1920 918 1991 957 sc
2030 897 2347 959 edificetur
2373 898 2655 973 Ecclesia,
2686 898 2905 977 Ephes.
2934 899 3027 957 iv.

605 981 698 1055 11,
733 982 826 1054 12,
855 978 1016 1072 quod
1039 997 1158 1037 non
1183 978 1348 1038 fieret
1373 978 1426 1038 si
1450 979 1600 1038 nulli
1625 979 1799 1039 electi
1824 987 2019 1038 essent
2044 978 2107 1037 in
2132 978 2389 1038 mundo:
2430 974 2585 1037 unde
2624 996 2742 1036 non
2780 998 2887 1037 eos
2913 998 3027 1037 vo-

597 1067 695 1117 cst
719 1066 944 1118 tentum
971 1056 1315 1137 mperative,
1345 1058 1451 1117 sed
1477 1067 1538 1119 et
1563 1059 1867 1135 oper-atine,
1888 1058 2321 1117 conditionem·
2304 1076 2489 1134 ipsam
2514 1076 2619 1134 per
2650 1056 2981 1133 Spiritum
2960 1078 3029 1116 m

597 1136 672 1195 iis
711 1135 1020 1231 operando.
1111 1137 1228 1197 Sed
1273 1138 1350 1197 ed
1389 1138 1525 1197 illos
1567 1146 1791 1216 spectat
1830 1146 2055 1197 tentum
2096 1137 2431 1197 semmdario
2467 1145 2530 1196 et
2569 1136 2923 1214 fudbectqq
2922 1138 3033 1195 uia.

597 1217 769 1277 mixti
797 1227 933 1277 sunt
959 1236 1091 1276 cum
1119 1217 1336 1294 electis,
1365 1237 1512 1295 quos
1542 1219 1705 1277 Deus
1732 1237 1836 1295 per
1862 1216 2123 1277 Verbum
2151 1236 2229 1276 ex
2254 1216 2470 1275 mundo
2498 1216 2575 1275 sd
2614 1216 2861 1275 salutem
2888 1236 3027 1294 per-

600 1295 811 1356 ducere
838 1296 1124 1373 intendit3
1167 1316 1287 1356 non
1311 1306 1380 1356 ut
1419 1298 1578 1367 salus
1619 1298 1764 1375 ipsis
1802 1317 1841 1355 a
1866 1297 1996 1355 Deo
2023 1296 2313 1371 destinata.
2336 1295 2565 1355 dicetur
2604 1296 3023 1373 conditionate,

600 1376 705 1434 sed
731 1385 958 1435 tantum
983 1386 1052 1434 ιιι
1091 1377 1234 1453 ipsis
1259 1376 1509 1435 officium
1536 1376 1957 1469 proscribatur,
1988 1382 2049 1435 et
2074 1396 2175 1434 m
2212 1374 2417 1435 salutis
2444 1363 2796 1435 ostendatur.
2880 1376 3027 1435 Non

599 1455 814 1515 desinit
855 1476 1000 1533 ergo
1039 1456 1348 1533 multiplex
1394 1456 1528 1515 finis
1571 1476 1701 1515 esse
1748 1456 1919 1515 istius
1947 1454 2268 1515 vocationis
2306 1454 2539 1515 illorum
2564 1464 2847 1532 respectu,
2878 1455 3027 1515 lieet

597 1554 718 1592 non
743 1535 1067 1593 decreverit
1093 1544 1196 1593 aut
1219 1535 1488 1593 intendat
1516 1535 1697 1610 Deus,
1726 1542 1794 1594 ιιι
1819 1535 2059 1593 veniant
2082 1542 2143 1593 et
2182 1533 2499 1593 salventur.
2582 1532 2731 1593 Nam
2758 1554 2879 1611 qua
2902 1537 3025 1593 Le—

591 1614 837 1690 qthlator
861 1614 992 1673 vult
1020 1612 1270 1673 officium
1295 1614 1414 1673 illis
1439 1632 1609 1673 suum
1647 1614 2038 1691 praeseribere,
2066 1632 2184 1691 qun
2210 1614 2489 1671 Dominus
2514 1614 2645 1672 vult
2672 1614 2827 1671 viem
2858 1614 3023 1673 selu-

597 1693 676 1751 tis
703 1694 822 1751 illis
848 1693 1099 1769 benigne
1126 1693 1466 1770 patefacere,
1485 1712 1602 1771 qua
1620 1696 1822 1753 Judm
1836 1694 1967 1753 vult
1990 1712 2095 1753 eos
2120 1702 2491 1753 contumaees
2513 1701 2577 1753 et
2597 1692 2848 1753 rebelles
2873 1714 3021 1753 con-

595 1772 834 1832 vincere
859 1782 921 1832 et
946 1775 1348 1843 ὶκπολογιίτους
1374 1772 1632 1832 reddero.

680 1852 951 1911 XLVII.
995 1851 1276 1927 Quamvis
1302 1853 1546 1911 intentio
1575 1852 1881 1911 Pastorum
1922 1852 1987 1910 in
2014 1850 2337 1913 vocatione
2378 1849 2493 1911 iste
2532 1851 2840 1911 conveniat
2878 1872 3020 1911 cum

595 1930 917 1991 intentione
937 1932 1066 2007 Dei,
1095 1940 1220 1991 tum
1247 1932 1310 1990 in
1337 1951 1408 1991 eo
1433 1932 1593 2009 quod
1615 1932 1767 1990 nihil
1790 1931 2007 1991 faciant
2032 1931 2145 1990 nisi
2168 1951 2247 1990 cx
2276 1930 2478 1989 ordine
2498 1930 2626 2006 Dei,
2650 1931 2777 1989 sive
2802 1939 3021 2009 agatur

597 2010 672 2070 de
699 2010 1028 2070 mandanda
1052 2011 1187 2086 fide,
1217 2011 1344 2071 sive
1369 2012 1444 2070 de
1467 2012 1860 2089 promittenda
1886 2011 2100 2086 salute3
2130 2030 2247 2088 quo
2276 2030 2449 2071 sensu
2476 2009 2747 2069 dicuntur
2772 2030 2903 2069 esse
2932 2011 3021 2071 os

599 2090 728 2167 Dei,
745 2099 814 2150 et
839 2091 1071 2150 nomine
1090 2090 1304 2149 Christi
1329 2110 1438 2150 nos
1465 2090 1701 2165 hortari,
1732 2095 1767 2149 2
1784 2091 1914 2150 Cor.
1928 2110 1986 2150 v.
2004 2092 2096 2167 19,
2111 2093 2221 2167 20;
2263 2098 2389 2151 ιιιιιι
2416 2090 2477 2147 in
2502 2109 2574 2148 eo
2601 2089 2759 2166 quod
2782 2090 3025 2167 utrique

593 2171 824 2248 proprie
853 2171 1098 2230 salutem
1127 2170 1380 2229 solorum
1407 2170 1723 2229 electorum
1751 2135 2096 2245 intendunt,
2119 2187 2237 2229 non
2264 2189 2403 2228 vero
2444 2168 2689 2261 reprobo
2686 2189 2849 2245 rum3
2894 2190 3023 2228 non

591 2268 698 2327 per
721 2250 916 2309 omnia
937 2258 1136 2309 tamen
1157 2250 1543 2326 conveniunt3
1575 2250 1726 2310 Nam
1744 2250 1880 2327 quia
1908 2250 2164 2309 Ministri
2190 2249 2455 2309 nesciunt
2480 2248 2836 2325 distinguere
2862 2248 3025 2309 inter

595 2330 812 2389 electos
840 2338 899 2389 et
925 2329 1218 2423 reprobos,
1247 2350 1358 2390 nec
1383 2338 1598 2389 norunt
1625 2348 1727 2389 eos
1752 2329 2111 2404 nominatim,
2138 2329 2241 2422 qui
2282 2328 2559 2389 credituri
2586 2338 2737 2403 sunt,
2767 2329 2863 2387 vel
2894 2349 3019 2387 non

561 2408 885 2483 -eredituri,
914 2410 1240 2485 promiscue
1269 2426 1470 2469 omnes
1496 2410 1905 2503 alloquuntur,
1918 2416 1978 2469 et
2002 2408 2236 2469 nonnisi
2260 2408 2593 2467 indistincte
2618 2418 2862 2487 possunt
2892 2428 3017 2467 ser-

589 2486 718 2545 vire
761 2488 936 2547 saluti
975 2490 1308 2565 electorum,
1335 2489 1478 2565 quia
1519 2489 1663 2567 ipsis
1708 2496 1846 2548 sunt
1886 2488 2092 2565 ignoti,
2120 2497 2182 2548 et
2222 2496 2487 2567 optarent
2526 2486 2907 2564 proculdubio
2936 2507 3019 2547 ex

591 2565 782 2627 officio
801 2567 1100 2628 charitatis
1127 2588 1328 2628 omncs
1355 2568 1586 2644 salvari,
1605 2588 1715 2629 nec
1736 2568 1809 2628 dc
1830 2569 2175 2647 cujusquam
2202 2568 2388 2630 salute
2415 2568 2679 2629 absolute
2704 2566 3017 2646 desperare

589 2647 822 2724 debent,
854 2648 966 2706 nisi
987 2649 1316 2708 constiterit
1343 2669 1476 2708 eum
1501 2669 1775 2726 peccasse
1802 2648 1878 2708 ed
1920 2657 2181 2723 mortem,
2211 2657 2271 2708 et
2311 2649 2501 2726 reipsa.
2527 2667 2655 2708 esse
2680 2649 3011 2725 reprobum,

589 2743 724 2786 eum
747 2725 909 2787 Deus
935 2729 1120 2806 possit
1145 2727 1352 2787 ultima
1377 2729 1520 2787 hora
1545 2729 1811 2788 homines
1836 2729 2335 2806 vocare.1tsque
2360 2736 2629 2788 tenentur
2652 2727 2856 2786 sedulo
2882 2728 3011 2787 offi-

589 2806 682 2865 cio
723 2825 829 2866 suo
869 2807 1111 2901 defungi
1150 2826 1292 2884 erge
1329 2827 1531 2866 omnes
1571 2817 1920 2885 peccatores,
1960 2818 2021 2868 et
2058 2825 2272 2886 magno
2314 2827 2377 2866 se
2429 2815 2595 2866 rectu
2646 2807 3015 2885 implicarent

589 2905 784 2946 coram
814 2887 959 2963 Deo,
989 2887 1042 2945 si
1078 2887 1142 2944 in
1167 2887 1290 2945 ullo
1329 2895 1606 2964 pereunte
1646 2887 1900 2964 neglecti
1938 2887 2113 2946 officii
2150 2895 2389 2981 possent
2424 2887 2701 2962 accusari,
2730 2887 3013 2979 quamdiu

589 2983 726 3042 spes
765 2966 960 3103 digua
1001 2975 1262 3043 superest
1287 2965 1725 3025 emendationis.
1808 2967 1889 3025 Et
1929 2987 1998 3026 eo
2024 2967 2289 3044 pertinet,
2318 2965 2477 3044 quod
2504 2966 2723 3026 Paulus
2750 2966 2847 3042 sit,
2878 2967 3009 3027 Col.

587 3044 628 3102 i.
659 3047 806 3120 28,ι
893 3064 925 3103 e
953 3063 1181 3104 omnem
1207 3045 1502 3104 hominem
1527 3045 1763 3120 hortari,
1792 3053 1860 3105 ut
1885 3045 2091 3106 reddat
2117 3065 2347 3105 omnem
2372 3045 2663 3104 bominem

587 3122 652 3180 in
679 3123 970 3198 Christoss'
999 3131 1066 3183 ut
1091 3124 1298 3184 doceat
1338 3144 1402 3184 se
1441 3125 1632 3184 facere
1658 3125 1817 3202 quod
1860 3125 1974 3185 sibi
2012 3125 2399 3200 incumbebat,
2428 3135 2495 3184 ut
2532 3125 2837 3202 prodesset
2858 3145 3003 3202 que-

585 3203 811 3262 rumvis
837 3201 1028 3278 saluti,
1055 3204 1184 3263 sive
1201 3204 1246 3264 J
1247 3203 1562 3280 udaeorum,
1587 3205 1715 3264 sive
1733 3205 2075 3280 Gentilium,
2104 3213 2379 3265 eventum
2398 3205 2525 3263 Deo
2554 3205 3003 3267 committendo:

585 3281 733 3342 alins
773 3283 914 3375 ipse,
959 3284 1195 3422 effi-ta
1234 3284 1451 3366 περάσει
1475 3295 1538 3343 et
1575 3285 1891 3363 rejectione
1918 3284 1963 3346 J
1964 3285 2279 3361 udaeomm,
2306 3283 2573 3344 excussis
2599 3284 2863 3344 vestibus
2900 3305 3005 3346 eos

581 3361 874 3440 relinquit,
899 3370 960 3422 et
1087 3371 1294 3442 gentes
1317 3384 1384 3424 se
1409 3364 1717 3440 convertit,
1747 3363 1885 3424 Act.
1914 3365 2080 3423 xviii.
2097 3367 2156 3440 6,
2176 3373 2235 3424 et
2262 3364 2387 3423 xiii.
2416 3366 2515 3423 46.
2560 3363 2681 3423 Sed
2710 3363 2871 3424 Deus
2894 3365 3001 3441 qui

582 3441 752 3502 novit
777 3443 878 3520 qui
905 3442 998 3502 sui
1020 3451 1176 3520 sunt,
1219 3453 1282 3503 et
1307 3463 1426 3520 eos,
1449 3463 1697 3522 quorum
1725 3444 1979 3504 solorum
2006 3444 2183 3504 saluti
2209 3452 2269 3504 et
2295 3443 2660 3502 conversioni
2686 3443 3003 3504 destinavit

583 3523 968 3596 vocationem,
995 3521 1270 3584 distincte
1297 3524 1474 3584 etiam
1502 3532 1562 3583 ct
1601 3523 1919 3582 formaliter
1946 3543 2145 3582 eorum
2174 3523 2419 3582 salutem
2446 3521 2697 3582 intendit
2722 3541 2826 3600 per
2852 3543 3000 3598 eum,

579 3619 700 3662 non
722 3622 868 3664 vero
907 3569 1168 3680 el'iorum,
1199 3623 1346 3681 quos
1373 3603 1542 3662 novit
1579 3622 1617 3661 a
1660 3623 1723 3663 se
1765 3602 2102 3680 reprobatos
2143 3603 2218 3662 ab
2244 3610 2477 3676 oeternO,
2507 3610 2568 3661 et
2592 3611 2695 3662 sut
2720 3622 2837 3662 non
2863 3622 3004 3662 vere

581 3681 840 3760 obsequi,
883 3691 986 3742 sut
1025 3701 1320 3761 nunquam
1363 3683 1755 3758 obsecuturos,
1794 3701 2155 3760 quorumque
2194 3682 2327 3741 ideo
2368 3681 2613 3741 salutem
2652 3701 2771 3740 non
2808 3691 3005 3758 potest

578 3761 896 3836 intendere,
929 3760 1033 3820 sed
1071 3763 1265 3838 potius
1291 3762 1679 3822 detectionem
1722 3761 1965 3821 malitiae
2008 3761 2201 3821 cordis
2244 3762 2517 3838 ipsorum,
2550 3759 2694 3820 Luc.
2722 3760 2783 3820 ii.
2810 3763 2908 3836 35,
2940 3771 3003 3821 et

581 3857 782 3897 eorum
825 3840 1402 3933 inexcusabilitatem,
1453 3841 1755 3918 supposita
1796 3860 1997 3901 eorum
2038 3841 2418 3915 contumacis,
2470 3840 2641 3900 Rom.
2668 3841 2711 3898 i.
2740 3842 2853 3916 20;
2894 3840 2941 3900 J
2942 3861 2998 3899 o

581 3935 686 3974 xv.
705 3921 812 3993 223
841 3926 910 3976 ut
934 3927 1180 3978 eventus
1207 3919 1330 3996 ipse
1359 3920 1502 3978 satis
1529 3918 1801 3979 ostendit.
1844 3921 1969 3979 Nec
1993 3921 2091 3978 hic
2110 3920 2419 3980 dicendum
2440 3920 2623 3998 quaeri
2650 3919 2724 3979 de
2750 3885 3002 3980 vodan&

579 4015 790 4071 amno,
821 4005 876 4055 et
891 4000 1187 4072 voluntate,
1217 4017 1335 4056 non
1353 3998 1429 4056 de
1448 3999 1755 4058 voeatiom‘s
1780 4008 2009 4060 eventu:
2052 4000 2247 4058 Nam
2228 4019 2353 4078 ipse
2380 4009 2626 4058 eventus
2653 3999 2757 4077 qui
2781 3997 2996 4077 pendet

581 4093 660 4133 ex
685 4074 980 4134 liberrima
1006 4084 1066 4135 et
1093 4076 1518 4153 sapientissima
1546 4077 1661 4135 Dei
1702 4077 2146 4156 dispensatione,
2178 4079 2319 4139 satis
2360 4079 2579 4139 indicat
2606 4079 2797 4157 qualis
2822 4077 2997 4139 filerit

579 4153 846 4214 vocantis
871 4154 1097 4215 enimus
1123 4164 1185 4215 et
1203 4155 1490 4233 voluntas,
1514 4175 1646 4217 cum
1665 4157 1815 4218 nihil
1839 4167 2050 4237 praeter
2074 4159 2235 4220 illius
2260 4159 2639 4219 intentionem
2658 4158 2995 4236 contingere

572 4240 772 4312 queat.

661 4313 968 4372 XLVIII.
1013 4312 1180 4374 Licet
1209 4314 1472 4376 Christus
1509 4334 1630 4376 non
1669 4299 1859 4394 magis
1886 4317 2213 4378 destinatus
2238 4317 2317 4378 sit
2342 4317 2419 4376 ed
2443 4317 2693 4378 salutem
2721 4337 2823 4395 rep
2822 4315 2993 4376 robo-

575 4411 707 4453 rum
733 4411 911 4487 quam
939 4393 1300 4470 Dae‘monum,
1329 4403 1389 4455 et
1415 4396 1568 4455 hec
1551 4416 1612 4454 m
1637 4405 1803 4474 parte
1830 4395 2050 4456 similes
2078 4398 2213 4474 sint,
2243 4397 2400 4475 quod
2426 4406 2803 4474 utrorumque
2784 4337 2993 4456 Ρὼιιιι-

575 4473 736 4534 natio
777 4474 856 4534 sit
893 4472 1324 4551 irrevocabilis3
1375 4475 1507 4534 Non
1549 4476 1682 4535 ideo
1721 4497 1827 4554 par
1866 4485 1957 4538 est
1996 4476 2059 4534 in
2100 4477 2369 4538 omnibus
2406 4486 2785 4555 utrorumque
2824 4477 2993 4536 ratio.

577 4553 791 4631 Primo,
839 4553 995 4632 quis,
1039 4559 1106 4614 ut
1147 4519 1412 4616 chris'tm
1457 4573 1573 4615 non
1621 4556 1937 4635 assumpsit
1977 4554 2261 4636 Angelos,
2300 4557 2415 4648 ‘sed
2460 4557 2672 4618 Semsn
2712 4555 2993 4632 Abrahae,

3176 4625 3178 4703 ι

3169 4715 3176 4896 1¹
