3300 5225
419 375 644 426 omasr.
675 355 792 440 nn]
1279 377 1361 418 ns
1387 377 1973 449 Punnsmuronn.
2713 363 2829 422 311

370 503 384 520 ⁰
421 516 660 596 quidem
688 517 861 578 debet
888 517 950 576 in
975 516 1334 594 executione,
1367 518 1476 584 sed
1499 515 1618 580 no‘n
1643 519 1861 598 pariter
1886 520 1949 580 in
1976 519 2310 598 intentione,
2341 518 2458 581 imo
2484 526 2553 580 ut
2578 517 2832 580 medium

423 597 599 658 debet
625 597 792 676 sequi
815 597 1196 672 intentionem
1222 598 1372 658 finis.
1460 599 1558 660 Sic
1586 620 1744 678 teger
1770 608 1861 659 est
1887 600 2183 678 objectum
2221 599 2663 662 consultationis
2702 599 2828 658 Me·

421 676 538 736 dici
566 676 640 736 de
667 677 771 739 ino
799 676 1080 758 sanandO,
1106 677 1214 745 sed,
1237 677 1296 738 in
1324 679 1428 738 illa
1451 699 1570 738 non
1595 675 1791 758 potest
1818 679 2169 740 considerari
2196 689 2262 740 ut
2279 681 2403 759 jam
2428 686 2727 764 purgatus,
2759 698 2829 740 eo

420 757 580 835 quod
643 757 872 836 urgatio
899 765 989 818 est
1013 757 1268 818 medium
1295 757 1372 816 ad
1398 759 1753 818 sanationem
1782 760 2171 822 obtinendam.

503 777 658 906 2228.
706 837 790 898 Ut
817 857 955 896 vero
963 838 1106 916 finis
1133 839 1648 910 Ρνφᾶεειὺιαιίοπὼ
1674 849 1944 921 respectu
1961 840 2275 916 hominum,
2299 839 2457 898 salus
2482 837 2752 913 nimirum
2770 847 2831 898 et

419 914 730 993 damn-atio,
763 917 1036 996 supponit
1077 918 1400 986 necessario
1449 919 1797 984 creationem
1839 930 1900 979 et
1940 919 2169 998 lapsum
2215 919 2277 980 in
2317 919 2547 998 objecto
2570 941 2595 1000 ²:
2626 918 2829 978 Media

419 997 596 1054 etiam
621 997 684 1056 id
709 996 902 1076 ipsum
927 996 1203 1069 evincunt
1225 1020 1241 1058 ε
1298 998 1374 1059 In
1401 999 1701 1064 Electione
1730 998 1965 1076 quidem
1992 999 2272 1075 Christus,
2302 999 2567 1075 Vocatio,
2598 999 2643 1059 J
2644 999 2825 1058 ustifi-

416 1077 586 1152 catio,
615 1077 1023 1152 sanctificatio,
1041 1097 1174 1156 quae
1189 1079 1554 1158 praeexigunt
1571 1078 1959 1148 conditionem
1974 1079 2171 1160 lapsus
2189 1087 2247 1138 et
2261 1079 2486 1158 peccati
2509 1102 2523 1138 :
2563 1078 2827 1139 Christus

416 1155 574 1220 enim
598 1165 690 1219 est
721 1157 995 1218 Servator
1021 1177 1057 1215 a
1082 1157 1350 1234 peccatis,
1385 1159 1554 1220 Matt.
1583 1158 1624 1220 i.
1654 1161 1751 1218 21.
1833 1159 2082 1238 Vocatio
2108 1167 2197 1220 est
2222 1167 2604 1238 peccatorum,
2635 1158 2823 1219 Justi·

415 1234 608 1295 ficatio
630 1257 873 1314 reorum,
902 1236 1292 1298 Sanctificatio
1313 1236 1759 1298 immundorum.
1818 1238 1893 1305 In
1921 1238 2345 1320 Reprobatione
2366 1259 2505 1298 vero
2526 1237 2823 1299 derelictio

414 1314 478 1374 in
503 1325 756 1397 peceato,
787 1315 1070 1396 separatio
1088 1337 1125 1374 a
1142 1317 1387 1394 Christo,
1411 1317 1659 1392 retentio
1678 1318 1919 1398 peccati,
1940 1317 2257 1394 encoecatio
2278 1327 2339 1381 et
2364 1318 2669 1393 induratio,
2694 1337 2823 1394 quae

413 1396 645 1456 nonnisi
671 1397 734 1456 in
757 1405 1117 1475 peccatorem
1144 1394 1375 1456 cadunt.

1018 1475 1208 1534 XXI.
1254 1475 1481 1536 Creatio
1508 1484 1568 1536 et
1592 1475 1792 1555 lapsus
1818 1496 1937 1536 non
1963 1475 2301 1539 ordinantur
2326 1476 2509 1542 instar
2527 1477 2700 1537 medii
2719 1495 2825 1554 per

485 1527 824 1634 Fofflgru-
935 1573 1000 1616 se
1029 1554 1388 1617 subordinati
1427 1555 1506 1616 ad
1535 1555 2065 1623 Praedestinationis
2091 1557 2265 1616 finem
2286 1580 2307 1638 ς,
2347 1556 2452 1619 sed
2489 1576 2819 1635 praesuppo·

935 1643 1152 1696 nuntur
1177 1634 1360 1694 instar
1386 1634 1734 1708 conditionis
1761 1635 1823 1696 in
1849 1635 2076 1714 objecto
2118 1635 2544 1717 praequisitae,
2574 1646 2642 1696 ut
2667 1637 2821 1696 exis·

409 1712 595 1776 tentia
620 1722 679 1773 et
705 1713 1000 1776 ductilitas
1027 1715 1089 1775 in
1115 1713 1256 1790 luto,
1287 1735 1405 1792 non
1431 1723 1522 1778 est
1547 1715 1805 1776 medium
1831 1715 1988 1794 quod
2016 1714 2331 1794 substernit
2355 1716 2393 1774 fi
2500 1735 2571 1794 us
2598 1735 2704 1778 suo
2731 1716 2819 1776 in·

411 1792 633 1869 stituto,
663 1793 736 1858 de
763 1793 922 1854 vasis
959 1793 1038 1856 ad
1081 1793 1257 1854 decus
1284 1795 1382 1854 vel
1421 1794 1498 1866 ad
1541 1793 1797 1862 dedecus
1836 1795 2125 1874 parandis,
2157 1795 2263 1860 sed
2300 1795 2411 1872 con
2455 1796 2555 1856 'tio
2594 1803 2821 1857 tantum

412 1891 516 1932 seu
559 1873 808 1950 qualitas
853 1875 916 1934 in
963 1872 1192 1951 objecto
1238 1873 1649 1955 praerequisita,
1681 1885 1741 1942 et
1787 1895 1963 1938 causa
2005 1875 2129 1934 sine
2172 1896 2288 1968 qua
2314 1895 2477 1956 noni
2524 1875 2641 1954 nisi
2666 1874 2820 1954 enim

409 1951 584 2012 homo
613 1953 880 2022 conditus
907 1963 1062 2014 esset
1087 1962 1146 2012 et
1171 1954 1386 2034 lapsus,
1416 1974 1535 2021 non
1559 1963 1758 2031 posset
1782 1955 1981 2015 venire
2007 1955 2070 2014 in
2096 1955 2515 2018 executionem.

492 2030 718 2090 XXII.
763 2032 1040 2107 Quamvis
1070 2032 1506 2096 Praedestinatio
1542 2053 1662 2093 non
1700 2033 1991 2116 praecedat
2016 2033 2309 2098 decretum
2338 2034 2410 2096 de
2438 2033 2687 2110 creando
2712 2034 2815 2100 ho:

409 2109 582 2185 mine,
612 2119 673 2170 et
699 2109 772 2172 de
799 2109 1182 2190 permittendo
1208 2112 1410 2192 lapsu3
1456 2113 1590 2172 Non
1631 2113 1891 2190 sequitur
1920 2113 2110 2173 Deum
2137 2114 2355 2174 incerto
2382 2114 2499 2174 fine
2523 2115 2817 2192 hominem

408 2190 772 2268 condidisse3
819 2191 942 2250 Nec
968 2192 1124 2250 enim
1151 2193 1202 2252 si
1231 2191 1392 2254 Deus
1430 2211 1536 2271 pro
1575 2191 1691 2262 fine
1724 2212 1843 2250 non
1880 2193 2085 2252 habuit
2124 2193 2567 2272 patefactionem
2592 2194 2813 2266 miseri-

409 2269 622 2331 cordiae
649 2279 709 2330 et
741 2271 988 2349 justitiae
1027 2272 1090 2328 in
1127 2272 1314 2333 salute
1339 2271 1439 2330 vel
1464 2271 1847 2348 damnatione,
1878 2271 2037 2332 illico
2064 2272 2371 2334 dicendum
2400 2282 2489 2336 est
2516 2273 2673 2334 omni
2699 2273 2815 2335 fine

407 2348 662 2411 caruisse
681 2373 700 2428 3,
746 2351 950 2428 quidni
990 2351 1144 2410 enim
1186 2351 1347 2416 Deus
1388 2351 1451 2408 in
1489 2360 1735 2428 utroque
1778 2351 2023 2430 gloriam
2069 2371 2231 2428 suam
2278 2351 2600 2430 patefacere
2628 2353 2816 2416 voluit

405 2447 511 2506 per
531 2430 870 2493 exercitium
890 2431 1132 2490 aliorum
1159 2431 1585 2509 attributorum,
1613 2429 1903 2508 potentiae,
1928 2431 2240 2524 sapientise,
2270 2441 2331 2495 et
2356 2431 2650 2508 bonitatis,
2678 2432 2817 2500 licet

408 2527 528 2573 non
567 2510 887 2588 respexerit
931 2509 1124 2570 adhuc
1161 2510 1238 2572 ad
1284 2509 1737 2571 misericordiam
1779 2519 1839 2570 et
1878 2505 2183 2588 justitiam,
2226 2509 2365 2589 quia
2406 2509 2663 2573 nondum
2690 2519 2815 2582 erat

405 2607 606 2649 eorum
648 2589 940 2667 objectum
981 2589 1376 2652 constitutum.
1461 2589 1628 2650 Finis
1670 2609 1810 2669 ergo
1856 2599 2091 2669 propter
2131 2610 2305 2669 quern
2351 2591 2512 2669 Deus
2555 2590 2813 2657 decrevit

405 2668 698 2727 hominem
725 2689 936 2747 creare,
967 2680 1027 2729 et
1066 2670 1294 2747 lapsum
1319 2671 1446 2731 e'us
1487 2670 1833 2749 permittere,
1863 2690 1982 2732 non
2009 2670 2119 2731 fuit
2143 2670 2529 2749 manifestatio
2578 2672 2813 2747 ’ustitiae

405 2756 466 2807 et
506 2747 912 2807 misericordiae
952 2750 1014 2807 in
1043 2750 1228 2808 salute
1256 2758 1315 2808 et
1383 2748 1711 2807 amnatione
1736 2748 2035 2809 hominum
2063 2770 2138 2808 ex
2166 2750 2397 2811 decreto
2435 2771 2555 2828 prae
2597 2752 2809 2827 estina-

403 2828 595 2904 tionis,
627 2828 785 2907 quod
811 2828 1011 2890 ordine
1038 2837 1275 2905 naturae,
1305 2836 1366 2887 et
1401 2828 1464 2890 in
1489 2829 1659 2907 signo
1685 2828 1924 2901 rationis
1949 2836 2041 2893 est
2068 2848 2137 2891 eo
2163 2830 2466 2907 posterius,
2500 2824 2639 2908 (nisi
2665 2831 2809 2899 veli-

403 2927 534 2970 mus
564 2908 754 2977 Deum
796 2908 982 2987 primo
1023 2909 1310 2985 cogitasse
1351 2906 1424 2969 de
1466 2928 1638 2986 opere
1674 2906 2000 2985 reficiendO,
2031 2928 2205 2988 quam
2242 2910 2587 2988 cogitaverit
2625 2910 2699 2969 de
2740 2930 2809 2986 eo

404 2987 780 3065 conficiendO,
809 2996 869 3048 et
895 2988 970 3047 de
996 2986 1138 3067 aegri
1177 2988 1489 3064 curatione,
1519 2996 1829 3065 antequam
1856 2988 1929 3047 de
1965 2988 2167 3049 morbo
2193 2989 2503 3069 quiequam
2530 2990 2807 3051 constitu-

401 3068 514 3131 erit
526 3067 570 3146 ς)
614 3068 720 3127 sed
757 3066 868 3129 fuit
896 3067 1353 3144 communicatio,
1383 3076 1444 3127 et
1470 3068 1632 3128 velut
1658 3064 1856 3147 'hrum
1894 3068 2183 3146 potentiae,
2215 3068 2527 3149 sapientiae,
2558 3078 2618 3133 et
2642 3068 2806 3144 bonif

402 3148 542 3217 tatis
571 3146 876 3223 Creator-is,
916 3168 1048 3225 quse
1088 3155 1210 3211 tum
1251 3147 1314 3205 in
1355 3147 1642 3207 creatione
1683 3148 1951 3228 hominis,
1986 3146 2082 3209 Ps.
2111 3147 2234 3222 viii.
2265 3152 2320 3225 5,
2353 3152 2417 3229 6,
2438 3158 2565 3223 tum
2590 3148 2653 3210 in
2680 3152 2807 3228 ejus

403 3226 573 3303 lapsu
599 3224 986 3288 diversimode
1013 3226 1386 3302 emicuerunt,
1431 3227 1591 3304 quod
1627 3226 1897 3289 ultimum
1938 3226 2047 3287 fuit
2086 3228 2239 3300 intra
2264 3237 2485 3303 naturae
2511 3229 2804 3311 terminos,

402 3314 464 3368 et
491 3306 553 3363 in
578 3304 684 3367 tali
708 3324 900 3364 rerum
928 3304 1146 3365 ordine.
1229 3304 1317 3365 At
1343 3314 1648 3383 postquam
1676 3306 1830 3366 hunc
1858 3304 2117 3365 ordinem
2144 3318 2442 3385 peccatum
2470 3309 2725 3389 corrupit
2750 3318 2810 3388 et

401 3383 778 3461 perturbavit,
813 3385 976 3443 Deus
1002 3384 1103 3463 qui
1129 3404 1206 3443 ex
1231 3384 1486 3447 tenebris
1512 3386 1718 3461 lucem,
1749 3394 1809 3445 et
1834 3386 2051 3451 bonum
2070 3406 2147 3446 ex
2167 3388 2319 3447 malo
2340 3388 2513 3465 elicit,
2543 3388 2805 3468 redemp-

401 3463 578 3525 tionis
605 3483 752 3543 opus
789 3463 1058 3539 instituit,
1088 3483 1206 3523 non
1231 3463 1347 3523 alio
1387 3464 1519 3539 fine,
1557 3484 1733 3543 quam
1760 3474 1827 3523 ut
1866 3464 1929 3539 in
1954 3464 2069 3541 alio
2096 3485 2287 3525 rerum
2314 3465 2533 3543 ordine,
2563 3468 2809 3527 virtutes

401 3542 652 3621 easdem,
683 3551 742 3603 ct
769 3563 901 3603 cum
941 3544 1058 3603 illis
1084 3542 1534 3615 misericordiam
1561 3552 1622 3603 ct
1656 3544 1945 3620 justitiam
1985 3544 2447 3623 magnificentius
2473 3554 2805 3623 ostentaret,

402 3631 463 3682 et
488 3622 652 3686 velut
677 3622 739 3681 in
765 3624 952 3700 gradu
979 3642 1236 3701 summo;
1281 3622 1376 3681 cui
1414 3622 1519 3692 fini
1558 3623 1821 3684 serviunt
1846 3622 2055 3698 media,
2084 3642 2201 3683 non
2231 3624 2475 3699 creatio,
2504 3644 2637 3702 quie
2663 3626 2805 3685 alte·

400 3702 522 3763 rius
549 3711 639 3761 est
666 3703 896 3779 generis
922 3711 981 3762 et
1006 3702 1241 3775 ordinis,
1272 3721 1390 3759 non
1414 3702 1630 3781 lapsus,
1661 3702 1761 3779 qui
1804 3701 2031 3761 occasio
2056 3710 2279 3774 tantum
2308 3702 2417 3763 fuit
2443 3712 2504 3763 et
2529 3704 2809 3763 terminus

399 3800 438 3851 ,a
475 3802 592 3859 quo
623 3782 784 3843 Deus
825 3782 1129 3842 consilium
1170 3782 1375 3852 salutis
1413 3780 1663 3861 incepit:
1706 3780 1811 3843 sed
1848 3780 2039 3843 foedus
2079 3782 2298 3861 gratiae,
2341 3782 2541 3845 missio
2570 3783 2709 3843 Filii
2750 3792 2810 3863 et

403 3860 653 3939 Spiritus
685 3860 899 3938 Sancti,
928 3862 1264 3938 redemptiO,
1294 3862 1541 3936 vocatio,
1573 3858 1704 3936 &c.,
1732 3881 1863 3937 quse
1890 3880 2007 3919 non
2035 3862 2111 3919 ad
2150 3860 2413 3938 ordinem
2436 3870 2673 3941 nature,
2704 3864 2810 3939 sed

398 3940 476 4002 ad
504 3941 854 4017 superiorem
879 3949 939 4001 et
966 3940 1456 4019 supernaturalem
1481 3940 1745 4005 ordinem
1772 3940 1975 4019 gratiae
2000 3940 2307 4019 pertinent.

481 4020 742 4080 XXIII.
786 4020 1110 4099 Vulgatum
1137 4019 1409 4098 Axioma,
1439 4040 1556 4099 quo
1599 4020 1688 4090 uti
1730 4020 1826 4079 hic
1874 4019 2063 4082 solent
2094 4019 2532 4098 Supralapsarii,
2564 4029 2622 4081 et
2649 4021 2809 4100 quod

397 4098 476 4160 ad
501 4099 686 4162 ravim
715 4119 899 4177 usque
925 4101 1156 4177 oggerit
1187 4100 1442 4175 Twissue,
1471 4107 1532 4159 et
1555 4100 1655 4162 cui
1680 4099 1805 4175 soli,
1837 4119 2154 4177 operosam,
2184 4119 2357 4175 quam
2386 4120 2559 4179 super
2583 4101 2697 4159 hoc
2717 4122 2806 4161 ar·

395 4188 674 4255 gumento
701 4180 955 4239 instituit
983 4178 1406 4258 Disputationis
1424 4180 1653 4253 molem,
1678 4187 2070 4259 superstruere
2088 4178 2337 4255 videtur,
2367 4180 2541 4249 Quod
2555 4182 2805 4257 ultimum

395 4268 480 4316 est
503 4260 563 4317 in
589 4261 923 4335 executione,
955 4261 1110 4317 debet
1133 4280 1248 4317 ωδε
1264 4260 1518 4335 primum
1545 4260 1605 4317 in
1629 4260 1926 4317 intentione
1941 4283 1963 4317 .·
2004 4258 2091 4318 At
2115 4258 2425 4329 illustratio
2464 4259 2667 4337 glorios
2696 4260 2808 4335 Dei

395 4356 501 4414 per
527 4338 980 4400 misericordiam
1004 4338 1066 4397 in
1094 4338 1279 4398 salute
1301 4339 1632 4413 electorum,
1657 4347 1717 4413 et
1740 4358 1847 4416 per
1858 4338 2147 4417 Justitiam
2168 4337 2230 4411 in
2244 4338 2619 4417 reproborum
2646 4339 2806 4412 dam-

395 4418 648 4493 natione,
677 4426 769 4477 est
794 4418 1000 4479 ultima
1041 4418 1104 4475 in
1129 4416 1510 4494 executione3
1557 4418 1717 4495 Ergo
1758 4418 1946 4497 prima.
1972 4417 2147 4480 debet
2188 4436 2317 4491 esse
2359 4417 2421 4475 in
2447 4418 2805 4493 intentionez

394 4496 589 4563 varias
614 4496 832 4573 patitur
857 4496 1249 4557 limitationes.
1311 4497 1525 4573 Prim0,
1555 4498 1716 4558 valet
1741 4496 1977 4574 quidem
2002 4516 2154 4575 resp.
2165 4498 2308 4577 finis
2332 4498 2527 4590 ultimi,
2559 4496 2664 4571 sed
2689 4518 2809 4573 non

394 4584 667 4652 respectu
687 4577 1138 4646 subalternorum
1157 4600 1181 4649 ;
1222 4576 1368 4636 alias
1396 4588 1732 4653 sequeretur
1756 4577 1987 4654 pariter,
2017 4576 2081 4636 id
2120 4576 2279 4655 quod
2308 4577 2691 4654 penultimum
2718 4584 2810 4649 est

391 4653 454 4713 in
481 4654 841 4733 executione,
871 4675 1000 4729 esse
1045 4655 1364 4727 secundum
1390 4656 1452 4715 in
1495 4655 1832 4735 intentione,
1862 4664 1922 4718 et
1961 4655 2121 4734 quod
2155 4654 2669 4733 antepenultimum
2698 4664 2804 4731 est,
