3300 5225
551 318 631 375 84
1486 335 1669 377 Locus
1698 336 2018 378 sneunnus.
2588 314 2840 399 [quaer.
2873 334 2956 379 vr.

556 474 613 533 N
614 494 705 532 am
740 474 988 551 Spiritus
1016 474 1116 551 qui
1157 481 1401 535 testatur
1442 476 1502 532 in
1544 474 1816 537 nobis·de
1847 476 2164 535 Divinitate
2197 475 2522 554 Scripturas,
2567 496 2688 536 non
2715 486 2804 537 est
2829 498 2960 555 pro-

555 554 717 631 prius
762 553 1121 631 singulorum
1164 554 1386 613 ratione
1433 555 1702 633 principii
1743 562 1804 613 et
1845 554 2104 633 originis,
2151 556 2288 632 quia
2333 557 2656 615 communis
2711 566 2800 616 est
2851 557 2963 616 toti

558 632 855 707 Ecclesiae,
886 640 947 691 et
973 634 1241 693 omnibus
1266 632 1536 693 fidelibus
1565 634 1627 692 in
1655 634 1866 711 quibus
1895 636 2136 693 eandem
2163 635 2336 695 fidem
2365 636 2702 713 ingenerat3
2747 636 2857 695 etsi
2885 637 2964 695 sit

556 712 691 851 dualis
720 712 1041 790 subjective
1067 713 1290 773 ratione
1318 714 1600 791 cujusque
1626 712 1930 790 individui,
1959 714 2098 790 quia
2123 714 2368 791 singulis
2394 714 2665 775 fidelibus
2689 716 2964 793 privatim

640 868 819 929 XVI.
865 869 1032 929 Licet
1068 870 1327 930 Ecclesia
1367 870 1444 930 sit
1483 871 1770 948 antiquior
1793 871 2097 947 Scriptura
2127 874 2460 946 fomaliter
2503 872 2864 932 considerata
2905 882 2964 931 et

556 949 748 1027 quoad
775 950 1010 1008 modum
1039 950 1401 1027 scriptionis:
1444 969 1561 1009 non
1588 958 1782 1009 tamen
1821 950 1956 1009 talis
1981 951 2100 1009 dici
2125 960 2316 1028 potest
2356 961 2620 1029 respectu
2653 952 2962 1029 Scripturae

556 1028 929 1089 materialiter
970 1037 1241 1106 spectatae
1284 1036 1345 1088 et
1379 1028 1573 1106 quoad
1616 1029 2002 1089 substantiam
2041 1030 2352 1106 doctrinae3
2397 1032 2534 1108 quia
2560 1032 2820 1090 Verbum
2853 1032 2964 1089 Dei

560 1108 853 1185 antiquius
880 1108 990 1167 fuit
1016 1109 1143 1185 ipsa
1171 1108 1451 1183 Ecclesia,
1482 1116 1684 1185 utpote
1711 1110 1840 1185 ejus
1866 1108 2303 1169 fundamentum
2343 1120 2403 1169 et
2444 1130 2656 1169 semen.
2741 1115 2797 1169 2.
2829 1111 2964 1168 Non

566 1246 571 1248 ,
597 1188 834 1247 uaeritur
876 1187 949 1247 de
1004 1187 1333 1246 testimonio
1379 1187 1658 1246 Ecclesiae
1687 1186 1920 1247 Veteris
1968 1188 2430 1249 Patriarcharum
2483 1210 2612 1266 quae
2667 1190 2776 1249 fuit
2829 1200 2963 1248 ante

638 1266 931 1343 ripturam,
962 1265 1065 1325 sed
1092 1266 1385 1325 hodiernae
1412 1286 1541 1342 quas
1568 1267 1696 1343 ipsa
1722 1266 1898 1343 longe
1923 1269 2208 1327 recentior
2233 1277 2340 1327 est.

638 1344 854 1405 XVII.
902 1345 1067 1404 Licet
1092 1344 1294 1405 fideles
1326 1345 1575 1423 Spiritus
1606 1345 1667 1404 S.
1697 1347 2028 1405 testimonio
2069 1348 2521 1424 persuadeantur
2547 1348 2620 1406 de
2652 1348 2962 1426 Scripturas

559 1423 915 1501 Divinitate3
958 1442 1079 1484 non
1104 1424 1364 1501 sequitur
1388 1432 1583 1483 tamen
1610 1442 1811 1483 omnes
1837 1426 1940 1503 qui
1983 1426 2260 1503 Spiritum
2287 1428 2452 1485 illum
2479 1428 2695 1487 habent
2723 1446 2960 1485 consen-

556 1503 667 1563 tire
694 1503 905 1564 debere
932 1504 994 1561 in
1022 1504 1267 1581 singulis
1294 1502 1459 1563 libris
1486 1503 1702 1581 pariter
1728 1505 2078 1583 accipiendis
2103 1529 2118 1567 ε
2161 1506 2298 1583 quia
2335 1514 2402 1565 ut
2441 1526 2559 1565 non
2585 1506 2754 1565 datur
2781 1506 2960 1564 omni-

555 1581 670 1643 bus
713 1583 921 1659 aequali
964 1602 1249 1658 mensura,
1288 1583 1373 1641 ita
1412 1602 1522 1641 nee
1566 1602 1766 1643 omnes
1807 1585 2018 1661 aequali
2061 1586 2409 1663 cognitionis
2453 1587 2582 1645 luce
2623 1594 2745 1645 tam
2773 1585 2965 1662 quoad

558 1660 936 1799 {fflffi
949 1662 1291 1801 Raiffffiffi’
1328 1662 1915 1801 qkffimflessffadnil?
1957 1664 2965 1804 ffifflmpffitfflss'svffitffssffl

559 1816 825 1880 dubitare
870 1820 943 1878 de
985 1838 1102 1881 uno
1129 1820 1227 1879 vel
1270 1761 1451 1879 alfere
1494 1821 1643 1879 libro
1691 1762 2002 1897 Canonidh,
2033 1823 2170 1901 quia
2211 1823 2468 1884 nondum
2513 1765 2966 1884 satispillustrati

559 1906 725 1959 erant
750 1897 967 1957 lumine
998 1898 1246 1977 Spiritus
1277 1899 1491 1959 Sancti.
2329 1914 2336 1921 ·

642 1977 894 2037 XVIII.
938 1978 1072 2037 Non
1098 1997 1333 2038 necesse
1361 1988 1451 2039 est
1484 1997 1725 2057 semper,
1755 1987 1822 2038 ut
1849 1980 2124 2057 quicquid
2167 1980 2444 2058 probatur
2485 2002 2589 2061 per
2631 1980 2791 2041 aliud
2831 1999 2962 2060 pro-

559 2055 745 2117 betur.
830 2056 1107 2132 Quaedam
1152 2058 1305 2116 enim
1352 2065 1488 2117 sunt
1534 2066 1672 2117 nota
1715 2058 1938 2137 seipsis,
1978 2060 2156 2137 juxta
2185 2060 2585 2137 Philosophus,
2631 2070 2697 2120 ut
2745 2080 2967 2119 summa

559 2154 751 2197 rerum
795 2156 1011 2213 genera
1039 2140 1098 2196 et
1124 2137 1343 2196 ultimae
1372 2136 1711 2197 differentiae
1744 2147 1804 2196 et
1843 2138 2032 2217 prima
2072 2139 2369 2217 principia,
2401 2160 2530 2217 quae
2573 2140 2806 2199 aliunde
2847 2158 2966 2199 non

558 2223 803 2293 possunt
829 2215 1210 2276 demonstrari
1236 2215 1340 2275 sed
1367 2236 1473 2276 sua
1514 2217 1645 2276 luce
1671 2226 1888 2295 patent,
1921 2227 1981 2277 et
2023 2226 2297 2295 tanquam
2343 2228 2500 2278 certa
2541 2227 2600 2278 et
2642 2219 2967 2279 indubitata

560 2304 991 2373 supponuntur3
1036 2304 1097 2355 et
1140 2295 1191 2355 si
1218 2296 1349 2372 quis
1391 2314 1461 2355 ea
1487 2294 1633 2355 forte
1660 2297 1978 2373 negaverit,
2009 2316 2126 2355 non
2157 2299 2510 2375 argumentis
2539 2298 2968 2358 conveniendus

560 2382 667 2449 est,
698 2372 803 2434 sed
830 2375 905 2433 ad
930 2382 1175 2452 agnatos
1202 2373 1549 2452 relegandus
1576 2384 1678 2434 aut
1705 2376 2005 2454 suppliciis
2032 2377 2397 2453 coercendus,
2428 2388 2494 2437 ut
2521 2378 2622 2455 qui
2649 2386 2797 2436 teste
2827 2377 2966 2435 Phi-

559 2454 821 2531 losopho,
851 2453 949 2511 vel
992 2473 1167 2513 sensu
1206 2454 1303 2512 vel
1346 2473 1518 2530 poena
1560 2453 1837 2531 indigeat.
1925 2456 2023 2515 Sic
2066 2456 2310 2517 Posteri.
2354 2457 2596 2533 Analyt.
2635 2456 2676 2515 l.
2705 2458 2743 2515 i.
2787 2476 2837 2514 c.
2872 2460 2963 2531 10,

562 2532 705 2591 dicit
730 2532 995 2607 quaedam
1022 2531 1340 2591 Axiomata
1365 2552 1511 2608 esse,
1541 2552 1674 2609 quae
1699 2535 1962 2595 veritatis
1989 2554 2218 2595 causam
2248 2544 2546 2596 externam
2573 2556 2689 2595 non
2715 2536 2965 2610 habent;

560 2610 587 2669 δ’
612 2612 808 2683 ἀνάγκη
834 2616 949 2670 εἰναι
973 2608 1036 2671 δι’
1050 2615 1172 2671 αὐτὸ
1198 2617 1289 2671 καὶ
1316 2608 1467 2672 δοκεῖν
1490 2613 1706 2690 ἀνάγκη,
1737 2618 1892 2690 quod
1913 2635 2127 2675 necesse
2153 2625 2234 2676 est
2246 2635 2361 2692 per
2374 2635 2433 2676 se
2449 2635 2564 2674 esse
2579 2626 2632 2675 et
2643 2617 2826 2675 videri
2839 2619 2966 2690 tale,

560 2690 625 2749 id
650 2699 757 2766 est,
778 2701 787 2710 '
828 2691 945 2750 uod
971 2702 1089 2750 non
1115 2692 1289 2751 modo
1332 2701 1423 2751 est
1464 2694 1782 2760 αὐτόφι-εστιν,
1809 2713 2014 2753 verum
2057 2714 2094 2753 a
2119 2695 2346 2755 nemine
2375 2696 2524 2755 serio
2550 2696 2751 2772 negari
2775 2703 2969 2773 potest

562 2770 663 2848 qui
689 2788 785 2829 mo
828 2789 863 2828 o
892 2771 969 2830 sit
994 2771 1237 2831 rationis
1255 2789 1508 2848 compos.
1566 2773 1712 2832 Cum
1740 2793 1881 2852 ergo
1903 2773 2197 2851 Scriptura
2224 2775 2301 2834 sit
2327 2775 2573 2852 primum
2594 2774 2963 2852 Principium,

562 2856 623 2908 et
648 2849 835 2928 prima
860 2858 921 2909 et
949 2849 1281 2909 Infallibilis
1310 2851 1561 2927 Veritas,
1592 2851 1735 2929 quid
1759 2853 1969 2911 mirum
2014 2853 2064 2912 si
2107 2873 2211 2931 per
2254 2873 2316 2912 se
2343 2853 2528 2931 ipsam
2553 2853 2785 2931 probari
2811 2853 2964 2934 dica-

560 2935 657 2990 tur
670 2932 701 2988 ‘1’
780 2933 838 2988 2.
886 2927 1181 3007 Scriptura
1204 2937 1397 3006 potest
1424 2949 1487 2989 se
1514 2931 1699 3008 ipsam
1725 2933 2003 3010 probare3
2046 2933 2145 2991 vel
2170 2951 2305 3011 pars
2332 2953 2408 2992 ex
2435 2941 2614 3012 parte,
2647 2951 2822 3009 quum
2851 2949 2968 2989 non

561 3025 763 3067 omnes
790 3006 1004 3086 pariter
1030 3008 1091 3066 in
1118 3008 1359 3068 dubium
1386 3017 1684 3086 vocantur,
1715 3019 1782 3070 ut
1807 3030 1986 3088 quum
2011 3011 2058 3071 J
2059 3012 2258 3071 udaeos
2301 3013 2698 3071 convincimus
2743 3031 2818 3070 ex
2847 3011 2964 3068 Ve-

562 3085 675 3146 teri
702 3086 1105 3162 Testament03
1148 3087 1246 3146 vel
1272 3095 1398 3147 tota
1424 3108 1502 3146 ex
1526 3097 1668 3166 tota,
1698 3107 1817 3149 non
1860 3100 2200 3168 argumento
2244 3091 2593 3150 inartificiali
2634 3089 2963 3164 testimonii,

562 3165 702 3242 quia
728 3164 983 3224 divinam
1012 3185 1074 3224 se
1102 3165 1275 3242 dicit3
1321 3166 1426 3226 sed
1452 3167 1739 3228 artificiali
1766 3179 1826 3228 et
1852 3169 2270 3246 ratiocinatim,
2301 3171 2440 3247 quia
2465 3171 2528 3228 in
2555 3189 2626 3228 ea
2651 3170 2964 3248 deprehen-

561 3243 778 3304 duntur
802 3252 955 3308 notae
983 3244 1195 3304 divinae
1224 3265 1353 3323 quoe
1381 3245 1444 3304 in
1470 3247 1768 3307 hominum
1809 3249 2024 3328 scripta
2051 3269 2167 3308 non
2196 3249 2428 3309 cadunt.
2513 3249 2656 3308 Ideo
2686 3268 2792 3307 nec
2819 3247 2964 3324 peti-

560 3331 657 3384 tur
681 3324 1041 3402 principium,
1072 3325 1209 3402 quia
1238 3325 1481 3384 Criteria
1507 3325 1619 3386 ista
1661 3335 1797 3386 sunt
1823 3326 2045 3404 aliquid
2072 3329 2607 3388 contradistinctum
2639 3327 2963 3404 Scripturas,

562 3402 613 3460 si
640 3420 757 3461 non
784 3402 1156 3464 materialiter
1182 3411 1243 3462 at
1268 3402 1603 3480 formaliter,
1632 3413 1700 3465 ut
1741 3406 2018 3484 adjuncta
2061 3416 2120 3466 et
2162 3408 2540 3486 proprietates
2567 3426 2696 3483 quae
2731 3405 2966 3465 demon-

560 3490 817 3542 strantm·
859 3481 934 3542 de
978 3482 1278 3561 subjecto:
1324 3483 1447 3542 Nec
1488 3482 1645 3543 idem
1686 3505 1792 3563 per
1817 3505 1980 3564 aeque
2023 3485 2288 3563 ignotum
2331 3487 2621 3564 probatur,
2652 3485 2789 3562 quia
2833 3493 2969 3544 sunt

558 3562 787 3622 notiora
814 3561 968 3621 nobis
983 3587 1008 3636 ;
1048 3569 1115 3622 ut
1140 3563 1287 3622 bene
1317 3581 1550 3623 causam
1590 3564 1666 3623 ab
1709 3563 1944 3640 effectis,
1975 3574 2034 3626 et
2077 3567 2404 3643 subjectum
2445 3585 2480 3623 a
2519 3563 2968 3642 proprietatibus

558 3642 681 3702 suis
723 3641 1201 3720 demonstramus.
1284 3643 1342 3703 3.
1386 3641 1818 3720 Argumentum
1854 3644 2303 3722 Pontificiorum,
2335 3645 2492 3722 quod
2529 3645 2824 3721 Scriptura
2866 3663 2970 3720 per

558 3721 1106 3876 ffffloeffiffl.
1124 3721 1990 3877 {Zieffiff‘v-*zrffi‘dffiiaffi
2032 3724 2284 3802 ³g⁰⁰fi⁰³
2327 3723 2518 3801 ⁵⁰³P⁸²
2560 3723 2740 3798 Μ
2785 3723 2968 3780 ’ΜΟ

642 3877 831 3935 XIX.
878 3878 943 3937 Si
970 3879 1071 3955 qui
1098 3888 1234 3940 sunt
1259 3879 1361 3955 qui
1385 3899 1505 3940 non
1532 3889 1860 3958 agnoscunt
1887 3881 2208 3960 Scripturas
2228 3880 2643 3956 Divinitatem;
2688 3899 2804 3938 non
2834 3879 2966 3938 inde

559 3961 651 4013 est
676 3954 835 4030 quod
860 3956 1153 4016 ob‘ectum
1180 3977 1284 4035 per
1310 3977 1375 4016 se
1400 3977 1519 4017 non
1546 3959 1625 4018 sit
1665 3969 1868 4020 notum
1895 3960 1995 4020 vel
2037 3957 2444 4037 cognoscibile,
2477 3960 2580 4018 sed
2607 3960 2745 4036 quia
2789 3959 2964 4017 facul-

558 4039 679 4091 tate
728 4033 875 4092 bene
920 3977 1201 4111 disposita
1242 4035 1669 4112 destituuntur;
1729 4039 1942 4114 quibus
1985 4039 2374 4117 Evangelium
2419 4037 2634 4098 tectum
2679 4046 2783 4113 est,
2833 4038 2970 4114 quia

563 4111 745 4172 Satan
772 4113 1093 4177 excoecavit
1120 4113 1321 4173 oculos
1346 4132 1561 4189 eorum,
1594 4119 1631 4174 2
1663 4115 1792 4176 Cor.
1823 4118 1902 4175 iv.
1932 4120 1988 4192 4,
2018 4126 2085 4178 ut
2111 4119 2214 4196 qui
2244 4119 2432 4177 Deum
2474 4125 2705 4195 negant,
2737 4117 2836 4194 qui
2879 4125 2970 4175 est

558 4192 813 4250 maxime
857 4191 1259 4270 intelligibilis,
1291 4192 1429 4270 quia
1474 4202 1668 4252 mente
1711 4196 1866 4272 capti
1911 4205 2064 4272 sunt,
2096 4198 2194 4256 vel
2228 4198 2328 4274 qui
2377 4197 2570 4256 Solem
2613 4215 2730 4254 non
2763 4195 2972 4252 vident

559 4270 698 4347 quia
723 4269 862 4329 casei
889 4279 1057 4346 sunt;
1102 4278 1167 4330 ut
1192 4271 1348 4349 apud
1379 4271 1658 4332 Senecam
1685 4274 1894 4333 mulier
1918 4274 2020 4334 illa
2045 4295 2174 4354 quae
2216 4277 2400 4336 oculis
2427 4286 2596 4354 capta
2627 4275 2822 4336 Solem
2849 4293 2966 4332 non

556 4348 773 4408 exoriri
800 4348 1214 4426 quiritabatur3
1256 4350 1439 4410 nihilo
1466 4359 1662 4410 tamen
1687 4353 1880 4413 minus
1925 4353 2028 4414 Sol
2069 4356 2262 4416 radios
2306 4374 2532 4433 semper
2555 4355 2786 4430 emittit,
2818 4373 2966 4430 quos

556 4447 661 4506 per
688 4447 751 4488 se
776 4437 1056 4506 usurpant
1082 4430 1183 4506 qui
1209 4430 1407 4490 valent
1434 4430 1635 4490 oculis.

640 4507 794 4566 XX.
840 4507 1025 4568 Aliud
1060 4517 1149 4568 est
1174 4510 1489 4586 Smja'turoe
1520 4511 1807 4570 Oanonem
1851 4514 2166 4573 decernere
2193 4523 2252 4574 et
2291 4514 2601 4588 declarare,
2635 4511 2819 4570 Aliud
2851 4511 2963 4570 Ca·

556 4605 757 4647 nonem
794 4586 976 4664 ipsum
1019 4590 1363 4650 emtituere
1389 4598 1443 4648 et
1482 4591 1852 4651 authenticam
1881 4596 2101 4668 facere.
2204 4593 2466 4653 Ecclesia
2519 4591 2806 4671 posterius
2849 4589 2972 4648 non'
