3300 5225
288 396 295 403 ,
348 338 575 388 Qua-:sn
605 312 781 399 λινε]
1214 340 1292 379 m:
1320 340 1439 381 nno
1468 340 1604 398 ιιιιο,
1636 341 1712 381 m·
1739 340 1936 381 mmm.
2644 324 2762 381 243

430 478 621 537 XXI.
666 478 866 538 Unum
918 496 1157 538 numero
1218 479 1580 540 substantive
1623 479 1819 557 quoad
1870 480 2150 540 unitatem
2205 480 2590 550 essentialem,
2645 498 2764 539 non

334 567 539 636 potest
581 577 707 617 esse
730 558 960 617 trinum
1000 558 1204 619 eodem
1240 568 1537 638 respectu;
1582 560 1689 621 sed
1729 568 1922 638 potest
1961 558 2250 638 adjective
2293 568 2356 619 et
2387 558 2766 637 personaliter

348 637 541 716 quoad
566 637 882 697 trinitatem
907 638 1286 715 personalem.

431 716 657 777 XXII.
705 719 851 785 Quos
874 726 1005 777 sunt
1041 720 1237 777 eadem
1275 718 1377 778 um·
1405 720 1611 795 Tertio,
1640 727 1771 778 sunt
1809 721 2005 779 eadem
2044 719 2190 778 inter
2227 738 2310 812 se,
2345 718 2536 778 nimir.
2579 718 2764 777 Tertii

344 796 504 856 illius
530 805 794 875 respectu
820 797 883 855 in
908 817 1025 874 quo
1053 799 1436 875 conveniunt;
1480 798 1565 857 sic
1591 800 1730 877 quia
1757 798 2026 858 Personae
2068 799 2422 858 conveniunt
2457 800 2517 857 in
2548 798 2761 857 Essen-

345 877 446 953 tia,
476 876 631 935 idem
658 876 833 935 etiam
860 886 996 937 sunt
1022 877 1173 936 inter
1200 896 1261 937 se
1279 878 1471 955 quoad
1500 878 1866 938 Essentiam·
1851 886 2076 956 ‚atque
2103 879 2186 937 ita
2211 878 2358 937 bene
2385 879 2620 956 quidem
2648 878 2766 937 dici

346 965 593 1034 possunt
618 956 781 1031 idem,
806 956 910 1015 sed
935 976 1055 1015 non
1081 958 1265 1033 iidem,
1297 958 1462 1015 Idem
1483 958 1662 1033 Deus,
1693 957 1797 1018 sed
1823 978 1940 1017 ιιοιι
1967 958 2185 1017 eaedem
2215 958 2504 1017 Personae.
2548 962 2604 1018 2.
2620 957 2763 1032 Quae

346 1044 485 1096 sunt
512 1036 715 1095 eadem
740 1037 841 1095 uni
868 1036 1039 1098 tertio
1084 1036 1365 1113 singulari
1406 1046 1468 1096 et
1506 1037 2048 1112 incommunicabili,
2080 1045 2217 1097 sunt
2258 1038 2461 1097 eadem
2501 1038 2652 1097 inter
2679 1056 2760 1113 se,

348 1116 454 1175 sed
481 1136 659 1193 quum
687 1124 823 1176 sunt
848 1116 1052 1175 eadem
1078 1116 1181 1175 uni
1218 1116 1390 1176 tertio
1416 1116 1749 1192 universali,
1777 1118 1876 1176 vel
1904 1118 2107 1177 saltem
2133 1117 2615 1193 communicabili,
2645 1136 2764 1175 non

348 1203 485 1255 sunt
512 1195 713 1255 eadem
740 1196 890 1255 inter
916 1215 997 1273 se,
1028 1215 1086 1255 v.
1116 1216 1175 1273 g.
1207 1196 1427 1256 Paulus
1467 1202 1526 1255 et
1556 1197 1764 1255 Petrus
1809 1204 1942 1257 sunt
1969 1216 2149 1255 unum
2190 1196 2251 1254 in
2277 1205 2486 1256 natura
2510 1198 2766 1255 humana

348 1274 631 1354 specifice,
662 1275 767 1335 sed
792 1294 911 1334 non
948 1284 1086 1335 sunt
1124 1274 1280 1334 idem
1320 1276 1472 1337 inter
1514 1295 1577 1335 se
1617 1276 1925 1369 numerica,
1957 1277 2094 1353 quia
2134 1284 2342 1337 natura
2383 1277 2636 1337 humana
2675 1284 2766 1334 est

346 1355 729 1431 universalis;
776 1355 951 1415 Pater
991 1364 1051 1415 et
1099 1356 1287 1415 Filius
1328 1362 1464 1417 sunt
1502 1374 1686 1415 unum
1727 1355 1788 1413 in
1829 1356 2052 1417 Natura
2083 1355 2326 1432 Divina,
2370 1364 2431 1415 et
2472 1375 2590 1415 non
2631 1363 2768 1417 sunt

348 1442 543 1495 tamen
570 1434 724 1495 idem
750 1435 902 1494 inter
929 1454 1009 1511 se,
1038 1434 1177 1511 quia
1204 1436 1427 1495 Natura
1455 1434 1717 1494 Divina‘
1701 1454 1760 1492 m
1789 1454 1906 1511 qua
1949 1435 2321 1511 conveniunt,
2363 1436 2503 1496 licet
2543 1436 2622 1496 sit
2648 1434 2764 1495 sin·

348 1514 569 1591 gularis
596 1521 655 1574 et
682 1514 1003 1589 individua,
1034 1521 1124 1573 est
1150 1520 1344 1574 tamen
1373 1514 1870 1575 communicabilis
1897 1515 2162 1592 pluribus
2192 1515 2482 1575 Personis.

430 1594 695 1653 XXIII.
738 1594 897 1652 Hinc
925 1601 1085 1671 patet
1110 1594 1254 1671 quid
1278 1593 1746 1672 respondendum
1787 1594 1864 1654 sit
1905 1593 1980 1653 ad
2021 1594 2318 1671 sophisma
2341 1594 2762 1670 haeretieorum,

346 1673 506 1750 quod
531 1693 636 1751 pro
665 1674 1007 1751 syllogismo
1034 1673 1389 1751 expositorio
1415 1673 1679 1749 afferunt,
1709 1675 1977 1735 Essentia
1995 1674 2214 1733 &vina
2241 1684 2322 1733 est
2337 1676 2534 1750 Pater,
2553 1675 2763 1733 Essen-

346 1754 430 1811 tia
457 1754 675 1813 Divina
701 1763 782 1813 est
806 1755 1004 1839 Fiam,
1034 1756 1200 1831 Eryo
1227 1754 1409 1812 Fizieae
1437 1763 1517 1815 est
1540 1755 1738 1829 Pater,
1765 1753 1955 1814 nimir.
1995 1772 2126 1813 esse
2153 1772 2230 1812 ex
2253 1754 2430 1813 meris
2457 1753 2764 1831 particula·

348 1833 509 1892 ribus
536 1841 597 1893 et
622 1820 886 1893 constare
914 1841 1163 1910 quatuor
1186 1834 1465 1909 terminis,
1496 1833 1634 1909 quia
1659 1833 1886 1893 medius
1924 1834 2206 1893 terminus
2247 1833 2469 1895 scilicet
2495 1834 2769 1893 Essentia

350 1912 569 1972 Divina
592 1932 712 1971 non
738 1922 829 1971 est
852 1912 1427 1989 incommunicabilis,
1466 1922 1533 1973 ut
1577 1913 1640 1971 in
1665 1912 1994 1973 istiusmodi
2021 1912 2377 1991 syllogismis
2419 1932 2546 1973 esse
2574 1912 2765 1989 debet,

348 2001 410 2051 et
436 1992 821 2051 diversimode
850 1992 1095 2051 sumitur
1120 1992 1183 2051 in
1209 1992 1415 2069 majori
1442 2000 1502 2051 et
1527 1992 1587 2051 ιιι
1614 1991 1841 2052 minori.
1926 1993 2076 2051 Nam
2116 1993 2178 2051 ιιι
2219 1992 2426 2071 majori
2451 1992 2548 2051 vel
2589 1994 2766 2052 sumi-

353 2079 451 2131 tur
476 2071 884 2137 universaliter
909 2080 969 2131 et
996 2072 1279 2149 complete
1304 2073 1417 2131 hoc
1446 2090 1635 2148 sensu,
1669 2072 1939 2133 Essentia
1967 2072 2185 2131 Divina
2221 2080 2314 2132 est
2343 2072 2532 2148 Pater,
2576 2071 2639 2131 id
2678 2080 2769 2133 est

348 2150 629 2229 quicquid
654 2159 745 2211 est
772 2151 1042 2211 Essentia
1069 2151 1303 2227 Divina,
1334 2159 1395 2210 et
1420 2152 1505 2210 sic
1532 2159 1621 2210 est
1647 2150 1827 2210 falsa·
1812 2196 1827 2226 ,
1871 2151 1968 2210 vel
2007 2150 2428 2228 particulariter
2453 2160 2513 2211 et
2549 2151 2764 2211 incom-

348 2231 521 2309 plete,
552 2230 790 2308 Aliquis
816 2231 917 2308 qui
944 2239 1035 2291 est
1062 2230 1333 2291 Essentia
1361 2230 1579 2290 Divina
1618 2238 1711 2291 est
1738 2231 1928 2307 Pater,
1959 2238 2022 2291 et
2059 2230 2148 2291 sic
2173 2250 2314 2291 vera
2337 2238 2445 2307 est,
2489 2230 2596 2291 sed
2619 2230 2768 2291 nihil

348 2311 661 2386 concludit,
690 2310 830 2387 quia
855 2318 991 2371 sunt
1016 2330 1189 2370 merae
1216 2310 1607 2388 particulares.

435 2389 687 2449 XXIV.
715 2390 883 2450 Licet
911 2391 1133 2450 Natura
1161 2390 1379 2449 Divina
1393 2391 1631 2468 praecise
1661 2396 1906 2467 sumpta,
1939 2388 2398 2467 singularitatem
2426 2398 2485 2450 et
2511 2389 2766 2450 existen·

348 2468 491 2528 tiam
517 2469 877 2547 concipiatur
901 2470 1133 2547 habere,
1181 2488 1301 2529 non
1337 2477 1531 2547 potest
1567 2478 1765 2529 tamen
1806 2469 1920 2527 dici
1964 2470 2234 2545 Persona,
2279 2469 2417 2546 quia
2443 2489 2562 2529 non
2586 2470 2766 2531 habet

350 2548 1090 2610 incommunicabilitatem:
1135 2550 1231 2609 Ita
1271 2549 1411 2610 licet
1454 2546 1629 2609 latius
1673 2556 1869 2629 pateat
1911 2548 2160 2628 singulis
2209 2548 2481 2609 Personis
2525 2550 2767 2610 seorsim

350 2631 615 2708 sumptis,
643 2637 840 2690 tamen
866 2637 1133 2708 respectu
1162 2631 1545 2690 Personarum
1572 2630 1748 2690 simul
1775 2637 2150 2707 sumptarum,
2178 2629 2296 2690 illis
2322 2630 2676 2708 adaequatur,
2707 2637 2769 2692 et

348 2709 755 2771 identificatur.
840 2710 940 2771 Sic
966 2729 1327 2788 unaquaeque
1358 2711 1614 2770 Persona
1652 2718 1835 2770 totam
1864 2709 2247 2770 Divinitatem
2274 2709 2508 2787 quidem
2535 2709 2766 2787 partici-

350 2797 467 2868 pat,
499 2791 603 2850 sed
628 2810 748 2849 non
751 2790 1029 2931 totlallliiter
1068 2798 1132 2851 et
1156 2790 1475 2888 adaequate,
1506 2790 1558 2851 si
1583 2791 1668 2852 ita
1693 2789 1858 2869 loqui
1899 2789 2053 2867 licet,
2097 2789 2238 2868 quia
2276 2790 2361 2850 ita
2385 2798 2476 2850 est
2502 2790 2565 2848 in
2593 2790 2766 2851 Patre

350 2878 417 2931 ut
444 2870 521 2930 sit
548 2870 723 2930 etiam
748 2871 811 2929 in
958 2891 994 2930 o

432 2951 648 3010 XXV.
692 2951 767 3010 In
794 2971 911 3028 qua
936 2949 1187 3012 essentia
1215 2950 1390 3011 Pater
1414 2958 1505 3012 est
1532 2949 1692 3011 solus
1721 2949 1883 3010 Deus
1909 2949 2171 3027 opposite
2197 2947 2276 3009 ad
2303 2948 2520 3009 Filium
2546 2956 2606 3010 et
2637 2949 2766 3028 Spi-

351 3029 527 3090 ritum
559 3031 619 3090 S.
650 3037 709 3090 et
734 3050 854 3089 non
880 3029 957 3088 ad
985 3031 1308 3107 creaturas,
1353 3040 1415 3091 et
1442 3031 1697 3090 Numina
1741 3029 1947 3090 fictitia
1975 3029 2297 3090 Gentilium
2322 3036 2564 3105 tantum,
2595 3030 2658 3088 in
2699 3047 2769 3090 ea

352 3129 471 3168 non
520 3119 656 3170 sunt
697 3118 817 3168 tres
861 3109 1150 3169 distinctae
1196 3110 1499 3185 Person8e3
1550 3110 1669 3170 Sed
1715 3110 1798 3168 ita
1837 3127 2120 3204 negamus
2159 3109 2222 3168 in
2251 3109 2522 3169 Essentia
2549 3075 2769 3168 ’Divina

352 3189 541 3248 solum
568 3209 697 3248 esse
726 3189 976 3248 Patrem.
1058 3189 1113 3247 N
1116 3208 1183 3246 ec
1208 3190 1321 3249 hoc
1346 3189 1632 3250 evincitur
1659 3209 1736 3248 ex
1774 3187 1820 3249 J
1821 3209 1876 3248 o
1905 3189 2049 3248 xvii.
2079 3191 2135 3264 3,
2179 3189 2318 3266 quia
2340 3189 2624 3268 particula
2663 3209 2765 3248 ex-

351 3269 579 3328 clusiva
602 3267 743 3346 μένον
767 3271 962 3344 solum,
992 3287 1110 3329 non
1129 3268 1342 3329 limitat
1358 3269 1487 3346 subj
1492 3277 1686 3330 ectum
1711 3271 1806 3344 Te,
1825 3267 1930 3328 sed
1950 3232 2325 3347 praedicatum
2341 3289 2536 3328 verum
2555 3271 2764 3346 Deum,

352 3356 415 3408 et
440 3349 750 3426 opponitur
774 3367 893 3408 non
922 3348 1092 3425 Filio,
1139 3355 1241 3408 aut
1287 3348 1527 3426 Spiritui
1578 3349 1809 3424 Sancte,
1857 3348 1962 3408 sed
2005 3348 2298 3408 Creaturis
2338 3358 2399 3408 et
2423 3348 2586 3408 falsis
2615 3349 2764 3426 Diis,

352 3429 464 3486 hoc
492 3449 681 3505 sensu,
712 3437 779 3489 ut
805 3437 1139 3506 coqnoscant
1166 3431 1261 3502 Te,
1290 3428 1391 3505 qui
1414 3449 1471 3488 es
1496 3431 1647 3488 solus
1673 3447 1838 3488 verus
1864 3431 2041 3503 Deus,
2084 3427 2244 3504 quod
2271 3428 2570 3487 evidenter
2597 3428 2768 3488 docet

352 3516 643 3568 structura
668 3507 983 3570 orationis·
1022 3527 1177 3582 nam,
1229 3509 1281 3568 si
1306 3507 1384 3568 ad
1410 3508 1734 3585 subjectum
1766 3510 1843 3565 Te
1869 3506 2198 3584 pertineret,
2227 3507 2536 3566 dicendum
2563 3506 2770 3568 fuisset

352 3587 479 3646 sine
506 3589 749 3649 articulo
794 3588 933 3664 μένον
958 3614 1038 3646 τον
1064 3592 1278 3652 &mnenon
1302 3591 1412 3646 θεον
1444 3589 1521 3646 Te
1566 3591 1748 3646 solum
1773 3606 1888 3645 esse
1911 3606 2106 3646 verum
2131 3589 2338 3660 Deum,
2361 3604 2479 3644 non
2505 3605 2667 3679 vem,
2699 3595 2766 3646 ut

352 3668 449 3727 hic
476 3667 702 3745 dicitur,
733 3694 787 3728 π
812 3695 891 3727 τοι
915 3693 1069 3745 μονον,
1104 3671 1198 3745 Te,
1239 3669 1339 3745 qui
1362 3689 1419 3726 es
1444 3670 1593 3726 solus
1618 3687 1784 3726 verus
1809 3669 1986 3742 Deus,
2015 3665 2120 3724 ubi
2145 3665 2422 3726 articulus
2469 3666 2766 3743 appositus

352 3747 487 3807 voci
510 3747 649 3824 μένον
675 3749 865 3809 innuit
890 3749 1177 3826 pertinere
1204 3748 1281 3808 ad
1305 3745 1682 3826 praedicatum
1709 3764 1975 3824 sequens,
2005 3764 2126 3804 non
2148 3744 2226 3806 ad
2251 3744 2578 3824 subjectum
2604 3753 2764 3806 ante-

354 3828 588 3888 cedens.

435 3908 687 3968 XXVI.
719 3909 939 3968 Praeter
967 3905 1297 3968 Essentiam
1325 3913 1384 3968 et
1402 3905 1769 3966 Relationem
1797 3903 2036 3966 seorsim
2063 3912 2362 3982 sumptas;
2391 3912 2482 3966 est
2510 3905 2768 3966 Persona

352 4008 430 4046 ex
456 3996 699 4066 utraque
716 3997 1004 4064 constans,
1027 4007 1145 4047 non
1164 3995 1441 4081 tanquam
1468 4007 1545 4046 ex
1570 3986 1832 4064 partibus
1858 3985 2351 4063 componentibus,
2373 3984 2476 4044 sed
2489 3993 2766 4063 tanquam

348 4088 429 4126 ex
456 4087 518 4127 re
546 4075 605 4128 et
632 4068 805 4128 modo
832 4068 977 4146 ejus.
1061 4068 1319 4128 Persona
1346 4066 1552 4161 gignit,
1572 4075 1676 4126 aut
1702 4065 1976 4144 gignitur,
2007 4073 2108 4126 aut
2132 4065 2411 4142 procedit.
2498 4066 2770 4126 Essentia

352 4149 689 4288 Ξξὲιοιαιιᾱο
717 4148 815 4208 vel
842 4146 1115 4242 spirando
1142 4147 1613 4210 communicatur.
1699 4147 1930 4208 Relatio
1971 4145 2222 4224 gignens
2247 4165 2284 4205 a
2309 4143 2508 4224 genito
2535 4155 2596 4208 et
2633 4167 2764 4226 pro-

464 4236 595 4288 ente
623 4229 803 4289 distin
885 4227 949 4289 it.

436 4309 723 4369 XXVII.
786 4249 1076 4386 &gggimtio
1118 4307 1193 4367 de
1236 4307 1451 4368 Tribus
1500 4305 1710 4385 aequali
1757 4305 1918 4366 cultu
1963 4304 2288 4382 adorandis,
2339 4325 2457 4364 non
2500 4304 2770 4365 distrahit

352 4387 608 4448 animum
636 4389 980 4464 invocantis,
1009 4407 1083 4447 ne
1112 4388 1259 4448 forte
1287 4388 1507 4448 cultum
1534 4389 1637 4446 uni
1681 4387 1808 4446 Deo
1837 4385 2095 4446 debitum
2121 4386 2273 4444 inter
2297 4386 2494 4465 plures
2522 4384 2766 4461 dividat,

352 4487 486 4527 cum
512 4489 852 4548 persuasum
878 4489 1007 4529 esse
1048 4468 1259 4528 debeat
1297 4469 1487 4546 posita
1524 4468 1744 4528 unitate
1771 4474 1830 4527 et
1857 4467 2090 4544 {panuclae
2118 4465 2517 4540 Patsonarum,
2561 4465 2766 4524 eodem

352 4547 737 4610 invocationis
763 4557 897 4610 actu
923 4570 1040 4627 quo
1070 4549 1245 4608 Pater
1270 4549 1495 4624 colitur,
1540 4547 1758 4606 Filium
1785 4555 1845 4607 et
1875 4546 2152 4624 Spiritum
2184 4541 2504 4607 Sanctum
2487 4544 2764 4620 invocari,

350 4636 419 4688 ut
446 4650 673 4709 semper
698 4651 989 4693 recurrere
1017 4629 1228 4692 debeat
1252 4629 1401 4690 illud
1416 4626 1786 4706 Nazmnzeni,
1805 4629 1861 4688 οὗ
1883 4627 2123 4702 Mirus»
2066 4632 2123 4686 τὶ
2148 4625 2194 4688 ἵν
2219 4653 2378 4692 mem
2403 4629 2492 4684 καὶ
2518 4628 2616 4689 τοῖς
2638 4649 2767 4706 *gun
