3300 5225
326 362 549 412 QuAEsr.
580 342 671 424 v.]
964 354 975 359 “
1308 362 1387 403 m:
1416 364 1762 405 0011111111οΑ.
2653 350 2724 406 77

322 522 519 561 merus
549 510 617 561 ut
643 501 985 575 inveniatur,
1016 502 1363 562 excludendi
1392 510 1527 562 sunt
1554 502 1628 561 ab
1658 523 1728 562 eo
1756 504 1799 563 J
1802 503 2053 580 osephus
2081 510 2138 561 et
2159 503 2276 562 duo
2304 503 2441 579 filii3
2485 504 2584 581 qui
2613 524 2731 563 non

324 582 573 659 ingressi
601 589 737 640 sunt
756 602 886 640 cum
914 582 1041 658 ipso
1058 582 1119 639 in
1140 583 1486 660 AEgyptum,
1517 584 1656 661 quia
1675 584 1800 659 jam
1829 582 1908 641 ibi
1938 592 2117 657 erant,
2148 594 2208 643 et
2237 584 2319 641 Er
2345 592 2406 643 et
2422 585 2606 643 Onam
2629 586 2732 660 qui

324 661 539 721 mortui
580 670 715 719 sunt
742 660 803 717 111
832 662 1080 736 Canaan,
1111 670 1171 720 et
1198 662 1464 721 addenda
1494 663 1647 721 Dina
1674 662 1812 737 filia,
1844 682 1978 721 nam
2019 662 2244 739 integer
2280 682 2554 723 numerus
2582 663 2729 721 filio·
2765 701 2774 709 ι

325 760 455 798 rum
484 750 543 799 et
570 750 843 818 nepotum
869 740 913 800 J
916 740 1080 798 scobi
1108 740 1367 799 ascendit
1394 740 1469 799 ad
1498 745 1592 817 71,
1623 761 1656 799 e
1684 762 1801 818 quo
1829 742 1880 799 si
1908 741 2106 800 demas
2133 743 2407 819 quinque,
2431 743 2733 803 restabunt

328 823 405 879 66
428 842 442 894 ;
476 820 561 877 At
587 840 646 877 V.
677 823 773 894 27,
808 819 1031 877 Mosem
1060 828 1257 877 texere
1286 820 1627 897 catalogum
1657 821 1834 881 totius
1862 821 2111 896 familiae,
2142 832 2262 880 tam
2289 841 2486 883 eorum
2515 822 2615 899 qui
2643 822 2730 879 111-

326 901 511 977 gressi
542 907 677 957 sunt
703 918 833 957 cum
874 899 1001 975 ipso
1042 898 1101 956 111
1126 899 1471 975 AEgyptum,
1502 918 1678 975 quam
1705 920 1900 959 eorum
1929 901 2029 976 qui
2057 900 2138 958 ibi
2173 902 2297 978 jam
2325 910 2505 975 erant,
2535 902 2598 958 id
2625 910 2730 976 est,

327 979 371 1039 J
374 977 575 1055 osephi
618 996 750 1035 cum
766 976 1005 1035 -duobus
1032 976 1183 1051 filiis,
1215 977 1427 1053 quibus
1454 977 1503 1037 si
1544 977 1727 1037 addas
1754 980 2042 1039 «Iacobum
2070 980 2301 1039 familiae
2329 980 2514 1057 ipsius
2541 990 2732 1057 caput,

326 1057 569 1116 habebis
616 1076 919 1115 numerum
947 1060 980 1113 7
986 1060 1063 1132 Ο;
1112 1058 1469 1133 Stephanum
1509 1076 1650 1117 vero
1689 1056 1896 1117 docere
1933 1058 2204 1133 voluisse,
2246 1078 2526 1135 quosnam
2561 1060 2602 1117 J
2607 1079 2732 1117 ose·

326 1137 477 1214 phus
505 1136 566 1193 in
584 1136 914 1213 AEgyptum
941 1135 1329 1211 advocaverit,
1360 1143 1663 1213 propterea
1678 1136 1722 1193 J
1723 1137 2002 1214 osephum
2030 1158 2161 1195 cum
2191 1138 2416 1198 duobus
2444 1138 2578 1197 filiis
2606 1139 2736 1215 ejus

328 1215 653 1291 excludere,
698 1224 757 1275 et
800 1213 945 1273 duos
994 1216 1038 1275 J
1040 1214 1171 1273 udae
1212 1223 1451 1291 nepotes
1494 1215 1731 1273 Hezron
1772 1224 1830 1273 et
1877 1216 2112 1291 Hamul,
2160 1217 2233 1276 de
2274 1218 2485 1311 qpibus
2526 1237 2583 1275 v.
2638 1221 2731 1292 12,

329 1295 431 1371 qui
474 1295 596 1353 nati
636 1302 771 1353 sunt
812 1303 1033 1353 tantum
1062 1294 1123 1351 in
1152 1295 1436 1371 AEgypt0,
1468 1294 1511 1353 J
1514 1294 1759 1353 nobum
1785 1314 1926 1353 vero
1963 1296 2202 1355 seorsim
2243 1315 2669 1370 connumerare,
2701 1316 2738 1353 a

332 1376 592 1446 emmiu
630 1394 735 1433 sua
760 1394 893 1433 eum
920 1374 1325 1451 distingendo;
1391 1374 1487 1432 Ita
1525 1382 1742 1433 restare
1788 1376 1859 1431 11
1905 1373 2108 1433 fratres
2134 1372 2286 1433 filios
2323 1376 2367 1435 J
2369 1374 2552 1449 acobi,
2602 1394 2736 1433 cum

334 1456 491 1513 Dina
530 1474 740 1529 sorore,
772 1456 848 1511 52
878 1461 1132 1530 nepotes,
1164 1454 1376 1530 quibus
1418 1453 1469 1511 si
1508 1452 1796 1511 addantur
1827 1455 1919 1527 11,
1949 1473 2162 1513 uxores
2201 1454 2450 1514 filiorum
2490 1474 2620 1529 quae
2661 1452 2738 1512 ad

332 1560 413 1599 nv
440 1532 721 1606 συγγίκιαν
748 1533 1127 1611 pertinebant,
1157 1533 1357 1592 haberi
1400 1551 1702 1591 numerum
1732 1534 1809 1591 75
1851 1533 2188 1592 animarum.
2259 1532 2386 1591 Alii
2413 1533 2618 1592 volunt
2649 1533 2733 1591 10-

334 1634 465 1673 cum
494 1634 621 1673 esse
648 1612 1044 1691 deprevatum,
1075 1632 1182 1671 nec
1230 1611 1586 1690 Stephanum
1613 1610 1850 1687 dixisse,
1882 1612 1980 1671 vel
2008 1612 2226 1671 Lucam
2255 1612 2552 1689 scripsisse
2581 1613 2732 1687 mim,

333 1693 437 1753 sed
477 1694 673 1769 minu,
720 1712 895 1770 quam
938 1692 1279 1769 particulam
1320 1692 1607 1769 expressit
1644 1710 1876 1768 quoque
1919 1692 2134 1766 Moses,
2181 1692 2394 1751 Genes.
2439 1691 2585 1750 xlvi.
2637 1696 2733 1767 27,

335 1775 511 1833 omnis
537 1775 749 1847 anima,
782 1769 909 1845 &c.,
946 1780 1007 1830 et
1031 1772 1223 1830 locum
1262 1771 1347 1831 sic
1388 1770 1730 1830 vertendum
1757 1790 1901 1845 esse,
1933 1772 2034 1848 qui
2070 1792 2256 1831 omnes
2289 1771 2369 1831 id.
2399 1771 2572 1831 simul
2599 1792 2732 1829 0011-

328 1853 519 1931 juncti
546 1862 713 1911 erant
736 1852 957 1925 animae,
978 1851 1054 1910 id.
1085 1851 1274 1929 capita
1299 1851 1674 1927 septuayinta,
1697 1850 1792 1909 vel
1821 1850 2016 1917 πάντας
2043 1852 2265 1911 omnino
2277 1875 2301 1923 ;
2344 1850 2736 1909 Librariorum

336 1939 530 1991 autem
570 1932 791 1991 incuria
824 1929 989 1987 facile
1026 1930 1152 1989 fieri
1190 1930 1463 2007 potuisse,
1504 1938 1571 1989 ut
1609 1950 1686 1988 ex
1713 1931 1892 1997 πάντες
1925 1931 2021 1990 vel
2054 1931 2251 1997 πάντας
2288 1930 2422 1989 πίνη
2461 1931 2733 2007 prodiret,

337 2019 463 2070 tum
510 2004 665 2087 apud
712 2008 919 2067 LXX.
966 2016 1089 2067 tum
1133 2009 1289 2086 apud
1335 2009 1587 2084 Lucam;
1646 2028 1756 2068 nec
1799 2019 1992 2068 tamen
2035 2020 2338 2088 propterea
2383 2010 2738 2069 authentiam

342 2090 653 2167 Scripmrae
697 2087 1046 2162 labefactari,
1098 2107 1231 2146 cum
1278 2108 1353 2146 ex
1400 2087 1643 2146 aliorum
1687 2089 1944 2147 locorum
1985 2090 2310 2163 collatione,
2369 2097 2428 2147 et
2469 2089 2740 2164 analogia

338 2168 476 2227 fidei
516 2167 684 2226 facile
725 2165 1018 2225 emendari
1058 2166 1257 2244 possit,
1288 2175 1348 2225 et
1387 2166 1551 2224 salva
1584 2166 1959 2225 nihilominus
1993 2176 2116 2226 tum
2145 2167 2438 2241 doctrinm,
2469 2176 2593 2226 tum
2620 2168 2737 2225 his-

339 2248 502 2306 toriae
530 2246 677 2305 fides
716 2253 1065 2323 permaneat.
1150 2245 1276 2303 Alii
1319 2245 1676 2322 Stephanum
1716 2245 1812 2303 hic
1852 2265 1968 2305 non
2011 2255 2271 2305 secutum
2298 2244 2476 2305 fuisse
2513 2254 2760 2304 textum.

343 2326 677 2401 Hebraeum,
708 2325 813 2384 sed
840 2324 1184 2383 Versionem
1214 2323 1421 2382 LXX.
1456 2343 1587 2400 quae
1627 2344 1930 2382 numerum
1971 2327 2047 2383 75
2089 2324 2280 2399 habet,
2311 2324 2496 2382 veluti
2535 2325 2739 2401 vulga·

340 2406 545 2465 tiorem
574 2414 632 2465 et
659 2405 873 2483 ubique
900 2412 1205 2481 receptam,
1236 2411 1295 2462 et
1320 2402 1479 2480 quod
1505 2423 1621 2462 non
1649 2403 2007 2463 existimaret
2033 2404 2255 2462 numeri
2283 2403 2562 2461 rationem
2590 2403 2665 2462 ad
2682 2403 2745 2461 id

340 2486 413 2545 de
442 2505 558 2563 quo
586 2485 867 2563 agebatur
892 2483 1213 2560 pertinere;
1254 2482 1409 2542 hunc
1436 2490 1631 2543 autem
1659 2502 1960 2543 numerum
1990 2482 2198 2543 LXX.
2227 2482 2510 2559 colligunt
2529 2482 2744 2542 additis

341 2565 597 2644 quinque
624 2564 760 2624 filiis
788 2565 832 2626 J
833 2563 1037 2641 osephi
1064 2582 1139 2623 ex
1165 2562 1267 2622 lib.
1302 2566 1331 2621 1
1365 2563 1577 2624 Chron.
1608 2582 1733 2641 cap.
1763 2562 1864 2623 vii.
1893 2582 2040 2640 quos
2069 2563 2268 2622 Moses
2300 2582 2418 2622 non
2445 2571 2760 2638 memorat,

341 2645 555 2724 quique
582 2655 716 2723 post
754 2645 1080 2722 ingressum
1120 2643 1181 2701 in
1210 2643 1541 2721 AEgyptum
1581 2643 1704 2702 nati
1745 2651 1898 2718 sunt,
1936 2643 2216 2702 videlicet
2235 2644 2481 2717 Machir,
2518 2643 2744 2720 G'ilead,

342 2727 651 2800 Seuthelah,
687 2727 887 2799 Toben,
928 2733 983 2782 et
1006 2725 1193 2782 Eden.
1282 2723 1421 2782 Sive
1459 2731 1654 2782 autem
1686 2723 2014 2800 Stephanus
2039 2730 2274 2782 secutus
2301 2722 2379 2781 sit
2409 2723 2506 2781 hic
2536 2722 2743 2782 LXX.
2785 2767 2792 2774 .

344 2805 469 2865 sive
497 2825 655 2864 error
694 2805 757 2862 in
787 2803 976 2862 LXX
1004 2811 1063 2861 et
1103 2803 1164 2860 111
1193 2802 1411 2860 Lucam
1439 2802 1732 2880 irrepserit
1761 2803 2200 2880 Exscriptorum
2227 2802 2481 2877 incuria3
2525 2810 2746 2861 certum

344 2892 435 2944 est
460 2904 709 2944 errorem
738 2904 853 2942 non
882 2901 1009 2942 esse
1038 2881 1431 2956 insanabilem,
1456 2901 1589 2940 cum
1615 2901 1691 2940 ex
1719 2889 1888 2942 textu
1916 2882 2168 2941 Hebraeo
2194 2881 2450 2960 proclive
2479 2881 2556 2941 sit
2582 2881 2746 2940 illum

346 2964 670 3102 003233213
719 2963 1029 3102 {Rapax-1⁸³8
1048 2981 1131 3100 1Θὲ
1132 2963 1211 3020 im
1228 2962 1562 3118 ἔέἔρξὲἶιίἒει
1562 2981 1698 3100 uirga
1717 2961 2498 3118 fdilffiildrdgzessatriarchis,
2535 3042 2722 3100 Trans

347 3123 455 3182 lati
469 3132 600 3182 sunt
624 3124 682 3182 in
702 3123 936 3198 Sichem,
967 3130 1022 3181 et
1036 3122 1215 3198 positi
1236 3122 1295 3180 in
1312 3131 1660 3180 monumento
1681 3122 1984 3198 quod-emit
1995 3122 2292 3181 Abraham
2311 3121 2501 3197 pretio
2527 3121 2753 3198 arqenti

348 3224 390 3261 α
414 3203 559 3281 filiis
600 3204 843 3260 Emmor
880 3209 969 3261 τοῦ
996 3203 1197 3276 Συχὲμ.
1269 3200 1355 3259 At
1390 3221 1467 3259 ex
1510 3202 1725 3260 Genes.
1767 3200 1935 3260 xxiii.
1979 3203 2035 3277 9,
2083 3208 2310 3260 constat
2351 3200 2748 3259 Abrahamum

350 3282 559 3341 emisse
604 3282 971 3359 sepulchrum
997 3281 1071 3339 ab
1102 3281 1340 3359 Ephron
1373 3280 1549 3358 juxta
1574 3279 1778 3340 urbem
1807 3280 2066 3356 Hebron,
2098 3288 2156 3339 et
2189 3300 2263 3338 ex
2293 3280 2508 3339 Genes.
2537 3279 2748 3338 xxxiii.

354 3364 449 3436 19,
485 3369 544 3420 et
570 3360 616 3420 J
617 3381 701 3420 os.
730 3360 895 3421 xxiv.
926 3381 983 3420 v.
1014 3363 1110 3434 32,
1141 3369 1360 3419 certum
1386 3367 1478 3420 est
1503 3380 1621 3419 non
1648 3359 2066 3434 Abrahamum,
2107 3359 2210 3419 sed
2237 3359 2526 3419 Jacobum
2554 3381 2590 3418 a
2616 3358 2752 3416 filiis

352 3441 592 3499 Emmor
616 3461 821 3518 agrum
849 3441 1073 3516 emisse,
1104 3459 1221 3498 non
1247 3440 1432 3518 pretio
1452 3440 1696 3518 argenti,
1727 3439 1831 3498 sed
1858 3448 2089 3499 centum
2117 3438 2303 3516 agnis.
2365 3438 2536 3499 Unde
2565 3436 2752 3497 nodus

351 3520 583 3592 videtur
607 3521 747 3579 oriri
774 3519 1118 3580 insolubilis,
1202 3519 1335 3579 Non
1375 3518 1738 3578 incommode
1764 3527 1958 3578 tamen
1987 3518 2137 3578 solvi
2176 3525 2383 3595 potest,
2415 3517 2466 3575 si
2493 3517 2754 3574 dicamus

357 3600 713 3676 Stephanum
752 3620 869 3658 11011
912 3599 1195 3676 respicere
1238 3598 1317 3657 ad
1357 3599 1705 3674 emptionem
1735 3596 2056 3656 Abrahami
2098 3594 2172 3654 de
2213 3615 2328 3673 qua
2368 3595 2560 3671 agitur
2601 3594 2751 3653 Gen.

354 3679 522 3738 xxiii.
553 3681 609 3755 9,
641 3679 746 3738 sed
785 3679 861 3738 ad
886 3679 1047 3736 illam
1073 3678 1117 3738 J
1120 3677 1286 3737 acobi
1313 3675 1386 3735 de
1413 3696 1529 3753 qua
1557 3677 1773 3736 Genes.
1802 3674 2012 3733 xxxiii.
2047 3677 2141 3732 19.
2223 3673 2446 3732 Deinde
2471 3673 2620 3731 venit
2642 3674 2752 3732 Ja-

355 3759 453 3816 cob
491 3759 780 3816 incolumis
819 3760 904 3815 ad
944 3757 1238 3817 Civitatem
1278 3756 1515 3830 Sichem,
1558 3755 1798 3831 emitque
1828 3755 2148 3831 portionem
2188 3753 2337 3810 illius
2376 3753 2511 3828 aqri
2547 3772 2588 3810 a
2667 3752 2755 3810 liis
2809 3793 2814 3800 -

356 3839 599 3896 Emmor
614 3838 813 3896 Patris
838 3837 1081 3895 Siclaemi
1104 3845 1320 3895 centum
1347 3835 1526 3911 αφιιζς,
1565 3833 1668 3894 11111
1702 3834 1962 3912 sepultus
1989 3832 2200 3892 dicitur
2224 3832 2268 3892 J
2271 3831 2538 3910 osephus.
2629 3851 2753 3892 osu.

356 3917 523 3976 xxiv.
553 3937 612 3975 v.
642 3919 740 3976 32.
824 3915 947 3976 Nec
975 3915 1167 3974 obtsat
1199 3919 1250 3991 1,
1282 3914 1439 3991 quod
1466 3912 1678 3973 dicitur
1704 3933 1740 3971 a
1769 3913 2063 3990 Stephano
2092 3911 2392 3972 Abraham
2419 3912 2627 3971 emisse
2650 3932 2754 3989 >ag-

356 4017 504 4072 rum,
535 4015 652 4055 11011
679 3996 723 4056 J
726 3995 974 4068 acobus3
1004 3995 1143 4072 quia
1167 3995 1263 4054 vel
1283 3993 1582 4054 Abraham
1608 3993 1706 4052 hic
1732 4001 1924 4072 potest
1951 4011 2076 4052 esse
2119 3992 2412 4070 genitivus
2437 4000 2505 4051 ut
2529 3992 2758 4070 legatur

357 4081 383 4136 ὅ
410 4085 499 4136 rev
526 4079 759 4157 ᾼβςιιὸμ
786 4075 912 4134 sub.
941 4071 1163 4150 ’heqer-53
1193 4074 1291 4134 vel
1316 4074 1475 4152 quod
1502 4074 1684 4133 satius
1711 4082 1817 4150 est,
1841 4073 2140 4132 Abraham
2157 4071 2552 4150 patronymico
2581 4073 2755 4132 sumi-

359 4165 455 4218 tur
480 4177 585 4235 pro
616 4154 1027 4231 Abrahamide,
1059 4154 1121 4213 id
1160 4163 1267 4230 est,
1296 4173 1401 4232 pro
1429 4154 1473 4214 J
1474 4154 1656 4213 acobo
1685 4153 1938 4214 Abrahae
1966 4160 2191 4230 nepote,
2234 4161 2302 4212 ut
2341 4172 2494 4229 saepe
2531 4161 2774 4230 patrum.

357 4236 593 4297 nomina
634 4237 823 4296 solent
860 4235 999 4311 poni
1039 4235 1115 4294 ad
1142 4233 1531 4312 designandos
1557 4241 1858 4312 posteros;
1902 4233 2002 4292 ubi
2042 4232 2218 4292 etiam
2253 4231 2326 4290 de
2369 4231 2760 4310 singularibus

358 4317 619 4396 personis
647 4316 855 4393 agitur,
876 4323 942 4373 ut
972 4313 1167 4374 David
1192 4334 1295 4391 pro
1319 4313 1617 4372 Roboamo
1644 4323 1854 4390 nepote
1880 4313 2128 4390 ponitur,
2157 4315 2186 4370 1
2210 4311 2359 4389 Reg.
2393 4315 2486 4386 12,
2522 4314 2612 4384 16,
2638 4331 2762 4388 quoe

361 4398 515 4456 nobis
547 4397 741 4473 portio
783 4404 866 4454 est
904 4415 1029 4454 cum
1068 4396 1296 4454 Davide
1316 4397 1344 4453 ,ἲ
1386 4390 1514 4469 &c.,
1558 4401 1617 4454 et
1660 4393 1922 4452 Roboam
1949 4412 2054 4470 pro
2083 4389 2255 4468 Abia,
2291 4395 2322 4450 1
2357 4391 2504 4468 Reg.
2540 4393 2630 4466 14,
2666 4393 2760 4449 15.

368 4476 561 4536 David
581 4497 686 4553 pro
708 4475 956 4551 Christe,
980 4475 1026 4534 J
1027 4495 1107 4533 er.
1131 4495 1276 4532 xxx.
1290 4475 1357 4550 93
1390 4473 1561 4532 Ezec.
1575 4473 1785 4532 xxxiv.
1809 4476 1886 4533 23
1908 4495 1923 4548 3
1953 4482 2021 4533 ut
2035 4471 2190 4550 apud
2208 4469 2522 4550 Virgilium
2539 4469 2764 4528 AEneas

365 4558 686 4615 Dardanus
726 4575 831 4633 pro
862 4554 1211 4628 Dardanide,
1238 4552 1437 4612 AEnei.
1466 4557 1522 4629 4,
1553 4551 1798 4629 dicitur;
1842 4553 1940 4612 vel
1979 4572 2112 4612 cum
2140 4551 2298 4611 Beza
2323 4549 2631 4610 dicendum
2659 4549 2761 4605 1‘10·

366 4655 499 4696 men
526 4637 819 4696 Abraham
846 4655 972 4696 esse
1014 4635 1333 4712 glossema,
1364 4633 1523 4711 quod
1562 4653 1599 4691 a
1638 4633 1817 4694 sciolo
1859 4633 1920 4691 in
1953 4632 2210 4710 margine
2239 4630 2606 4707 adscriptum,
2637 4635 2763 4685 tan-
