3300 5225
314 314 541 363 Qufflsr.
574 294 686 375 1v.]
1319 318 1399 357 nn
1427 317 1710 359 recma-0.
2591 300 2710 356 543

316 462 383 514 et
409 454 750 513 allusionem
777 452 853 511 ad
880 453 1143 515 diversos
1171 457 1387 534 gradus
1407 457 1760 536 judiciorum
1781 465 1840 517 et
1859 475 2158 535 poenarum
2180 455 2512 534 capitalium
2539 456 2718 515 usita-

316 542 416 593 tos
442 534 594 593 inter
620 533 663 593 J
665 533 900 608 udaeos3
958 536 1109 594 Nam
1147 545 1357 614 praeter
1387 537 1672 616 judicium
1713 537 1974 595 infimum
2000 537 2158 614 quod
2185 542 2309 594 erat
2343 535 2720 611 triumvir-ale,

318 613 483 690 quod
521 612 825 691 judicabat
868 612 940 673 de
968 615 1217 692 mulctis,
1266 636 1367 676 seu
1411 618 1599 694 poenis
1643 616 2006 694 pecuniariis,
2054 615 2340 674 dabantur
2375 615 2565 673 adhuc
2605 623 2724 674 tres

318 692 539 768 gradus
566 710 866 770 poenarum
894 696 1223 771 capitalium
1244 696 1395 755 inter
1422 716 1539 755 eos.
1584 696 1815 755 Primus
1833 703 1956 754 erat
1973 696 2207 769 Judicii,
2239 694 2462 753 scilicet
2481 693 2725 751 XXIII

318 772 615 846 Virorum,
646 770 807 847 quod
830 771 893 830 in
920 775 1167 851 singulis
1208 775 1541 835 civitatibus
1585 776 1962 835 constitutum
1991 783 2131 849 erat,
2175 774 2252 832 ad
2283 773 2442 851 quod
2476 773 2724 850 pertine-

317 850 466 910 bant
499 872 643 911 navt:
670 871 778 924 ψ-ι,
808 854 1035 925 judicia
1075 856 1411 929 animarum,
1436 854 1515 912 id.
1546 874 1735 913 causae
1763 854 2055 932 capitales.
2103 852 2404 913 Secundus
2425 861 2547 911 erat
2579 852 2726 911 Gon-

320 932 443 989 cilia·
478 931 685 1007 maqni,
734 929 858 989 sive
886 933 1241 1009 Sanlzedrim,
1272 932 1429 1010 quod
1469 934 1771 993 constabat
1809 932 1998 991 LXX
2027 933 2188 991 Viris
2229 931 2307 991 ad
2345 932 2725 990 imitationem

322 1008 517 1069 LXX
559 1012 940 1071 Assessorum
980 1012 1183 1089 Mosis,
1230 1013 1301 1071 de
1346 1012 1557 1089 quibus
1600 1013 1774 1070 Num.
1829 1012 1912 1071 xi.
1953 1015 2044 1089 16,
2095 1011 2252 1089 quod
2300 1011 2728 1089 Hierosolymis

319 1098 548 1148 tantum
575 1090 972 1168 conveniebat,
993 1099 1052 1150 et
1068 1092 1143 1151 de
1164 1092 1521 1169 gravissimis
1548 1091 1884 1149 criminibus
1911 1091 2315 1168 cognoscebat.
2357 1090 2590 1148 Tertius
2607 1097 2730 1149 erat

328 1168 611 1229 Gehennae
638 1166 797 1247 iqui-³,
829 1171 930 1247 qui
956 1180 1081 1229 erat
1109 1171 1396 1230 cruciatus
1423 1171 1680 1229 omnium
1707 1172 2013 1245 maximus,
2044 1170 2144 1247 qui
2172 1178 2230 1228 et
2267 1168 2527 1246 gladium
2556 1177 2616 1227 et
2641 1169 2727 1226 la·

320 1248 679 1325 pidationem
706 1264 835 1321 quse
857 1270 893 1308 a
920 1250 963 1310 J
966 1249 1157 1309 udicio
1184 1259 1244 1309 et
1276 1250 1559 1327 Synedrio
1581 1250 2036 1313 decernebantur
2062 1247 2383 1308 excedebat
2407 1270 2420 1307 ε
2464 1248 2589 1306 sive
2617 1248 2728 1306 hoc

320 1327 603 1387 referatur
630 1328 705 1387 ad
724 1350 873 1404 mne,
893 1330 1359 1404 vivicomburium,
1392 1329 1515 1387 sive
1543 1329 1619 1387 ad
1644 1328 2030 1388 abominanda
2058 1328 2351 1403 sacrificia,
2383 1346 2512 1403 quse
2539 1326 2601 1382 in
2627 1326 2731 1383 illa

322 1406 480 1465 valle
507 1407 759 1469 filiorum
787 1410 1045 1467 Hinnom
1087 1409 1319 1483 fiebant,
1350 1408 1451 1466 ubi
1492 1428 1566 1467 ex
1594 1409 1877 1485 κακοζηλίᾳ
1917 1407 2181 1467 sacrificii
2209 1404 2530 1464 Abrahami
2559 1405 2730 1463 Idolo

322 1484 795 1549 Ammonitarum
824 1488 1094 1546 Molecho
1119 1488 1405 1547 humanus
1448 1490 1686 1564 sanguis
1723 1497 1782 1546 et
1817 1489 2128 1549 liberorum
2155 1485 2388 1563 quidem
2417 1505 2452 1543 a
2477 1484 2728 1561 parenti-

322 1564 437 1623 bus
466 1563 829 1643 offerebatur,
861 1567 998 1625 dum
1028 1566 1123 1624 vel
1159 1567 1311 1625 inter
1338 1565 1485 1625 duos
1510 1586 1688 1643 rogos
1715 1568 2160 1627 traducebantur
2186 1564 2450 1639 infantes,
2481 1571 2548 1621 ut
2573 1563 2731 1621 lenta

322 1652 508 1703 morte
535 1646 807 1722 perirent,
838 1646 936 1705 vel
964 1644 1344 1705 candentibus
1374 1653 1577 1704 statuae
1608 1646 1866 1704 Molechi
1893 1646 2145 1705 brachiis
2187 1644 2387 1701 innexi
2426 1642 2732 1701 horrendis

322 1743 458 1782 cum
487 1725 839 1785 cruciatibus
866 1725 949 1783 ibi
975 1725 1401 1783 ustulabantur.
1456 1725 1627 1784 Unde
1656 1725 1820 1783 locus
1850 1726 1950 1784 ille
1979 1722 2207 1783 infamis
2233 1723 2466 1781 habitus
2495 1729 2600 1796 est,
2631 1720 2734 1779 ubi

324 1802 633 1862 continuus
677 1814 802 1864 erat
849 1804 1003 1881 ignis
1044 1802 1451 1862 comburendis
1479 1803 1861 1864 cadaveribus
1890 1805 2290 1863 damnatorum
2319 1801 2662 1877 destinatus,
2693 1803 2730 1858 2

328 1881 480 1957 Reg.
523 1883 690 1943 xxiii.
726 1885 819 1960 10,
866 1891 925 1941 et
952 1883 995 1942 J
1000 1902 1078 1940 er.
1101 1883 1203 1941 vii.
1235 1885 1331 1957 31,
1364 1880 1473 1941 Sec.
1518 1891 1576 1940 et
1618 1903 1687 1941 ea
1725 1883 1798 1941 de
1827 1903 2001 1943 causa
2029 1882 2349 1959 symbolice
2376 1900 2482 1957 pro
2510 1878 2733 1937 inferno

328 1960 577 2019 sumitur
603 1982 720 2021 non
748 1982 876 2020 raro
905 1961 965 2018 in
998 1960 1312 2037 Scriptura.
1387 1962 1603 2019 Sensus
1630 1980 1773 2038 ergo
1800 1963 2109 2022 verborum
2139 1960 2356 2019 Christi
2385 1962 2435 2018 is
2464 1968 2570 2035 est,
2602 1958 2731 2018 Vos

324 2040 435 2097 hac
446 2038 576 2115 lege
588 2044 724 2100 Non
741 2042 955 2100 occides
963 2040 1181 2117 putatis
1190 2038 1565 2098 homicidium
1579 2048 1804 2099 tantum
1815 2049 2118 2100 externum
2130 2039 2392 2097 damnari
2407 2061 2421 2097 ε
2452 2038 2583 2115 Ego
2595 2057 2734 2096 vero

325 2138 559 2177 sensum
583 2120 761 2197 Legis
787 2120 955 2179 istius
972 2118 1139 2177 vobis
1157 2118 1457 2177 declarans
1478 2118 1627 2193 dico,
1648 2120 1940 2196 quoslibet
1959 2126 2124 2177 actus
2139 2126 2259 2177 tam
2281 2118 2538 2176 internos
2558 2135 2732 2193 quam

326 2205 597 2257 externos
614 2199 674 2256 in
694 2200 909 2276 Legem
928 2198 1098 2256 istam
1110 2196 1446 2275 impingere,
1462 2205 1521 2257 et
1531 2196 1799 2257 affectum
1812 2199 1986 2258 etiam
2003 2198 2102 2255 irae
2118 2204 2332 2255 temere
2344 2195 2727 2254 exardescen-

325 2286 442 2336 tem
454 2278 515 2333 in
528 2276 776 2355 fratrem,
798 2278 909 2337 etsi
924 2276 1229 2353 internum,
1244 2296 1370 2335 esse
1382 2277 1629 2353 speciem
1642 2277 1933 2354 quandam
1943 2275 2256 2350 homicidii,
2271 2283 2331 2333 et
2339 2294 2568 2351 poenam
2579 2294 2732 2333 mor-

324 2356 403 2414 tis
424 2376 660 2433 gravem
681 2357 904 2431 mereri,
924 2356 1113 2433 qualis
1141 2364 1263 2415 erat
1292 2375 1360 2415 ea
1376 2376 1504 2433 quse
1517 2356 1743 2434 judicio
1763 2357 2004 2414 XXIII
2021 2355 2297 2414 Virorum
2317 2352 2688 2430 infligebatur
2707 2375 2722 2429 3

328 2435 395 2494 Si
421 2455 559 2494 vero
587 2436 649 2494 in
690 2437 961 2514 injuriam
990 2444 1050 2493 et
1084 2436 1488 2493 contumeliam
1517 2443 1795 2514 erumpat,
1827 2436 2064 2513 gravius
2093 2454 2220 2493 esse
2247 2440 2565 2511 peccatum,
2598 2452 2728 2509 gra-

324 2514 477 2573 viori
503 2516 675 2573 etiam
696 2536 869 2594 poena
895 2513 1281 2593 plectendum,
1296 2514 1486 2592 qualis
1514 2522 1603 2573 est
1619 2534 1690 2573 ea
1715 2535 1846 2591 quae
1873 2516 1936 2573 in
1968 2514 2255 2593 Synedrio
2283 2512 2731 2587 decernebatur3

326 2592 407 2652 Et
451 2594 501 2653 si
542 2595 603 2652 in
648 2595 967 2656 convitium
1007 2601 1175 2653 atrox
1216 2594 1493 2673 prosiliat,
1524 2601 1591 2653 ut
1632 2594 1810 2654 frater
1845 2595 2059 2654 stultus
2087 2600 2341 2668 vocetm,
2383 2591 2732 2670 gravissimo

326 2674 582 2733 cruciatu
611 2675 853 2752 dignum
882 2675 973 2749 sit,
996 2674 1133 2733 huic
1158 2676 1423 2752 analogO,
1454 2675 1556 2750 qui
1584 2673 1892 2734 videbatur
1917 2675 1980 2732 in
2007 2673 2161 2732 valle
2181 2673 2432 2732 filiorum
2451 2671 2730 2731 Hinnom.

326 2751 421 2810 Ita
454 2754 722 2814 Gehenna
764 2754 860 2814 hic
903 2773 1021 2813 non
1064 2755 1312 2812 sumitur
1349 2753 1686 2831 simpliciter
1721 2772 1825 2831 pro
1867 2753 2109 2829 inferne,
2153 2752 2320 2828 quasi
2359 2751 2495 2809 huic
2541 2750 2731 2810 solum

324 2833 533 2910 gradui
560 2834 661 2892 irae
705 2832 1012 2893 deberetur
1036 2853 1209 2911 poena
1235 2832 1459 2908 inferni,
1501 2852 1604 2892 seu
1630 2853 1788 2892 mors
1826 2841 2076 2908 aeterna;
2139 2831 2256 2891 Sed
2296 2829 2541 2888 allusive
2570 2838 2733 2889 notat

322 2913 1141 3052 fflfflfflffisffffffa
1191 2915 1253 3050 Ξ·
1296 2909 2730 3051 ffssitpwiuffdssiss‘ffiifiziifflkhff03d⁸ti¹ss2¹3

325 3077 385 3127 et
412 3072 717 3147 utrobique
747 3071 1023 3149 capitales
1051 3089 1196 3130 esse.
1227 3011 1818 3148 gnass‘almesrgovmingenue
1847 3011 2018 3129 doffilelet
2037 3009 2299 3148 Iphrasim
2319 3033 2477 3126 rteum
2505 3008 2619 3126 εἶξε
2631 3031 2730 3144 ju³

326 3149 471 3206 dicio
519 3149 955 3226 intelligendam
1004 3169 1131 3207 esse
1179 3169 1297 3207 non
1342 3151 1529 3209 solum
1577 3151 1652 3210 de
1690 3150 1913 3227 judicio
1950 3149 2154 3208 mortis
2197 3148 2574 3226 temporariae,
2627 3147 2732 3206 sed

324 3227 496 3285 etiam
525 3227 926 3304 damnationis,
957 3236 1016 3286 et
1042 3228 1309 3287 interitus
1338 3229 1537 3287 aeterni
1563 3229 1623 3286 in
1653 3229 1852 3288 divino
1870 3228 2124 3307 judicio;
2153 3231 2466 3286 Bar-radas
2485 3236 2602 3286 tres
2623 3226 2732 3285 hos

323 3306 538 3443 dgrazlius
548 3307 837 3444 1ξὶιιΡΡΙΞθίἱ
864 3325 1095 3384 poenam
1123 3306 1447 3383 significare
1476 3308 1877 3384 gehennalem,
1925 3308 2162 3368 cuilibet
2203 3307 2468 3366 lethifero
2503 3305 2730 3364 crimini

362 3405 425 3443 es
473 3405 547 3444 na
608 3407 685 3444 m.

403 3464 653 3524 XVIII.
698 3465 887 3538 Quum
928 3472 1165 3542 peecata
1212 3463 1583 3523 conferuntur
1614 3465 1850 3539 fesmcoe
1897 3471 1956 3523 et
1999 3466 2161 3540 trabi,
2214 3464 2356 3522 Luc.
2401 3461 2482 3520 vi.
2527 3466 2624 3536 41,
2673 3471 2733 3524 et

323 3547 531 3604 camelo
559 3552 618 3602 et
644 3545 820 3618 culici,
852 3543 1062 3602 Matth.
1092 3543 1259 3602 xxiii.
1290 3547 1386 3618 24,
1429 3543 1567 3600 hinc
1594 3543 1826 3619 quidem
1857 3543 2156 3617 evincitur,
2177 3543 2292 3600 alia
2305 3542 2436 3600 aliis
2463 3543 2732 3618 graviora

321 3623 417 3681 vel
445 3623 665 3682 leviora
691 3643 835 3697 esse,
866 3622 1023 3700 quod
1051 3642 1167 3680 non
1194 3642 1510 3699 negamus:
1552 3622 1657 3681 sed
1699 3640 1818 3680 non
1861 3629 2055 3698 potest
2101 3622 2236 3680 inde
2285 3621 2416 3678 elici
2463 3620 2729 3697 quaedam

324 3721 447 3760 esse
475 3702 742 3761 venialia.
786 3707 843 3761 2.
875 3701 1153 3760 Pharisaei
1180 3701 1449 3761 dicuntur
1492 3705 1754 3760 excolare
1781 3701 2022 3776 culicem,
2055 3711 2108 3759 et
2141 3701 2413 3776 deylutz‘re
2439 3702 2726 3776 camelum,

321 3783 669 3859 proverbiali
694 3782 1001 3856 locutione,
1034 3782 1170 3858 quia
1193 3800 1491 3859 perperam
1539 3781 1600 3837 in
1646 3779 1916 3856 minimis,
1958 3787 2098 3858 puta
2126 3781 2186 3838 in
2215 3778 2725 3854 caeremonialibus,

324 3869 485 3920 erant
512 3861 910 3938 superstitiosi,
943 3859 1082 3918 dum
1108 3861 1362 3919 maxima
1387 3859 1676 3933 mandata,
1707 3859 1786 3919 id.
1815 3860 2072 3934 moralia,
2102 3857 2495 3937 negligebant.

402 3940 591 3999 XIX.
638 3940 853 3998 Paulus
883 3940 1095 4016 Ephes.
1126 3960 1184 3999 v.
1216 3943 1271 4014 4,
1304 3942 1358 4014 5,
1389 3948 1505 3996 non
1535 3938 1840 4016 distinguit
1866 3939 2130 4016 quaedam
2171 3939 2316 3997 vitia
2341 3939 2416 3996 ab
2445 3937 2573 3995 aliis
2599 3944 2726 3996 tan-

322 4038 491 4096 quam
520 4019 785 4078 mortalia
812 4039 848 4076 a
874 4018 1214 4095 venialibus,
1246 4018 1350 4077 sed
1374 4019 1569 4095 potius
1596 4019 1788 4076 omnia
1820 4026 1886 4078 ut
1925 4019 2284 4096 homogenea
2321 4015 2605 4095 particula
2631 4035 2727 4074 co·

321 4099 577 4176 pulativa
604 4099 921 4175 conjungit,
952 4118 1081 4175 quse
1108 4098 1279 4156 etiam
1310 4098 1383 4157 ab
1411 4097 1611 4156 eodem
1640 4096 1822 4156 verbo
1849 4097 1910 4154 in
1937 4098 2360 4157 constructione
2380 4096 2726 4174 dependent.

326 4177 495 4236 Unde
544 4178 618 4236 ad
644 4178 917 4236 universa
943 4179 1192 4254 pertinet
1219 4178 1374 4254 quod
1403 4177 1613 4236 dicitur
1639 4197 1698 4236 V.
1729 4179 1784 4236 6.
1804 4186 2048 4253 propter
2074 4179 2190 4236 hoec
2214 4178 2364 4236 venit
2386 4177 2480 4234 ira
2508 4177 2626 4234 Dei
2669 4176 2728 4233 in

306 4258 459 4334 filios
485 4258 859 4333 contumaciae,
892 4264 951 4314 et
980 4257 1111 4316 Gal.
1140 4276 1199 4315 v,
1235 4259 1326 4331 19,
1357 4263 1728 4314 recensentur
1753 4257 1947 4316 omnia
1973 4265 2248 4334 tanquam
2289 4274 2464 4333 opera
2504 4255 2724 4314 Carnis.

324 4337 489 4410 Quod
516 4356 656 4394 vero
682 4336 1104 4414 Scortationem,
1136 4337 1472 4410 Avaritiam,
1504 4343 1563 4394 et
1578 4336 2008 4410 Immunditiem‚
2033 4336 2175 4396 dicit
2190 4336 2497 4394 excludere
2515 4353 2550 4392 a
2568 4335 2725 4410 Reg-

322 4435 394 4473 no
423 4416 716 4491 coelorum,
747 4435 865 4474 non
891 4415 1027 4473 inde
1056 4415 1135 4490 fit,
1168 4416 1325 4492 quod
1347 4415 1455 4474 ista
1484 4423 1707 4474 tantum
1737 4414 1854 4474 sint
1879 4417 2160 4491 mortalia,
2192 4416 2294 4475 sed
2321 4414 2478 4491 quod
2505 4413 2726 4471 caeteris

321 4495 433 4553 sint
459 4495 746 4571 graviora.

398 4573 553 4633 XX.
599 4575 764 4634 Licet
772 4573 1049 4650 formalis
1075 4581 1133 4632 et
1174 4593 1443 4650 expressa
1491 4573 1708 4632 aversio
1735 4592 1771 4632 a
1821 4573 1947 4633 Deo
1994 4593 2112 4633 non
2155 4580 2416 4632 occurrat
2459 4571 2521 4630 in
2570 4571 2726 4628 omni
