3300 5225
332 371 557 423 QuAEs'r.
588 350 731 433 xm]
1188 371 1268 411 ns
1295 370 1414 413 nno
1441 370 1581 429 msc,
1613 371 1688 413 1-2’1·
1717 370 1916 412 rmno.
2642 354 2756 414 189

334 511 667 573 necessaria
710 517 845 571 sunt
886 510 1297 589 contingentia,
1328 532 1459 590 quae
1500 519 1748 591 possunt
1787 530 1916 571 esse
1957 517 2018 570 et
2043 529 2164 571 non
2190 530 2356 588 esse3
2401 510 2506 571 sed
2534 514 2770 589 physice

336 612 491 670 resp.
521 611 713 651 causae
750 590 1021 651 secundae
1062 592 1469 669 contingentia,
1500 592 1710 651 cadant
1751 591 1862 651 sub
1900 590 2200 651 scientiam
2229 592 2342 651 Dei
2381 591 2762 669 infallibilem,

338 693 461 731 non
488 680 555 731 ut
582 670 1020 730 indeterminate
1046 678 1271 730 tantum
1298 680 1359 731 et
1384 670 1776 730 verisimiliter
1802 690 1872 730 ea
1897 679 2228 747 cognoscat,
2257 671 2363 731 sed
2388 671 2768 733 determinate

340 761 406 812 et
432 750 787 811 certissime:
829 750 999 826 Quod
1025 758 1243 829 negant
1271 751 1601 826 >Sociniani;
1644 751 1770 809 Nos
1796 750 2164 810 affirmamus.

426 832 551 891 XI.
594 830 875 890 Rationes
916 838 1069 907 sunt,
1104 834 1155 889 l.
1188 830 1337 905 Quia
1367 831 1664 908 Scriptura
1689 830 1864 889 talem
1895 830 2194 889 scientiam
2233 830 2451 908 passim
2481 831 2608 891 Deo
2635 832 2766 891 vin-

342 910 519 985 dicat,
551 910 595 971 J
598 930 727 970 oan.
756 910 881 969 xxi.
916 914 1009 970 17.
1078 911 1339 985 Domine,
1372 919 1432 968 tu
1459 910 1649 969 omnia
1675 910 1836 983 nosti,
1868 917 1927 968 et
1958 913 1987 968 1
2021 910 2064 969 J
2068 930 2198 969 oan.
2225 912 2308 969 iii.
2337 914 2434 970 20.
2505 914 2666 971 Deua
2686 920 2770 971 est

344 994 537 1067 major
564 993 733 1049 corde
758 999 968 1065 nostro,
998 1000 1055 1050 et
1075 991 1229 1049 novit
1252 990 1460 1049 omnia.
1544 990 1788 1049 Frustra
1812 988 1910 1047 hic
1949 990 2245 1067 reponitur
2271 992 2465 1051 omnia
2491 991 2608 1051 dici
2635 1013 2766 1069 quae

347 1072 573 1130 scilicet
600 1070 827 1130 scibilia
852 1078 1003 1143 sunt,
1034 1070 1174 1129 talia
1201 1078 1395 1129 autem
1434 1089 1553 1127 non
1593 1088 1726 1128 esse
1763 1067 1960 1128 futura
1998 1070 2434 1147 contingentia:
2477 1071 2626 1130 Nam
2653 1072 2767 1131 hoc

346 1159 439 1210 est
467 1153 655 1231 πςὸτον
680 1147 861 1223 ψεῦδος
887 1149 1047 1227 quod
1070 1148 1431 1227 probandum
1458 1148 1583 1223 fuit,
1606 1168 1727 1207 non
1754 1148 2222 1227 supponendum3
2249 1170 2359 1210 nos
2373 1170 2514 1209 vero
2541 1151 2772 1210 scibilia

348 1229 613 1305 dicimus,
645 1250 763 1288 non
792 1231 852 1288 in
881 1249 943 1289 se
971 1229 1365 1303 determinate,
1396 1228 1501 1288 sed
1528 1230 1589 1286 in
1617 1228 1850 1287 decreto
1881 1228 2012 1287 Dei.

431 1309 589 1369 XII.
630 1309 767 1370 Act.
796 1330 899 1369 xv.
934 1312 1031 1371 18.
1107 1312 1269 1368 Nota
1292 1318 1423 1367 aunt
1448 1310 1592 1383 Dee,
1636 1308 1824 1385 inquit
1851 1307 1894 1366 J
1897 1307 2128 1383 acobus,
2160 1309 2230 1367 ab
2259 1310 2412 1368 omni
2433 1329 2553 1368 oevo
2579 1310 2772 1368 omm'a

349 1409 529 1467 opera
553 1410 678 1450 aaa.
742 1390 806 1450 Si
827 1390 1020 1449 omnia
1045 1408 1235 1466 opera,
1256 1408 1395 1466 ergo
1424 1388 1597 1447 etiam
1622 1387 1808 1447 libera
1835 1395 1894 1446 et
1920 1387 2341 1465 contingentia;
2373 1389 2423 1447 si
2450 1389 2524 1447 ab
2553 1397 2769 1448 aeterno

350 1478 505 1545 nota,
550 1490 690 1547 ergo
732 1470 907 1529 etiam
954 1490 1083 1548 quae
1127 1469 1339 1528 futura.
1424 1468 1479 1526 N
1480 1488 1547 1526 ec
1591 1466 1709 1526 dici
1753 1466 1926 1526 debet
1971 1470 2025 1526 1.
2053 1467 2150 1526 hic
2194 1469 2291 1545 agi
2331 1488 2449 1526 non
2492 1468 2565 1527 de
2610 1468 2770 1527 omni

352 1568 523 1628 opere
554 1550 683 1625 Dei,
702 1548 801 1609 vel
826 1550 1140 1624 hominum,
1173 1548 1277 1609 sed
1304 1547 1378 1607 de
1418 1548 1521 1605 illo
1550 1546 1623 1607 de
1653 1567 1768 1625 quo
1796 1546 1840 1607 J
1842 1547 2058 1607 acobus
2084 1548 2312 1625 agebat,
2332 1547 2492 1625 quod
2516 1549 2768 1626 pertine-

351 1628 453 1688 bat
497 1628 575 1687 ad
619 1628 981 1688 vocationem
1029 1628 1308 1707 gentium.
1391 1628 1542 1687 Nam
1588 1636 1730 1686 nota
1781 1626 2126 1686 universalis
2179 1627 2600 1689 restrictionem
2651 1648 2772 1687 non

354 1708 623 1783 admittit,
655 1706 759 1767 sed
785 1708 1038 1768 ostendit
1063 1708 1107 1769 J
1110 1709 1355 1768 acobum
1394 1706 1668 1785 progredi
1707 1724 1744 1766 a
1785 1725 1996 1785 genere
2038 1706 2116 1766 ad
2154 1708 2422 1785 speciem,
2454 1727 2490 1766 a
2516 1708 2667 1767 thesi
2694 1708 2771 1767 ad

352 1788 737 1865 hypothesim,
782 1788 894 1847 hoc
938 1808 1127 1865 sensu,
1158 1790 1295 1866 quia
1320 1787 1599 1866 quicquid
1627 1788 1789 1846 Deus
1816 1786 1942 1865 agit
1979 1786 2042 1846 in
2066 1795 2324 1865 tempore
2351 1787 2415 1847 id
2441 1788 2514 1846 ab
2555 1797 2774 1848 aeterno

355 1867 615 1927 decrevit
642 1875 700 1926 et
725 1868 1034 1945 praescivit,
1065 1867 1197 1927 ideo
1225 1868 1483 1927 decrevit
1522 1876 1583 1927 et
1621 1866 1918 1947 praescivit
1963 1875 2168 1944 gentes
2208 1868 2269 1925 in
2310 1869 2771 1928 communionem

356 1946 635 2006 Ecclesiae
698 1956 1028 2025 cooptatum
1090 1947 1163 2007 iri
1219 1948 1364 2007 citra
1428 1947 1606 2025 Legis
1666 1947 1944 2006 Mosaicae
2006 1947 2484 2008 observationem.
2568 1952 2626 2007 2.
2673 1948 2774 2026 agi

354 2026 429 2086 de
472 2026 743 2104 operibus
787 2048 919 2105 quae
962 2035 1112 2102 sunt,
1142 2046 1261 2085 non
1286 2045 1428 2085 vero
1469 2026 1542 2085 de
1583 2026 1702 2085 illis
1749 2046 1878 2104 quse
1921 2046 2030 2084 nec
2069 2025 2302 2086 fuerunt
2347 2047 2454 2087 nec
2503 2036 2638 2088 sunt
2663 2048 2776 2087 nec

354 2116 513 2167 certo
561 2105 752 2167 fuum
799 2115 950 2181 sunt,
982 2107 1176 2185 qualia
1223 2115 1359 2166 sunt
1407 2105 1600 2165 futura
1646 2105 2080 2182 contingentia:
2124 2106 2274 2164 Nam
2320 2106 2458 2166 licet
2497 2126 2615 2165 non
2657 2108 2774 2167 sint

353 2185 547 2265 quoad
575 2206 701 2246 esse
728 2188 899 2261 reale,
940 2195 1077 2246 sunt
1116 2194 1311 2245 tamen
1338 2186 1532 2263 quoad
1558 2204 1686 2244 esse
1714 2185 2044 2262 cognitum3
2087 2185 2226 2245 licet
2263 2205 2382 2245 non
2422 2185 2540 2245 sint
2582 2186 2776 2246 futura

354 2275 513 2326 certo
534 2266 725 2343 quoad
752 2286 957 2326 causas
985 2265 1283 2341 secundas,
1317 2273 1453 2325 sunt
1478 2274 1672 2324 tamen
1699 2273 1856 2323 certo
1882 2264 2076 2323 futura
2102 2264 2296 2341 quoad
2319 2266 2581 2343 primam,
2604 2286 2640 2325 a
2660 2286 2778 2343 qua

355 2346 593 2405 definita
621 2356 773 2407 sunt.
856 2349 913 2406 3.
956 2346 1203 2405 Vocatio
1246 2346 1505 2423 gentium
1550 2344 1635 2403 ita
1675 2343 1786 2403 fuit
1829 2363 1974 2421 opus
2017 2344 2147 2418 Dei,
2195 2352 2257 2403 ut
2297 2344 2562 2404 debuerit
2601 2346 2776 2405 etiam

355 2445 484 2487 esse
512 2446 659 2503 opus
686 2426 964 2503 gentium,
996 2426 1133 2504 quia
1159 2425 1483 2485 debuerunt
1520 2422 1868 2502 respondere
1893 2423 2190 2483 vocationi
2219 2424 2332 2483 Dei
2357 2444 2462 2501 per
2488 2425 2616 2502 ejus
2645 2446 2775 2503 gra·

354 2507 524 2583 tiam3
571 2505 713 2567 Ideo
742 2506 795 2567 si
822 2506 983 2565 Deus
1011 2514 1167 2565 certo
1193 2506 1361 2567 novit
1386 2505 1558 2564 istam
1585 2504 1964 2580 vocationem,
1993 2522 2166 2563 nosse
2193 2503 2396 2563 debuit
2420 2505 2614 2565 futura
2641 2526 2773 2565 con·

355 2586 442 2648 tin
485 2586 659 2648 entia.

438 2607 629 2728 2gHIL
674 2668 829 2728 Heb.
858 2667 940 2728 iv.
974 2669 1072 2728 13.
1158 2667 1365 2730 Omnia
1390 2675 1521 2727 aunt
1544 2668 1704 2726 nuda
1729 2673 1786 2726 et
1821 2665 2011 2726 intinw
2040 2667 2304 2742 patentia
2333 2665 2505 2725 oculis
2531 2669 2684 2743 effla,-
2725 2669 2778 2726 si

356 2748 565 2824 omnia,
610 2769 751 2828 ergo
781 2757 839 2808 et
867 2747 1247 2826 cogitationes
1290 2755 1349 2807 et
1376 2747 1720 2807 voluntariae
1759 2746 2059 2805 hominum
2101 2747 2375 2821 actiones,
2406 2767 2524 2806 non
2551 2755 2778 2806 tantum

356 2835 490 2888 actu
518 2829 837 2888 existentes
878 2827 982 2886 sed
1026 2836 1085 2887 et
1128 2827 1351 2902 futurae,
1384 2847 1531 2904 quas
1560 2827 1723 2886 Deus
1762 2845 1880 2885 non
1921 2826 2094 2885 modo
2123 2825 2286 2887 videt
2325 2826 2386 2884 in
2416 2827 2606 2886 causis
2635 2828 2773 2902 suis,

356 2907 461 2968 sed
502 2909 674 2968 etiam
718 2908 780 2967 in
821 2907 1053 2967 decreto
1099 2927 1225 2967 su0.
1309 2907 1469 2966 Hinc
1509 2905 1724 2966 dicitur
1762 2907 2070 2982 intelligere
2113 2907 2469 2984 cogitationes
2495 2917 2720 2966 nostra-5
2746 2928 2778 2967 e

357 2990 669 3067 lonffinqzm,
694 2996 754 3048 et
772 3008 933 3048 nosse
957 2990 1151 3047 sedere
1177 2997 1233 3046 et
1254 3007 1487 3064 surgere
1512 2996 1766 3045 noemam
1777 3009 1802 3060 ;
1819 2987 2162 3064 piusquam
2187 3007 2371 3046 sermo
2399 2996 2482 3045 est
2504 2988 2563 3046 in
2585 2989 2778 3064 linqua

357 3087 501 3144 mea,
551 3071 700 3128 nosti
739 3070 921 3144 ipsum
964 3077 1151 3142 totum,
1186 3067 1340 3125 Psal.
1384 3065 1629 3125 cxxxix.
1679 3087 1716 3124 a
1761 3085 1820 3126 v.
1875 3069 1904 3124 1
1959 3066 2034 3125 ad
2081 3071 2136 3142 7,
2181 3067 2341 3145 Ergo
2387 3087 2507 3126 non
2553 3076 2779 3127 tantum

358 3157 493 3206 actu
521 3149 883 3222 existentem,
916 3146 1019 3206 sed
1046 3147 1220 3206 etiam
1246 3146 1533 3206 futurum:
1576 3153 1635 3205 et
1663 3147 1706 3206 J
1710 3165 1789 3205 er.
1818 3145 1858 3205 i.
1888 3149 1946 3205 5.
2027 3147 2346 3223 Antequam
2375 3156 2425 3206 te
2435 3151 2780 3222 fomaaaem

359 3229 420 3286 in
446 3236 622 3302 utere,
658 3231 793 3302 jam
832 3227 1065 3302 coynovi
1088 3235 1157 3286 te.
1243 3227 1323 3286 Is.
1366 3226 1555 3284 xlviii.
1598 3228 1656 3284 8.
1739 3227 1897 3284 Novi
1919 3227 2142 3284 omnino
2169 3235 2220 3286 te
2245 3237 2504 3286 acturum
2537 3230 2777 3308 perfide.

364 3305 579 3398 Ezech.
608 3306 691 3364 xi.
722 3309 779 3365 5.
861 3307 1086 3365 Eorum
1129 3307 1231 3383 qui
1264 3305 1491 3366 veniunt
1530 3307 1591 3364 in
1628 3305 1890 3382 spiritum
1931 3315 2191 3382 vestrum,
2222 3311 2652 3384 unumquodque
2678 3327 2780 3385 eqo

362 3405 507 3444 nom.

446 3465 626 3525 XIV.
671 3469 729 3524 2.
773 3463 923 3540 Quia
951 3465 1113 3526 Deus
1152 3463 1415 3545 praedicit
1442 3463 1637 3523 futura
1663 3463 2098 3540 contingentia3
2141 3483 2281 3542 ergo
2323 3484 2393 3523 ea
2431 3466 2613 3541 novit,
2643 3485 2778 3523 nam

361 3545 476 3604 nisi
516 3554 712 3604 nosset
754 3545 1148 3621 infallibiliter,
1191 3565 1309 3604 non
1350 3552 1548 3622 posset
1588 3550 1746 3602 certo
1787 3562 1857 3601 ea
1895 3543 2223 3619 praedicere,
2253 3552 2320 3603 ut
2357 3543 2572 3621 passim
2600 3544 2780 3620 facit5

364 3625 517 3684 unde
546 3625 788 3684 Tertull.
816 3626 878 3684 li.
907 3625 967 3684 ii.
998 3633 1150 3684 cont.
1195 3625 1399 3683 Marci.
1480 3623 1847 3680 Praescientia
1886 3622 2018 3695 Dei,
2049 3621 2252 3697 inquit,
2284 3631 2364 3680 tot
2401 3623 2565 3680 habet
2602 3631 2776 3697 testes,

364 3715 501 3782 quot
508 3705 657 3781 fecit
680 3707 1013 3780 Prophetas.
1094 3705 1323 3763 Iudicat
1358 3723 1399 3762 a
1426 3701 1716 3778 principio
1742 3702 1937 3780 finem,
1969 3700 2173 3777 inquit,
2206 3701 2285 3759 Is.
2314 3700 2458 3760 xlvi.
2507 3704 2598 3777 10,
2631 3711 2686 3760 et
2708 3706 2782 3762 ab

365 3785 521 3844 omni
556 3785 888 3862 antiquitate
927 3803 1053 3862 quae
1094 3787 1343 3848 nondam
1379 3785 1551 3858 facta
1591 3790 1737 3839 sunt.
1822 3781 1902 3838 Et
1948 3800 1998 3838 c.
2044 3779 2148 3838 xli.
2207 3783 2304 3840 23.
2345 3781 2603 3841 Iudicate
2655 3803 2786 3858 φησι
2893 3837 2898 3842 .

365 3874 633 3924 eventura
658 3873 789 3923 aunt
826 3865 884 3922 in
916 3873 1222 3940 posterum,
1270 3872 1334 3921 ut
1372 3879 1767 3937 cognoscamus
1804 3879 1902 3919 voa
1943 3879 2056 3918 esse
2083 3862 2279 3933 Deam
2305 3861 2406 3920 .sic
2446 3881 2507 3920 se
2537 3862 2782 3922 subinde

369 3944 531 4004 Deus
559 3943 835 4003 discernit
862 3963 898 4001 a
937 3943 1099 4002 falsis
1129 3943 1259 4002 Diis
1300 3949 1359 4001 et
1399 3941 1694 4001 creaturis.
1777 3939 2068 4018 Exempla
2103 3941 2538 4018 praedictionum
2566 3944 2782 4021 passim

366 4034 675 4085 occurrunt
700 4024 761 4082 in
794 4023 1106 4099 Scriptura.
1192 4022 1345 4098 Quid
1369 4022 1467 4081 hic
1490 4027 1772 4101 reponent
1793 4019 2184 4081 Adversarii?
2261 4021 2362 4080 An
2383 4022 2785 4100 praedictiones

365 4105 499 4164 illas
546 4124 675 4165 esse
722 4123 799 4163 ex
844 4101 1258 4162 verisimilibus
1304 4105 1569 4162 tantum?
1606 4109 1674 4161 ut
1699 4101 1874 4178 impie
1913 4102 2264 4178 loquunturt
2309 4102 2428 4163 Sed
2467 4104 2599 4180 quis
2639 4104 2786 4164 ferat

366 4183 765 4264 blasphemam
792 4203 1013 4259 vocem,
1042 4191 1110 4242 ut
1150 4183 1390 4243 scientia
1432 4181 1544 4241 Dei
1584 4180 1908 4241 infallibilis
1952 4182 2028 4241 sit
2065 4201 2222 4242 mere
2264 4183 2686 4262 conjecturalis,
2727 4193 2788 4244 et

366 4265 632 4325 Verbum
660 4265 788 4342 ejus
816 4263 975 4342 quod
1002 4263 1149 4322 coelo
1178 4272 1239 4322 et
1262 4273 1417 4324 terra
1440 4261 1664 4322 firmius
1691 4270 1782 4321 est
1807 4269 1868 4321 et
1908 4263 2076 4340 cujus
2102 4282 2177 4323 ne
2217 4264 2338 4323 iota
2365 4263 2600 4342 quidem
2628 4264 2785 4324 exci-

368 4343 509 4409 dere
534 4353 727 4423 potest
752 4344 895 4422 quin
922 4343 1116 4403 omnia
1140 4343 1299 4419 fiant,
1342 4344 1517 4404 meris
1542 4341 2145 4403 verisimilitudinibus
2186 4343 2525 4404 fallibilibus
2551 4345 2786 4404 nitatur.

371 4423 473 4484 An
498 4425 901 4505 praedictiones
928 4425 1072 4484 istas
1102 4443 1229 4484 esse
1258 4423 1331 4484 de
1356 4424 1531 4483 rebus
1558 4443 1704 4500 quas
1733 4423 1896 4482 Deus
1923 4421 2180 4484 decrevit
2205 4425 2392 4484 facere
2412 4427 2442 4485 Ρ
2485 4425 2604 4485 Sed
2629 4425 2790 4484 nulla

372 4514 463 4565 est
489 4527 565 4565 ex
590 4506 765 4565 rebus
792 4505 1000 4565 futuris
1028 4525 1174 4583 quas
1204 4504 1365 4564 Deus
1391 4523 1510 4562 non
1536 4503 1876 4579 decreverit,
1905 4504 2002 4562 vel
2031 4503 2218 4564 facere
2246 4506 2296 4566 si
2321 4505 2490 4565 bonae
2529 4505 2660 4579 sint,
2691 4503 2790 4563 vel

372 4586 705 4663 permittere
734 4585 783 4644 si
810 4587 1016 4662 malae3
1060 4606 1169 4646 nec
1196 4605 1295 4644 eas
1336 4591 1529 4662 potest
1567 4583 1836 4663 praescire
1869 4583 1982 4642 nisi
2010 4585 2148 4662 quia
2174 4585 2450 4645 decrevit.
2533 4582 2636 4641 An
2661 4603 2792 4642 esse

372 4666 567 4743 potius
609 4666 1031 4726 admonitiones
1072 4685 1248 4745 quam
1294 4664 1700 4744 praedictiones
1719 4667 1750 4724 Ρ
1831 4663 1950 4724 Sed
1989 4664 2120 4724 loca
2157 4665 2286 4744 ipsa
2325 4663 2674 4724 contrarium
2703 4663 2792 4720 in-
