3300 5225
564 366 679 422 132
1502 384 1689 427 mous
1717 383 2038 426 sacuunus.
2523 364 2781 446 [Quaesr.
2811 387 2961 429 xvn.

562 521 951 600 cognitionem
977 523 1195 602 glorias,
1226 522 1328 584 ubi
1368 543 1486 583 non
1512 524 1762 603 emplius
1787 544 1892 603 per
1919 515 2215 602 speculum
2243 532 2303 583 et
2337 515 2410 583 in'
2427 525 2734 604 aenigmate
2761 547 2962 589 sumus

562 603 867 680 cognituri,
914 602 1020 662 sed
1060 603 1207 663 facie
1252 604 1329 663 ad
1370 603 1575 663 faciem
1622 605 1813 663 Deum
1857 623 2056 663 sumus
2083 603 2281 680 visuri,
2329 607 2360 662 1
2406 603 2665 666 Corinth.
2703 608 2829 669 xiii.
2863 613 2958 670 14.

561 702 681 744 non
708 683 969 759 sequitur
994 683 1258 742 absolute
1286 691 1345 742 et
1384 683 1447 742 in
1473 703 1536 744 se
1564 684 1869 742 obscuram
1895 703 2024 742 esse
2050 691 2316 760 respectu
2359 692 2545 744 status
2580 687 2758 764 hujus
2783 689 2958 766 vitae3

562 761 702 840 quia
738 763 875 822 talis
915 771 1006 821 est
1044 763 1295 837 claritas,
1339 782 1470 839 quae
1511 762 1684 822 nobis
1723 763 1788 821 in
1829 763 1938 820 hac
1965 763 2090 820 vita
2129 762 2372 838 sufficit;
2414 772 2615 842 utpote
2653 786 2759 844 per
2783 787 2959 844 quam

559 841 708 902 facie
732 849 951 901 retecta
976 843 1432 920 contemplamur
1456 842 1702 919 gloriam
1725 840 1960 900 Domini
1987 842 2050 900 in
2071 842 2305 918 speculo
2328 843 2654 922 Evangelii,
2679 851 2716 904 2
2739 847 2958 908 Corint.

561 921 661 980 iii.-
680 922 773 979 18.
856 925 914 980 2.
945 921 1165 980 Paulus
1203 921 1463 998 loquitur
1500 921 1575 980 de
1608 921 1938 998 cognitione
1967 921 2344 998 aenigmatica,
2377 942 2507 998 quae
2535 924 2612 982 sit
2638 927 2960 986 communis

562 1001 831 1060 omnibus
856 1001 1194 1077 viatoribus,
1236 999 1465 1059 nemine
1502 1019 1575 1059 ne
1617 999 1809 1093 seipso
1835 998 2010 1060 etiam
2037 1007 2314 1078 except03
2361 1003 2549 1077 Nunc,
2574 1003 2783 1080 inquit,
2805 1007 2956 1066 vide-

562 1101 687 1140 mus
718 1101 832 1156 per
854 1083 1171 1156 specultm,·
1211 1080 1343 1157 quis
1368 1098 1509 1138 vero
1536 1079 1754 1138 dixent
1782 1079 1966 1138 Paulo
1993 1079 2295 1138 obscuram
2337 1079 2514 1140 fiiisse
2559 1081 2912 1160 scripturam
2927 1089 2962 1146 '1’

566 1159 729 1237 Ergo
756 1160 919 1220 locus
944 1167 1109 1218 notat
1134 1167 1360 1218 tantum
1386 1157 1876 1236 imperfectionem
1903 1159 2252 1236 cognitionis
2277 1167 2490 1218 nostrae
2516 1159 2578 1218 in
2605 1161 2712 1221 hac
2733 1164 2872 1240 vita,
2897 1173 2960 1224 et

564 1239 875 1298 discrimen
901 1236 1271 1298 revelationis
1298 1237 1501 1316 gratiae
1530 1246 1590 1297 et
1615 1236 1834 1314 gloriae,
1865 1238 1971 1296 sed
1996 1257 2120 1297 non
2141 1238 2551 1298 obscuritatem
2582 1239 2910 1320 Scripturas.

643 1317 897 1377 XVIII.
940 1317 1221 1392 Quamvis
1264 1317 1589 1377 scrutanda
1632 1317 1752 1376 sint
1797 1317 2126 1394 Scriptum,
2169 1316 2212 1378 J
2214 1337 2269 1376 o.
2298 1337 2358 1377 v.
2401 1321 2498 1395 39,
2541 1339 2659 1379 non
2699 1324 2961 1399 sequitur

562 1397 849 1457 obscuras.
863 1415 991 1456 esse
1018 1396 1252 1474 ubique,
1282 1397 1457 1456 etiam
1496 1396 1561 1455 in
1584 1396 1760 1456 rebus
1787 1395 1865 1455 ad
1905 1397 2150 1456 salutem
2175 1397 2532 1474 necessariis,
2568 1402 2620 1458 1.
2665 1399 2814 1475 Quia
2839 1422 2957 1462 non

560 1476 809 1536 dicimus
835 1495 963 1535 esse
990 1477 1179 1537 cuivis
1218 1477 1586 1554 perspicuss3
1630 1475 1735 1536 sed
1760 1483 1987 1536 tantum
2013 1477 2270 1535 animum
2297 1477 2635 1555 attendenti,
2665 1487 2726 1539 et
2752 1482 2956 1542 sedulo

558 1556 954 1634 investiganti,
982 1564 1287 1648 propterea
1312 1573 1475 1648 opus·
1484 1563 1576 1614 est
1602 1555 1895 1631 scrutinio,
1926 1556 2064 1632 quis
2092 1557 2372 1616 scrutanti
2397 1556 2630 1616 demum
2655 1562 2959 1639 perspicue
3071 1581 3086 1594 ·

559 1643 652 1695 est
678 1635 1011 1713 Scripturaz
1054 1635 1359 1693 Facillime
1382 1653 1537 1694 emm
1558 1653 1820 1712 quaeque,
1849 1634 2037 1695 obiter
2061 1644 2235 1713 atque
2263 1636 2575 1697 oscitanter
2609 1638 2956 1718 legentibus,

560 1715 809 1775 obscura
834 1713 999 1774 fiunt.
1068 1717 1127 1773 2.
1155 1713 1211 1773 N
1214 1733 1289 1773 on
1314 1731 1597 1790 negamus
1624 1731 1731 1772 sua
1757 1733 1884 1773 esse
1915 1713 2226 1793 Scripturas
2245 1714 2438 1792 adyta,
2463 1723 2524 1774 et
2551 1719 2956 1793 mysteriorum

558 1794 710 1864 βᾶθιι,
739 1813 871 1872 quoe
896 1792 1129 1852 nonnisi
1166 1812 1391 1852 summo
1417 1791 1611 1852 studio
1637 1800 1699 1852 et
1724 1792 2006 1869 diligente
2047 1794 2322 1872 indagine
2367 1795 2492 1854 erui
2529 1806 2804 1873 possunt;
2851 1799 2958 1858 sed

558 1875 673 1936 ho'c
698 1875 817 1933 non
844 1873 1035 1933 obstat
1060 1872 1368 1950 quominus
1395 1872 1513 1931 alia
1536 1880 1841 1932 occurrant
1865 1873 2012 1932 bene
2038 1874 2238 1950 multa,
2267 1880 2330 1934 et
2362 1874 2598 1952 quidem
2631 1877 2958 1938 necessaria

562 1954 639 2014 ad
668 1954 930 2027 salutem,
960 1971 1091 2029 quae
1118 1951 1302 2010 oculis
1326 1950 1587 2010 fidelium
1612 1950 1781 2010 facile
1809 1951 2211 2012 obversantur.

642 2033 834 2092 XIX.
878 2030 1159 2107 Quamvis
1198 2030 1446 2108 apostoli
1484 2031 1977 2107 resurrectionem,
2021 2041 2082 2091 et
2121 2031 2516 2092 ascensionem
2558 2032 2772 2094 Christi
2813 2037 2954 2097 satis

558 2112 887 2190 intelligere
912 2131 1030 2170 non
1054 2111 1364 2188 potuerint,
1393 2109 1440 2170 J
1440 2131 1495 2170 o.
1523 2111 1646 2169 xvi.
1681 2112 1773 2184 18,
1803 2130 1922 2170 non
1949 2111 2212 2189 sequitur
2251 2112 2606 2189 Scripturam
2645 2113 2822 2174 fuisse
2850 2116 2954 2175 ob-

558 2211 825 2253 scuram:
865 2191 1005 2269 quia
1028 2189 1241 2250 sufficit
1264 2189 1577 2267 unicuique
1604 2189 1860 2267 cognitio
1899 2209 2006 2268 pro
2036 2191 2212 2250 modo
2239 2199 2426 2250 status
2444 2191 2506 2249 in
2527 2211 2642 2268 quo
2669 2203 2950 2271 versatur,

559 2281 622 2333 et
646 2271 927 2331 doetrinae
953 2289 1083 2349 quae
1110 2270 1418 2330 revelamr.
1500 2269 1547 2330 J
1548 2289 1641 2328 am
1676 2287 1870 2328 rerum
1909 2269 2112 2330 harum
2153 2271 2432 2330 revelatio
2471 2271 2660 2350 plena,
2703 2282 2837 2351 post
2863 2295 2952 2335 re-

558 2353 971 2412 surrectionem
998 2349 1230 2409 demum
1258 2348 1593 2427 contingere
1620 2347 1842 2409 debuit.

641 2431 797 2490 XX.
844 2430 1100 2507 Οοφιίέίο
1124 2429 1439 2506 Serapium
1464 2427 1581 2487 alis
1606 2435 1698 2487 est
1724 2427 1959 2488 literalis
1977 2437 2034 2488 et
2057 2426 2372 2504 &beor-etim,
2402 2449 2522 2506 qua
2538 2429 2719 2490 verba
2745 2450 2950 2492 secun-

558 2511 698 2570 dum
723 2511 952 2570 literam
978 2518 1038 2568 et
1064 2507 1437 2586 grammatice
1462 2507 1904 2585 intelliguntur3
1947 2507 2088 2567 Alia
2110 2509 2423 2586 spiritualis
2449 2517 2509 2567 et
2523 2511 2806 2586 practica,
2837 2530 2954 2588 qua

558 2609 701 2650 vera
738 2589 855 2649 fide
882 2587 1407 2666 apprehenduntur.
1489 2587 1682 2647 Multa
1721 2587 1783 2646 in
1828 2586 2139 2665 Scripturis
2167 2595 2474 2648 occurrunt
2513 2588 2733 2649 homini
2775 2590 2952 2651 etiam

561 2669 799 2729 animali
837 2669 1141 2761 perspicua
1180 2667 1529 2745 theoretice3
1570 2675 1631 2726 et
1663 2674 1890 2727 constat
1929 2668 2228 2745 ingeniose
2255 2667 2330 2727 de
2357 2669 2596 2728 summis
2635 2670 2774 2729 fidei
2813 2672 2952 2731 arti-

560 2749 709 2809 culis
746 2748 918 2826 posse
946 2746 1240 2825 disputare
1265 2747 1530 2806 homines
1562 2746 1870 2825 profanos;
1915 2746 2018 2806 sed
2042 2747 2299 2825 practica
2323 2750 2579 2827 cognitio
2603 2751 2838 2828 propria
2863 2758 2954 2812 est

560 2828 837 2905 fidelium,
871 2832 902 2887 1
936 2826 1194 2887 Corinth.
1222 2826 1285 2886 ii.
1318 2830 1411 2903 14,
1446 2829 1559 2903 153
1603 2830 1640 2885 2
1673 2828 1802 2885 Cor.
1831 2826 1911 2885 iv.
1941 2829 1999 2886 3.

642 2907 832 2966 XXI.
876 2907 1247 2984 Quaecunque
1274 2906 1585 2967 afferantur
1609 2906 1686 2965 ab
1713 2906 2088 2965 Adversariis
2114 2905 2480 2967 obscuritatis
2525 2908 2834 2987 Scriptum
2861 2928 2952 2969 ra-

560 2988 718 3048 tione
759 2987 918 3046 modi
956 2986 1222 3047 tradendi
1262 3006 1469 3061 causae,
1513 3005 1631 3045 non
1670 2994 1914 3064 possunt
1939 2985 2206 3046 evincere
2231 3004 2360 3045 eam
2387 2986 2470 3045 ita
2495 2987 2797 3047 obscuram
2825 3008 2953 3049 esse

556 3068 619 3126 in
644 3067 819 3127 rebus
844 3065 1183 3125 necessariis
1210 3065 1287 3125 ad
1327 3067 1588 3142 salutem,
1616 3074 1686 3126 ut
1711 3086 1827 3124 non
1854 3065 2040 3144 possit
2064 3084 2193 3125 esse
2219 3064 2417 3125 totalis
2442 3066 2580 3126 fidei
2613 3086 2954 3145 morumque

553 3144 1456 3303 ffiffiffloeffissssffi
1482 3140 1940 3303 smmi
1969 3145 2954 3305 ffigffssssuffiffff‘ssssssgffi

553 3306 713 3384 quod
752 3326 821 3365 eo
848 3270 1143 3382 nu’nquam
1170 3305 1509 3383 relegamur,
1539 3306 1688 3364 tales
1713 3324 1832 3364 non
1859 3313 1996 3364 sunt
2022 3324 2151 3382 quse
2178 3304 2438 3365 adhibito
2475 3306 2668 3366 studio
2697 3307 2954 3386 superari

552 3406 671 3445 non
710 3386 951 3464 possint,
992 3394 1051 3444 et
1078 3404 1149 3443 ea
1173 3404 1303 3462 quae
1330 3386 1391 3443 in
1416 3384 1561 3444 locis
1588 3384 1708 3443 illis
1735 3392 2058 3459 occurrunt,
2087 3385 2188 3443 vel
2213 3404 2328 3443 non
2358 3394 2494 3445 sunt
2528 3388 2852 3446 necessaria
2876 3386 2955 3446 ad

552 3467 815 3605 salultem,
846 3465 943 3525 vel
984 3465 1034 3525 si
1074 3463 1136 3523 in
1175 3485 1291 3525 uno
1328 3465 1426 3525 vel
1466 3463 1649 3524 altero
1686 3464 1818 3523 loco
1858 3464 2160 3523 obscurius
2197 3464 2518 3541 traduntur,
2560 3465 2704 3524 alibi
2743 3466 2955 3525 clarius

552 3566 627 3606 ex
692 3546 931 3605 'cantum

626 3566 858 3685 PXXII.
902 3625 1088 3685 Aliud
1122 3633 1213 3684 est
1250 3623 1413 3702 loqui
1452 3622 1526 3683 de
1554 3624 1884 3683 obscur-itate
1919 3624 2176 3683 absoluta
2219 3622 2546 3699 Scripturas,
2589 3631 2648 3683 et
2685 3632 2952 3702 respectu

551 3706 809 3766 omnium
858 3714 1093 3766 aetatum
1134 3714 1195 3764 et
1238 3712 1493 3764 statuum
1534 3702 1850 3781 Ecclesioe3
1899 3702 2085 3762 Aliud
2127 3702 2202 3762 de
2245 3704 2576 3763 obscuritate
2617 3714 2954 3781 comparata

502 3846 507 3849 .
548 3786 729 3846 relate
757 3786 834 3845 ad
860 3794 1075 3845 certam
1103 3786 1231 3861 ejus
1260 3792 1505 3843 aetatem.
1592 3784 1868 3843 Fatemur
1898 3783 2249 3863 Scripturam
2278 3783 2356 3841 V.
2385 3784 2455 3842 T.
2485 3784 2786 3843 obscuram
2824 3804 2952 3845 esse

548 3872 893 3941 comparate,
922 3884 1074 3941 resp.
1106 3864 1180 3922 N.
1203 3862 1272 3921 T.
1294 3872 1355 3923 et
1380 3864 1560 3923 relate
1586 3862 1663 3921 ad
1685 3871 1900 3923 statum
1927 3871 1988 3922 et
2015 3870 2242 3923 oetatem
2264 3864 2543 3923 Ecclesiae
2576 3863 2950 3925 Christianae:

552 3943 671 4003 Sed
698 3944 809 4002 hoc
834 3961 953 4001 non
978 3943 1173 4002 obstat
1198 3942 1505 4017 quominus
1538 3943 1842 4023 perspicua
1865 3942 2039 4003 fuerit
2063 3944 2127 4004 in
2153 3962 2234 4021 se,
2263 3952 2325 4005 et
2351 3942 2697 4005 sufficienter
2731 3944 2953 4005 ratione

550 4018 736 4082 stetus
765 4020 1043 4080 Ecolesioe
1071 4021 1150 4081 V.
1172 4020 1241 4079 Τ.
1272 4016 1367 4079 cui
1392 4020 1835 4097 proponebatur.
