3300 5225
351 367 573 418 ousssr.
603 345 804 429 xxix]
1193 368 1272 408 ns
1301 369 1418 410 nso
1445 368 1586 428 mm,
1615 368 1695 410 m·
1720 370 1920 412 raum.
2642 357 2761 414 269

438 507 724 568 XXVII.
766 506 1121 569 Miraculosa
1149 508 1447 586 conceptio
1477 508 1693 569 Christi
1731 517 1925 587 potest
1960 529 2087 569 esse
2116 517 2518 588 argumentum
2556 531 2592 569 a
2630 531 2763 588 pos-

355 588 572 664 teriori,
603 608 720 665 quo
747 587 1117 666 cognoscitur
1143 589 1270 664 ejus
1298 597 1512 648 aeterna
1534 589 1787 664 Filiatio,
1820 589 1924 648 sed
1950 609 2066 648 non
2096 590 2290 649 statim
2318 599 2408 649 est
2435 591 2563 668 ejus
2590 612 2765 650 causa

357 689 392 727 a
419 667 614 746 priori.
699 668 796 726 Ita
821 666 1204 744 intelligenda
1231 674 1367 726 sunt
1393 668 1614 746 Angeli
1639 671 1821 727 verba
1846 667 1925 726 ad
1966 670 2037 730 B.
2067 669 2390 748 Virginem,
2423 671 2565 729 Luc.
2596 670 2633 729 i.
2665 674 2762 730 35.

355 751 498 808 Ideo
525 749 681 825 quod
715 756 978 806 nascetur
1004 767 1078 806 ex
1104 756 1156 806 te
1181 747 1466 824 Sanctum,
1495 748 1783 808 vocabitur
1804 748 1992 808 Filius
2017 750 2149 808 Dei.
2236 749 2357 810 Ubi
2382 751 2665 827 particula
2692 748 2763 808 δαὶ

356 836 446 888 est
493 836 632 886 nota
679 826 1121 903 consequentia,
1169 845 1288 884 non
1327 827 1749 904 consequentis,
1790 828 1939 904 siqui
1979 849 2082 888 eur
2122 829 2198 887 sit
2233 829 2531 888 vocandus
2575 830 2765 890 Filius

358 907 489 982 Dei,
520 926 638 965 non
665 925 865 982 causoe,
896 905 1032 983 quia
1070 914 1378 982 antequam
1415 907 1827 983 conciperetur,
1859 908 1984 985 jam
2024 906 2202 966 fuisse
2247 908 2473 984 dicitur,
2504 910 2548 969 J
2552 929 2605 968 0.
2633 909 2671 967 i.
2708 913 2760 987 1,

360 987 512 1044 Phil.
557 986 618 1046 ii.
663 989 736 1061 63
783 984 938 1044 unde
981 1005 1100 1043 non
1143 985 1286 1044 dicit
1329 985 1669 1064 simpliciter
1709 986 1833 1062 erit,
1862 987 1967 1045 sed
2006 990 2293 1050 ιλκοιὶσιτωι
2332 989 2636 1066 vocabitur,
2681 989 2761 1049 id.

356 1065 834 1124 manifestabitur.

439 1144 760 1204 XXVIII.
803 1143 860 1202 N
861 1163 938 1202 on
977 1142 1110 1202 ideo
1139 1143 1327 1202 Filius
1363 1142 1474 1202 Dei
1503 1143 1717 1204 dicitur
1744 1143 2025 1220 Christus,
2056 1144 2195 1223 quia
2232 1165 2269 1204 a
2311 1146 2482 1206 Patre
2510 1146 2762 1207 sanctifi-

357 1233 539 1300 catus,
587 1225 632 1284 J
633 1243 687 1284 ο.
729 1243 790 1282 x.
821 1226 916 1299 36,
960 1223 1106 1282 alias
1145 1223 1300 1282 enim
1349 1223 1680 1282 Filiationis
1722 1223 1978 1284 rationes
2022 1225 2201 1301 addit,
2248 1233 2371 1284 tum
2420 1224 2496 1283 ab
2540 1227 2765 1287 unitate

357 1304 644 1379 essentiae,
668 1324 728 1362 v.
748 1306 845 1376 30,
867 1311 992 1362 tum
1019 1303 1094 1361 ab
1121 1302 1424 1362 identitate
1453 1323 1709 1380 operum,
1734 1323 1792 1363 v.
1817 1305 1924 1379 383
1970 1304 2073 1363 sed
2090 1304 2221 1363 ideo
2240 1305 2629 1364 sanctificatus
2656 1315 2761 1383 est,
2836 1373 2841 1379 ,

355 1383 436 1442 id.
465 1383 542 1442 ad
581 1402 790 1442 munus
833 1380 1244 1440 Mediatorium
1285 1392 1669 1458 consecratus,
1701 1383 1840 1460 quia
1881 1383 2069 1442 Filius
2109 1383 2236 1458 fuit,
2266 1383 2423 1461 quod
2463 1384 2608 1444 alias
2636 1406 2763 1446 sus-

355 1463 539 1522 tinere
566 1483 684 1521 non
710 1461 1029 1539 potuisset:
1071 1461 1195 1520 Nec
1223 1460 1354 1520 ideo
1385 1462 1588 1538 Filius,
1618 1463 1758 1539 quia
1784 1461 2031 1522 dilectus
2060 1463 2231 1523 Matt.
2260 1463 2342 1522 iii.
2378 1467 2470 1540 17,
2502 1464 2606 1523 sed
2631 1465 2765 1525 ideo

357 1541 620 1615 dilectus,
651 1541 789 1619 quia
815 1541 1022 1616 Filius,
1051 1549 1118 1600 ut
1143 1541 1453 1600 verborum
1481 1543 1659 1600 series
1686 1541 1873 1600 docet.

444 1620 704 1680 XXIX.
749 1621 896 1680 Cum
925 1619 1238 1680 Generatio
1265 1621 1378 1680 ista
1404 1621 1833 1699 hyperphysica
1858 1620 1937 1680 sit
1963 1620 2357 1681 diversissima
2384 1642 2419 1681 a
2440 1617 2767 1699 'generatio-

359 1701 532 1761 nibus
571 1699 830 1778 physicis
859 1708 918 1758 et
943 1699 1142 1774 finitis,
1185 1719 1484 1778 perperam
1514 1700 1859 1760 Adversarii
1886 1721 1963 1760 ex
2002 1700 2133 1760 istis
2160 1700 2236 1760 ad
2275 1701 2437 1760 illam
2462 1721 2768 1779 argumen-

358 1788 569 1855 tantur,
601 1780 772 1856 quasi
799 1779 920 1838 ulla
945 1779 1045 1838 vel
1071 1780 1331 1856 mutatio,
1362 1779 1460 1838 vel
1499 1779 1874 1857 imperfectio,
1905 1779 2003 1839 vel
2044 1780 2331 1856 alienatio,
2362 1781 2460 1840 vel
2498 1782 2769 1859 prioritas

359 1868 584 1919 naturas
629 1867 730 1917 aut
767 1858 1044 1936 temporis
1087 1858 1150 1916 in
1191 1859 1381 1918 Deum
1423 1867 1727 1937 propterea
1769 1860 2016 1935 caderet,
2063 1861 2201 1938 quia
2245 1861 2432 1920 omnis
2472 1863 2768 1938 generatio

359 1937 760 1998 substantialis
787 1946 877 1996 est
903 1937 1146 1996 mutatio
1173 1957 1210 1996 a
1235 1956 1353 1996 non
1379 1957 1507 1996 esse
1534 1938 1611 1997 ad
1637 1957 1781 2014 esse,
1813 1939 1951 2016 quia
1977 1939 2164 1998 omnis
2192 1940 2423 2016 genitus
2450 1948 2541 1999 est
2574 1950 2765 2019 poste·

355 2018 476 2076 rior
517 2017 810 2094 gignente,
850 2016 988 2092 quia
1027 2016 1128 2092 qui
1170 2017 1363 2152 {ignit
1403 2025 1626 2094 partem
1669 2017 2007 2077 substantias
2054 2018 2221 2077 alteri
2264 2019 2663 2097 communicat,
2707 2029 2769 2081 et

357 2095 593 2176 genitus
619 2093 1002 2154 essentialiter
1040 2102 1131 2153 est
1214 2096 1434 2154 ‘versus
1475 2115 1511 2152 a
1554 2096 1867 2172 gignente:
1910 2096 2059 2156 Haec
2098 2097 2253 2156 enim
2293 2106 2353 2156 et
2394 2098 2607 2157 similia
2632 2119 2763 2176 quse

355 2184 634 2256 petuntur
659 2194 736 2233 ex
763 2172 1132 2251 generatione
1152 2174 1420 2250 humana,
1450 2174 1600 2232 male
1619 2176 1927 2234 trahuntur
1945 2175 2022 2233 ad
2048 2177 2479 2252 generationem
2506 2177 2765 2237 divinam

357 2276 464 2335 per
486 2255 770 2331 μετάβασιν
795 2258 857 2318 εἰς
886 2252 1024 2312 ἄλλο
1049 2251 1194 2325 γένος.
1280 2253 1402 2312 Nec
1431 2253 1483 2312 si
1507 2252 1881 2312 conferuntur
1919 2255 2319 2330 generationes
2346 2255 2475 2314 istae
2500 2256 2653 2315 inter
2679 2277 2760 2335 se,

357 2346 665 2414 propterea
691 2342 1095 2409 ooaequantm:
1137 2333 1256 2390 imo
1282 2332 1422 2392 dum
1448 2332 1728 2410 quiequid
1766 2332 2133 2410 perfectionis
2162 2334 2409 2392 occurrit
2435 2335 2497 2392 in
2524 2355 2764 2413 genera-

359 2414 616 2474 tionibus
641 2413 820 2472 finitis
847 2412 934 2470 illi
961 2411 1250 2488 tribuitur,
1279 2420 1347 2471 ut
1372 2411 1530 2488 quod
1567 2411 1818 2550 ⁶{ignens
1852 2412 2055 2490 gignat
2084 2412 2195 2472 sibi
2236 2412 2439 2490 simile,
2478 2435 2583 2492 per
2608 2435 2764 2474 com-

356 2493 805 2554 municationem
831 2491 1114 2568 essentiae,
1143 2489 1420 2571 quiequid
1445 2491 1566 2569 imp
1654 2491 1936 2551 ectionem
1962 2491 2217 2570 aliquam
2247 2501 2427 2571 notat,
2460 2493 2662 2554 sedulo
2690 2497 2765 2556 ab

358 2593 430 2634 ea
455 2583 546 2634 est
571 2571 1004 2633 removendum.

439 2654 666 2712 XXX.
709 2653 952 2712 Frustra
973 2672 1036 2711 se
1061 2650 1310 2729 fatigant
1339 2649 1687 2711 Scholastiei
1714 2650 1774 2710 in
1802 2654 1969 2711 modo
1984 2652 2360 2729 ,qenes-ationis
2380 2650 2547 2714 istius
2574 2654 2765 2732 inqui-

357 2733 538 2793 rendo
565 2741 624 2793 et
651 2732 1013 2810 explicando,
1045 2752 1176 2791 cum
1205 2731 1282 2791 sit
1306 2749 1424 2789 non
1451 2730 1625 2789 modo
1652 2730 1977 2806 ineffabilis,
2010 2732 2114 2791 sed
2140 2740 2201 2791 et
2224 2733 2593 2799 ἅκατιίληπτος
2620 2735 2765 2813 ipsis

357 2813 628 2891 Angelis.
713 2815 749 2846 “
773 2812 1118 2871 Indeeorum
1166 2818 1258 2871 est
1299 2810 1616 2888 quaerere,’'
1667 2809 1857 2887 inquit
1903 2810 2263 2871 Athanasius
2312 2824 2513 2873 contra
2554 2814 2763 2877 Arian.

361 2895 399 2927 ‘⁶
421 2892 708 2969 quomodo
730 2912 805 2951 ex
829 2892 956 2951 Deo
976 2890 1238 2951 Verbum
1259 2890 1354 2967 sit,
1377 2898 1478 2949 aut
1498 2889 1788 2967 quomodo
1810 2890 1887 2949 sit
1907 2890 2021 2950 Dei
2042 2890 2330 2969 splendor,
2354 2902 2455 2953 aut
2473 2894 2765 2970 quomodo

359 2973 564 3050 gignat
593 2972 770 3047 Deus,
801 2980 862 3031 et
887 2970 1018 3049 quis
1047 2971 1124 3029 sit
1147 2970 1356 3030 modus
1383 2970 1771 3047 generationis
1800 2970 1930 3029 Dei.
2002 2970 2290 3031 Insaniret
2316 2972 2468 3033 enim
2497 2973 2599 3049 qui
2624 2974 2767 3033 talia

359 3052 612 3127 auderet,
645 3052 916 3129 quoniam
943 3070 1066 3109 rem
1091 3048 1442 3109 ineffabilem
1470 3058 1530 3108 et
1567 3049 1859 3126 propriam
1885 3048 2099 3109 divinae
2126 3060 2363 3127 naturae,
2395 3061 2454 3112 et
2480 3052 2767 3113 duntaxat

357 3131 470 3209 ipsi
511 3152 580 3190 ac
608 3131 762 3190 Filio
791 3150 896 3189 suo
925 3128 1218 3207 cognitam
1243 3128 1440 3187 verbis
1477 3128 1845 3207 interpretari
1886 3130 2247 3208 conaretur,”
2334 3131 2413 3190 Et
2441 3133 2629 3192 Hilar.
2657 3133 2763 3192 lib.

358 3210 442 3269 iii.
472 3210 544 3269 de
571 3210 753 3268 Trini.
816 3212 852 3242 “
871 3210 958 3269 Ut
996 3208 1395 3267 inenarrabilis
1427 3214 1518 3267 est
1546 3208 1721 3266 Pater
1758 3209 1821 3267 in
1862 3228 1931 3267 eo
1972 3208 2130 3285 quod
2168 3209 2461 3287 ingenitus
2502 3220 2624 3288 est;
2670 3212 2767 3273 Ita

359 3289 614 3349 enarrari
641 3288 828 3347 Filius
847 3288 910 3345 in
929 3307 999 3347 eo
1021 3286 1179 3365 quod
1196 3286 1530 3365 unigenitus
1551 3295 1640 3347 est
1660 3307 1777 3345 non
1794 3296 2003 3365 potest,
2028 3286 2165 3365 quia
2189 3288 2435 3367 ingeniti
2456 3300 2545 3350 est
2569 3290 2765 3370 imago

444 3367 458 3382 ⁶
609 3368 622 3381 ⁹
861 3367 896 3395 2,

361 3376 722 3506 qnganlitll?
749 3375 1170 3505 {iitnilitudines
1196 3464 1326 3522 quse
1359 3444 1621 3504 adhiberi
1660 3446 1849 3505 solent
1874 3445 1949 3503 ad
1987 3446 2165 3523 hujus
2198 3446 2469 3524 Mysterii
2510 3448 2764 3526 expliea-

361 3529 594 3602 tionem,
624 3525 820 3604 petitae
847 3525 944 3584 vel
985 3544 1025 3584 a
1046 3526 1252 3602 Mente,
1284 3543 1414 3602 quae
1455 3543 1518 3583 se
1560 3524 1747 3601 ipsam
1790 3523 2187 3601 intelligendO,
2235 3526 2325 3584 sui
2370 3527 2681 3602 imaginem
2706 3536 2768 3587 et

359 3605 550 3665 ideam
579 3606 796 3666 excitat
831 3605 892 3663 in
939 3604 1146 3682 seipso,
1190 3624 1320 3682 ques
1361 3603 1422 3662 in
1463 3611 1657 3663 mente
1684 3622 1911 3679 semper
1936 3610 2131 3661 manet
2156 3604 2309 3663 unde
2334 3613 2565 3679 manat;
2608 3606 2706 3663 vel
2732 3626 2769 3665 a

361 3686 508 3763 Sole,
539 3706 576 3744 a
601 3705 718 3763 quo
754 3683 975 3763 jugiter
1001 3692 1273 3743 emanant
1297 3682 1462 3759 radii,
1491 3691 1558 3742 ut
1597 3702 1707 3741 nee
1734 3682 1811 3741 sit
1850 3690 1985 3741 ante
2024 3682 2175 3757 illos,
2218 3702 2325 3741 nee
2366 3684 2585 3761 absque
2610 3684 2765 3762 illis3

360 3774 605 3843 possunt
646 3773 942 3841 utcunque
984 3764 1173 3823 facere
1217 3762 1294 3823 ad
1343 3761 1614 3841 Mysterii
1657 3760 1828 3821 istius
1854 3760 2315 3837 illustrationem,
2362 3782 2544 3839 eoque
2582 3764 2770 3842 magis

361 3845 520 3922 quod
551 3845 846 3923 Scriptura
873 3843 946 3903 ad
976 3864 1074 3903 eas
1100 3863 1219 3902 non
1246 3841 1424 3902 semel
1443 3841 1678 3900 videtur
1703 3839 2003 3917 respicere,
2027 3860 2205 3917 quum
2229 3841 2443 3901 Filium
2468 3842 2581 3901 Dei
2598 3852 2771 3905 vocat

361 3924 536 3996 Λὸγον,
580 3925 946 4001 Sapientiam,
989 3923 1305 3999 Imaqt‘nem
1343 3922 1474 3999 Dei,
1508 3921 1588 3980 Et
1626 3918 1963 3995 ἇπαῦγσινμα
2002 3918 2137 3993 δόξης
2178 3924 2531 3999 splendorem
2567 3925 2771 4000 qlom‘oe

359 4007 558 4063 Patris
574 4028 594 4065 .-
631 4004 748 4063 Sed
775 4004 1004 4081 plenam
1033 4010 1092 4063 et
1113 4010 1438 4062 accuratam
1457 4001 1617 4060 modi
1637 4002 2025 4079 generationis
2046 4002 2213 4061 istius
2234 4000 2767 4063 determinationem

360 4084 636 4143 exhibere
663 4092 975 4161 nequeunt.
1061 4082 1236 4143 Unde
1267 4082 1380 4158 hic,
1411 4082 1464 4141 si
1499 4081 1743 4159 uspiam,
1774 4081 1965 4139 sobrie
2004 4080 2175 4141 nobis
2202 4090 2291 4141 est
2318 4081 2672 4159 sapiendum,
2702 4092 2771 4145 ut

360 4164 617 4223 contenti
645 4169 719 4222 τὸ·
745 4162 833 4231 ὅτι,
866 4163 1022 4240 quod
1050 4163 1268 4222 clarum
1297 4169 1387 4221 est
1412 4161 1472 4219 in
1505 4161 1817 4239 Scriptura,
1848 4160 1921 4219 de
1948 4161 2121 4219 modo
2150 4161 2261 4220 isto
2287 4163 2459 4239 plane
2485 4163 2655 4221 nobis
2680 4164 2768 4221 in*

359 4223 864 4383 ‹Iapemprehens{bili
891 4241 1236 4381 definifentditg,
1251 4241 1356 4335 ‘vel
1383 4241 1572 4397 etianz'
1585 4239 1939 4379 iilillwenffi
1958 4241 2131 4301 anxie
2158 4261 2277 4300 non
2296 4241 2635 4320 cogitemus,
2667 4242 2772 4303 sed

455 4344 510 4401 o,
540 4342 640 4401 qui
669 4343 734 4384 so
757 4342 828 4383 us
855 4342 919 4383 sc
944 4342 1019 4402 pe
1073 4342 1139 4381 ec
1217 4341 1362 4381 sime
1389 4340 1529 4381 novi
1668 4340 1769 4381 um
1795 4340 1857 4381 re
1943 4340 2205 4399 quamus.
2756 4352 2763 4361 ·
