3300 5225
552 363 681 426 xlvi
1421 380 1689 429 ORATIO
1726 382 2097 430 FUNEBRIS.

553 542 772 615 bebat3
827 541 1026 617 Eheu,
1049 560 1172 605 non
1190 543 1334 607 fidei
1363 548 1610 607 tantum
1631 552 1743 610 aut
1768 544 1922 626 spei,
1948 544 2057 609 sed
2083 550 2158 607 ut
2188 544 2280 607 ita
2305 543 2506 609 dicam
2537 544 2733 626 ipsius
2760 545 2973 628 glories
3060 529 3065 535 ’

551 640 618 704 in
649 660 727 703 eo
757 641 1101 704 revelandae
1135 641 1468 707 stricturas
1503 664 1584 707 ex
1611 644 1811 724 ipsius
1844 664 1953 707 ore
1984 644 2319 707 emicantes
2352 643 2694 707 etiamnum
2720 666 2975 709 cernere

551 738 705 801 mihi
731 738 962 814 videor,
995 752 1062 802 et
1095 742 1398 819 supremis
1421 742 1676 805 vocibus
1711 743 1865 804 nihil
1914 742 2179 821 amplius
2208 742 2543 804 humanum
2588 744 2973 823 spirantibus

555 856 738 900 aures
769 858 920 901 meae
955 839 1156 902 adhuc
1195 846 1552 920 personant.
1660 840 1837 903 Hora
1884 840 2149 919 septima
2198 838 2465 903 deficere
2500 841 2709 921 coepit,
2742 850 2808 906 et
2834 843 2972 923 ejus

553 936 1022 1001 tabernaculum
1054 938 1346 1001 fatiscere
1373 937 1572 1002 visum
1607 944 1724 1013 est,
1760 938 1937 1001 nobis
1970 938 2253 1000 ultimum
2279 938 2417 1001 vale
2448 938 2631 1015 dixit,
2667 945 2733 1002 et
2762 960 2842 1003 ex
2873 940 2969 1003 in·-

551 1032 724 1098 timis
747 1034 1084 1099 visceribus
1107 1034 1246 1099 Deo
1279 1036 1748 1101 commendavit.
1850 1036 2147 1099 Precibus
2169 1036 2403 1099 nostris
2436 1036 2655 1100 coelum
2688 1058 2973 1116 perrum-

550 1131 775 1211 pimus,
811 1140 878 1196 et
909 1154 1047 1197 cum
1081 1133 1484 1197 Reverendus
1517 1134 1744 1197 Pastor
1774 1134 2159 1197 Bermrdus
2208 1134 2381 1197 illum
2432 1142 2730 1213 moneret,
2766 1141 2840 1198 ut
2871 1156 2966 1200 re-

552 1230 914 1294 cordaretur
944 1230 1290 1308 Concionis‚
1327 1252 1506 1312 quam
1555 1232 1837 1295 ultimam
1871 1233 2175 1296 habuerat
2206 1232 2288 1295 ad
2320 1233 2612 1313 populum
2646 1232 2747 1297 die
2779 1252 2968 1297 sacrae

553 1326 891 1407 synaxeos,
923 1329 990 1391 in
1045 1330 1177 1393 haec
1206 1331 1396 1394 verba
1422 1330 1621 1407 Pauli,
1658 1331 1906 1394 Eamus
1960 1333 2054 1393 ad
2106 1331 2405 1393 thronum
2448 1332 2701 1413 qratioe,
2752 1332 2965 1395 statim

553 1427 924 1491 exclamavit
969 1428 1226 1504 Noster,
1257 1429 1434 1508 quasi
1488 1429 1822 1509 impatiens
1878 1448 2085 1505 morae,
2118 1429 2387 1510 Eamus,
2439 1428 2707 1495 Eamus.
2812 1429 2967 1494 Haeo

557 1525 734 1589 dicta
765 1532 1093 1605 postqum
1114 1526 1378 1606 promsit
1411 1547 1446 1591 e
1473 1528 1703 1591 mentis
1737 1528 1893 1603 sinu,
1915 1526 2253 1607 tranquilla
2278 1546 2445 1591 mors
2477 1534 2553 1589 ut
2578 1547 2827 1591 somnus
2856 1530 2966 1591 ob-

549 1642 584 1685 r
597 1624 746 1703 epit,
781 1623 952 1687 nullo
984 1624 1259 1705 corporis
1289 1644 1602 1703 succussu,
1639 1626 1811 1688 nulla
1836 1626 1981 1703 oria,
2034 1625 2343 1691 oculorum
2373 1625 2765 1701 distorsione‚
2796 1625 2966 1690 nullo

565 1721 838 1801 pectoris
861 1722 1172 1803 singultu3
1207 1730 1341 1785 tum
1371 1723 1544 1787 lenta
1570 1724 1743 1787 letho
1772 1723 2004 1786 labitur
2034 1723 2243 1789 cervix
2270 1723 2441 1788 velut
2469 1724 2774 1788 desectum
2802 1725 2967 1789 olivo

559 1820 786 1896 lumen,
821 1827 930 1883 ant
961 1841 1249 1901 quassum
1277 1822 1450 1903 gravi
1483 1842 1757 1903 papaver
1786 1842 1935 1884 aura
1966 1822 2149 1885 molle
2178 1821 2456 1885 demittit
2484 1829 2689 1904 caput.

652 1918 760 1982 Sic
787 1918 946 1982 obiit
975 1918 1098 1981 Vir
1129 1919 1250 1983 iste
1295 1940 1552 2001 magnus
1601 1939 1796 1985 annos
1834 1922 1923 1983 64
1956 1927 2178 1995 natus3
2230 1920 2321 1983 sic
2353 1928 2655 1984 assertum
2688 1926 2757 1984 et
2783 1920 2959 1984 redo-

551 2023 769 2079 natum
803 2024 902 2080 est
947 2018 1154 2098 patrio
1186 2019 1339 2082 coelo
1369 2018 1576 2083 nobile
1603 2018 1759 2081 illud
1804 2019 2025 2100 pignus
2059 2038 2132 2082 ac
2163 2018 2508 2099 depositum
2540 2020 2701 2098 quod
2733 2020 2961 2083 nostris

549 2115 738 2179 terris
771 2116 1188 2180 commodarat
1233 2117 1426 2181 Deus.
1530 2118 1584 2180 Ο
1617 2124 1685 2183 te
1716 2118 1973 2195 felicem,
2009 2137 2048 2180 o
2073 2138 2187 2181 nos
2236 2116 2548 2181 infelices!
2652 2118 2751 2181 'Du
2798 2138 2961 2199 nunc

549 2214 712 2277 mole
742 2214 1018 2295 eorporis
1051 2215 1288 2279 solutus
1322 2216 1602 2281 coelestes
1635 2218 1819 2281 orbes
1868 2216 2281 2297 perambulas,
2316 2217 2503 2280 beato
2536 2215 2821 2279 Ooelitum
2854 2217 2959 2279 ad-

545 2312 816 2393 scriptus
851 2314 1040 2377 choro
1062 2314 1330 2377 humana
1361 2322 1587 2379 cuncta
1613 2315 1863 2397 temnis,
1896 2323 1961 2379 et
1990 2316 2107 2379 sub
2140 2322 2207 2379 te
2238 2314 2409 2379 vides
2442 2314 2682 2378 telluris
2714 2316 2956 2389 orbem3

553 2430 632 2474 ex
663 2411 898 2492 lugenti
927 2432 1146 2493 campo
1173 2414 1253 2476 ad
1285 2414 1727 2494 sempiternam
1756 2414 2159 2494 foelicitatem,
2182 2434 2262 2475 ex
2290 2410 2688 2475 mortalitatis
2712 2430 2959 2475 carcere

550 2510 633 2571 ad
654 2509 844 2571 vitam
876 2529 1010 2572 eam
1041 2510 1476 2591 commigrasti,
1498 2532 1632 2590 quae
1654 2532 1771 2574 nec
1798 2518 2145 2589 temporum
2170 2509 2374 2589 metis,
2408 2528 2519 2572 nec
2551 2509 2957 2575 beatitudinis

549 2607 730 2669 modo
771 2606 1332 2682 circumscribitur;
1384 2607 1522 2672 Nos
1553 2609 1620 2672 in
1654 2609 1769 2672 hac
1819 2607 2029 2671 mundi
2065 2608 2193 2688 pila
2223 2608 2437 2688 procul
2466 2627 2759 2690 vagamur
2786 2629 2827 2671 a
2854 2629 2955 2673 su-

549 2703 764 2784 pernis
793 2703 1061 2781 sedibus,
1095 2706 1422 2786 patrioque
1451 2707 1619 2772 coelo.
1725 2706 1821 2770 Tu
1851 2706 2113 2787 quiescis
2140 2707 2205 2769 in
2235 2707 2394 2769 vado
2420 2706 2779 2788 foelicitatis,
2830 2707 2955 2771 imo

535 2804 788 2866 functus
817 2803 932 2867 aevi
971 2823 1182 2868 errore
1201 2806 1335 2885 jam
1366 2812 1614 2885 portum
1647 2812 1827 2870 tenes
1857 2805 1963 2868 diu
1996 2805 2249 2870 fervidis
2279 2805 2556 2886 cupitum
2588 2805 2952 2880 vocatibus3

534 2899 676 2964 Nos
721 2901 893 2964 inter
933 2904 1257 2984 naufragia
1287 2911 1354 2967 et
1401 2904 1683 2984 scopulos
1714 2903 2049 2967 horrisonis
2082 2903 2392 2985 agitamur
2440 2903 2751 2984 procellis,
2787 2923 2953 2969 nnnc

529 2999 754 3063 timore
779 3000 1052 3080 penduli,
1087 3021 1252 3066 nunc
1285 3021 1394 3083 spe
1425 3008 1757 3066 tumentes.
1856 3003 1991 3066 Pax
2034 3009 2101 3066 te
2153 3004 2299 3066 beat
2342 3021 2637 3066 mansura
2684 3021 2945 3084 semper,

533 3096 669 3160 Nos
700 3098 930 3178 premit
961 3099 1104 3162 vitae
1138 3101 1310 3164 labes
1358 3121 1504 3164 mox
1557 3101 1869 3164 desiturae.
1970 3099 2145 3164 Mors
2174 3105 2289 3163 tua
2318 3101 2475 3182 fim‘s
2504 3109 2597 3163 est
2632 3101 2945 3176 &thou-um,

531 3197 814 3260 victoriae
837 3201 1474 3274 commmati0‚vitoe
1490 3201 1731 3284 janua,
1751 3200 2057 3283 persectoe
2073 3200 2435 3264 securitatis
2464 3201 2803 3284 inyressus,
2824 3220 2947 3263 non

533 3293 744 3358 exitus
791 3301 911 3377 est„
945 3295 1053 3360 sed
1095 3296 1176 3360 ad
1215 3296 1628 3361 aeternitatem
1678 3297 1999 3379 transitus,
2042 3305 2099 3359 οὗ
2134 3303 2301 3381 φθορὰ
2331 3303 2498 3360 ἀλλὰ
2530 3301 2677 3382 ζωῆς
2708 3305 2944 3384 ἀφορμή),

534 3399 628 3454 οὐκ
672 3400 991 3474 ἀφανισμὸς,
1034 3401 1201 3457 ἀλλὰ
1244 3398 1560 3470 μετάβασις
1592 3403 1720 3480 πρὸς
1770 3401 1925 3471 τιμὴν
1966 3405 2066 3458 κα)
2108 3402 2294 3480 δρόμος
2333 3402 2421 3456 ἐπὶ
2475 3403 2593 3466 τοὺς
2634 3404 2939 3479 στεφάνους.

535 3489 696 3554 Vita
718 3511 843 3572 qua
859 3492 992 3572 jam
1021 3493 1246 3556 frueris
1277 3502 1456 3556 certa
1489 3503 1580 3557 est
1611 3497 1939 3570 securitas,
1968 3515 2199 3558 secura
2230 3493 2709 3576 tranquillitas;
2761 3505 2945 3558 traw-

529 3589 740 3673 qwilla
757 3591 1086 3674 soelicitae‚
1102 3589 1297 3676 foelix
1329 3594 1679 3657 (eternitas,
1764 3593 1861 3655 At
1881 3591 2015 3656 vita
2048 3613 2229 3671 quam
2262 3593 2462 3658 adhuc
2484 3591 2766 3675 vivimus,
2794 3593 2945 3656 Vita

533 3697 626 3752 est
655 3691 872 3766 dubia,
903 3692 1038 3754 vita
1071 3711 1257 3767 coeca,
1287 3692 1428 3754 vita
1455 3711 1839 3766 aerumnosa,
1892 3711 2089 3773 quam
2120 3691 2415 3754 humores
2450 3692 2787 3768 tumidant,
2823 3693 2945 3754 do-

534 3786 700 3850 lores
730 3795 1094 3864 extenuant,
1139 3792 1415 3853 ardores
1461 3792 1805 3864 exsiccant,
1842 3799 2003 3852 ae‘ra
2046 3789 2436 3864 morbidant,
2494 3809 2649 3852 eecce
2692 3790 2940 3872 inflant,

516 3885 775 3968 jejunia
817 3895 1170 3968 macerant,
1207 3890 1350 3972 Joci
1383 3887 1753 3965 dissolvunt,
1805 3889 2079 3952 tristitiae
2126 3883 2523 3968 consumunt,
2554 3889 2943 3970 ‚sollicitudo

529 3990 840 4058 coarctat,
870 3985 1174 4046 securitas
1213 3987 1476 4060 hebetat,
1515 3987 1757 4050 divitica
1797 3989 2129 4070 jactitant,
2153 3995 2517 4070 paupertas
2545 3988 2778 4072 dejicit,
2822 3988 2944 4071 ju-

529 4087 748 4142 ventus
775 4081 1050 4155 emollit,
1084 4091 1362 4144 senectia
1379 4085 1699 4159 incurvat,
1726 4083 2069 4165 infirmitas
2082 4087 2362 4168 fiunyit.
2436 4083 2669 4149 Vivere
2696 4083 2939 4163 incipis,

527 4195 696 4240 mors
746 4177 908 4241 enim
939 4178 1072 4242 dies
1101 4183 1200 4242 est
1241 4177 1468 4242 natalis
1495 4200 1512 4252 ;
1566 4179 1703 4244 Nos
1734 4181 2029 4243 morimur
2060 4183 2127 4244 in
2178 4183 2331 4264 dies,
2364 4201 2477 4246 nec
2526 4183 2681 4245 mori
2716 4180 2940 4244 desini-

529 4293 686 4339 mus.
786 4273 940 4339 Cum
989 4276 1128 4340 Deo
1175 4283 1362 4359 atque
1420 4277 1685 4357 Angelis
1734 4278 2008 4342 exsultas
2058 4280 2355 4360 depositis
2402 4279 2590 4360 curis,
2614 4265 2941 4359 pulsoque

529 4373 696 4436 omni
725 4393 1024 4452 moerore3
1077 4375 1316 4440 Nostra
1365 4375 1695 4456 lachrymae
1750 4376 1981 4441 cadunt
2030 4397 2141 4457 per
2188 4397 2315 4454 ora,
2352 4383 2418 4440 et
2467 4376 2717 4440 assiduo
2763 4397 2937 4457 genae

525 4492 671 4536 rore
697 4471 1059 4554 irrigantur.
1163 4475 1217 4537 Ο
1247 4476 1452 4550 Pater,
1485 4475 1696 4551 Pater,
1730 4494 1948 4539 currus
1980 4475 2270 4540 Israelis!
2374 4474 2537 4551 Quid
2586 4493 2765 4554 agam
2793 4479 2940 4554 post

531 4577 644 4634 tua
695 4579 1009 4652 superstes
1059 4573 1236 4638 fatal
1337 4571 1514 4637 Mors
1559 4580 1661 4638 cst
1708 4580 1775 4637 et
1822 4575 1988 4638 omni
2037 4580 2237 4638 morte
2293 4573 2475 4654 pejus
2506 4573 2730 4649 virere,
2764 4579 2937 4654 post-

530 4690 712 4750 quam
745 4671 840 4736 tui
882 4691 1082 4741 careo.
1186 4671 1254 4738 N
1253 4693 1335 4738 on
1385 4672 1580 4754 igitur
1625 4673 1890 4755 amplius
1939 4679 2116 4737 tuum
2166 4671 2509 4738 contuebor
2535 4672 2793 4750 mltum,
2824 4691 2939 4735 nec
