3300 5225
547 371 668 429 274
1493 383 1675 428 Locus
1702 382 1971 426 rannus.
2514 360 2765 444 [Qumsr.
2794 383 2941 426 xxx.

547 537 822 607 tanquam
851 548 887 588 a
913 527 1194 606 principio
1222 536 1280 587 et
1307 547 1500 587 causa.
1544 528 1638 588 Ita
1666 527 1803 604 quia
1828 522 2133 602 Templum
2162 543 2361 584 sumus
2394 523 2647 600 Spiritus
2677 524 2757 600 S.,
2790 525 2938 588 Pau-

547 610 641 670 lus
669 608 894 686 colligit
918 609 1086 670 nobis
1113 628 1240 668 esse
1262 608 1701 686 glorificandum
1721 607 1924 666 Deum-
1938 605 2000 663 in
2022 623 2259 680 corpore
2284 611 2345 664 et
2372 604 2567 664 animo
2594 613 2791 664 nostro
2808 624 2941 682 quae

549 699 687 750 sunt
715 689 844 764 Dei,
879 691 910 747 1
935 689 1063 750 Cor.
1095 688 1174 748 vi.
1204 691 1322 765 203
1353 708 1525 766 quem
1555 688 1792 748 Deum?
1828 704 2037 762 nempe
2078 683 2245 744 illum
2286 684 2455 761 cnjus
2496 685 2803 761 Templum
2844 705 2939 746 su-

547 787 695 845 mus,
718 789 836 828 non
863 767 1228 828 excludendo
1255 767 1488 846 quidem
1507 768 1740 828 Patrem
1757 773 1816 825 et
1832 765 2066 838 Filium,
2087 764 2191 822 sed
2209 763 2562 823 oeconomice
2580 764 2943 842 designando

553 849 830 927 Spiritum
863 849 944 925 S.,
974 867 1147 926 quem
1187 849 1474 923 invocare,
1507 856 1596 906 est
1623 844 1963 924 glorificare.
2008 843 2183 904 Unde
2224 843 2362 902 Act.
2392 844 2471 904 iv.
2502 847 2597 922 24,
2628 847 2725 920 25,
2761 845 2940 922 Spiri-

548 936 644 991 tus
671 929 773 1006 qui
798 928 1058 1005 loquitur
1081 947 1186 1007 per
1213 929 1533 1005 Prophetas
1557 926 1863 984 invocatur
1902 924 1977 984 ab
2006 923 2286 999 Ecclesia,
2316 924 2577 1000 Domine,
2610 933 2671 984 tu
2696 945 2754 984 es
2780 927 2941 985 Deus

547 1009 641 1068 ille
667 1009 767 1086 qui
774 1008 968 1082 jecisti
989 1011 1182 1067 coelum
1209 1018 1263 1067 et
1287 1017 1516 1082 tem-am,
1548 1007 1648 1082 qui
1659 1025 1775 1081 per·
1800 1023 1862 1063 os
1887 1003 2133 1062 Davidis
2157 1003 2308 1063 sewi
2330 1004 2417 1064 tui
2432 1003 2630 1064 ᾱὲσῖειὶ
2638 1027 2665 1078 ;
2691 1023 2809 1081 quo
2836 1023 2939 1064 ex-

544 1089 737 1165 emplo
765 1096 826 1148 et
851 1095 1020 1146 vetus
1049 1087 1312 1146 Ecclesia
1339 1105 1564 1163 semper
1589 1104 1723 1144 eum
1756 1083 2068 1158 invocavit,
2096 1083 2316 1161 hymno
2342 1083 2417 1142 de
2448 1083 2669 1162 Spiritu
2700 1085 2779 1160 S.,
2804 1086 2947 1146 Veni

551 1167 798 1228 Creator
811 1167 1073 1243 Spiritus,
1106 1165 1234 1242 &c.,
1265 1167 1346 1226 Et
1377 1166 1583 1228 Gloria
1608 1165 1795 1241 Pam,
1826 1173 1881 1224 et
1904 1163 2075 1239 mio,
2104 1173 2160 1222 et
2181 1163 2427 1240 Spiritui
2448 1164 2530 1239 S.,
2560 1161 2671 1222 ἀΰ.

631 1247 812 1306 XVI.
846 1247 910 1305 Si
943 1247 1238 1324 Scriptura
1263 1246 1450 1306 rarius
1475 1244 1739 1304 meminit
1765 1243 2118 1305 adorationis
2147 1252 2209 1303 et
2225 1242 2416 1303 cultus
2442 1242 2691 1321 Spiritus
2722 1243 2939 1320 Sancti,

545 1323 658 1385 hoc
685 1346 804 1386 non
829 1325 982 1402 fecit,
1007 1326 1164 1404 quod
1191 1345 1310 1385 non
1337 1326 1414 1386 sit
1439 1323 1839 1386 coadorandus
1866 1343 1999 1384 cum
2029 1324 2201 1382 Patre
2230 1333 2289 1384 et
2316 1322 2504 1400 Fili03
2534 1343 2669 1382 nam
2694 1343 2813 1383 non
2840 1323 2939 1383 de·

547 1414 686 1466 sunt
711 1405 880 1466 istius
907 1405 1260 1466 adorationis
1286 1415 1574 1484 praecepta
1600 1414 1661 1466 et
1688 1404 1989 1483 exempla:
2036 1403 2155 1464 Sed
2180 1402 2319 1481 quia
2344 1402 2407 1462 in
2438 1403 2761 1464 oeconomia
2786 1404 2937 1464 salu-

546 1485 642 1560 tis,
673 1506 802 1562 quae
844 1485 1034 1545 ordini
1062 1486 1446 1546 Personarum
1477 1485 1806 1564 respondet,
1848 1493 1916 1546 ut
1944 1484 2121 1544 Pater
2159 1490 2428 1561 operatur
2466 1502 2571 1560 per
2604 1483 2837 1560 Filium,
2880 1493 2941 1544 et

547 1563 738 1625 Filius
763 1585 866 1643 per
897 1565 1176 1642 Spiritum
1207 1565 1266 1625 S.
1291 1588 1306 1642 ;
1352 1566 1447 1626 Ita
1487 1565 1675 1644 gloria
1702 1563 2058 1640 Divinitatis,
2099 1583 2230 1640 quse
2266 1571 2359 1622 est
2393 1582 2471 1621 ex
2510 1561 2861 1640 adoratione,
2904 1583 2941 1622 a

552 1643 772 1722 Spiritu
804 1645 864 1706 8.
893 1645 994 1724 qui
1031 1646 1248 1706 excitat
1284 1665 1487 1723 preces
1528 1646 1590 1704 in
1630 1644 1903 1704 cordibus
1930 1643 2241 1719 Fidelium,
2270 1662 2374 1721 per
2402 1642 2621 1703 Filium
2660 1651 2938 1719 tanquam

549 1723 932 1788 Mediatorem
977 1725 1054 1783 ad
1097 1725 1331 1786 Patrem
1377 1725 1637 1786 refertur.
1724 1725 1857 1784 Hac
1900 1723 1974 1784 de
2017 1742 2194 1782 causa
2235 1721 2575 1800 proponitur
2622 1723 2832 1800 saepius
2874 1733 2941 1783 ut

546 1805 757 1864 author
783 1813 842 1865 et
857 1805 1204 1882 prinmpium
1229 1824 1480 1882 precum,
1495 1805 1681 1882 'quam
1700 1813 1768 1865 ut
1794 1805 2058 1880 obiectum
2084 1802 2161 1862 ad
2181 1802 2339 1880 quod
2364 1801 2722 1879 dirigantur3
2748 1811 2814 1862 ut
2839 1803 2941 1862 ille

549 1884 653 1961 qui
692 1884 886 1962 potius
911 1885 1162 1960 invocat,
1193 1884 1256 1943 id
1282 1893 1372 1945 est
1397 1904 1504 1943 nos
1531 1885 1805 1944 invocare
1830 1882 1987 1958 facit,
2016 1901 2190 1960 quam
2218 1883 2319 1960 qui
2346 1881 2666 1942 invocetur.

925 2029 936 2040 ,
1150 1964 1369 2024 XVII.
1424 1967 1657 2024 Donum
1698 1964 1820 2023 Dea·
1878 1959 2109 2027 αἰπυδῦς
2162 1961 2525 2038 considerati,
2578 1981 2697 2021 non
2749 1968 2941 2039 potest

576 2028 992 2133 Fontoguffilutno-
1071 2063 1198 2104 esse
1244 2044 1445 2121 Deus;
1506 2043 1611 2102 sed
1653 2043 1801 2102 nihil
1854 2042 2064 2118 obstat,
2114 2042 2346 2101 Donum
2396 2041 2509 2100 Dei
2562 2042 2941 2119 personaliter

1071 2125 1285 2200 sumpti
1327 2143 1455 2184 esse
1501 2124 1816 2183 Personam
1857 2122 2133 2198 divinam,
2176 2121 2467 2198 quomodo
2514 2121 2795 2196 Christus,
2837 2122 2939 2199 qui

548 2216 640 2267 cst
669 2206 926 2266 Persona
951 2204 1168 2279 divina,
1199 2211 1442 2264 vocatur
1475 2210 1672 2263 tamen
1713 2202 1930 2262 donum
1959 2201 2091 2278 Dei,
2120 2202 2164 2261 J
2167 2202 2261 2262 oh.
2290 2201 2372 2260 iii.
2406 2202 2500 2276 16,
2530 2208 2590 2260 ct
2632 2201 2713 2259 iv.
2747 2204 2839 2276 10,
2880 2211 2942 2260 ct

549 2287 631 2346 Is.
661 2287 743 2344 ix.
774 2289 831 2344 6.
915 2285 1012 2344 Ita
1041 2283 1291 2361 Spiritus
1322 2282 1382 2342 8.
1410 2291 1605 2360 potest
1629 2283 1828 2342 vocari
1854 2281 2073 2342 donum
2101 2281 2232 2340 Dei.
2314 2281 2439 2340 Nec
2464 2287 2751 2357 repugnat
2790 2300 2938 2340 sem-

545 2386 667 2444 per,
711 2375 779 2426 ut
821 2365 1033 2443 aliquis
1076 2364 1168 2439 sit,
1215 2370 1276 2422 et
1319 2362 1552 2438 donum,
1599 2370 1659 2423 et
1702 2363 1949 2422 donator
1996 2360 2285 2440 suiipsius,
2332 2379 2464 2420 cum
2510 2359 2771 2420 Christus
2815 2361 2941 2438 ipse

547 2447 804 2524 seipsum
831 2445 932 2505 det
969 2463 1076 2522 pro
1113 2443 1301 2518 nobis,
1331 2449 1390 2502 et
1417 2441 1586 2502 nobis
1625 2442 1689 2502 in
1730 2442 2067 2502 alimentum
2108 2441 2246 2500 vites
2288 2448 2532 2514 aeternae,
2563 2438 2741 2500 Panis
2776 2459 2940 2516 quem

547 2547 650 2604 eqo
677 2527 842 2599 dabo,
877 2525 1035 2584 Caro
1061 2541 1188 2582 mea
1209 2531 1303 2598 est,
1334 2541 1506 2599 quam
1533 2541 1632 2600 eqo
1662 2523 1808 2582 dabo
1823 2542 1942 2598 pro
1968 2521 2169 2580 nitendi
2188 2521 2322 2595 vita,
2352 2519 2395 2580 J
2399 2519 2491 2578 oh.
2520 2518 2601 2578 vi.
2630 2521 2726 2578 51.

631 2603 883 2664 XVIII.
931 2603 996 2663 Si
1033 2601 1300 2680 quasdam
1328 2601 1675 2680 quandoque
1702 2600 2035 2662 tribuuntur
2065 2600 2306 2679 Spiritui
2338 2599 2396 2659 S.
2424 2618 2554 2677 quae
2582 2596 2775 2658 minus
2800 2618 2939 2658 con-

548 2704 756 2763 gruere
783 2684 1057 2743 videntur
1082 2700 1360 2759 personae,
1403 2689 1472 2741 ut
1497 2682 1656 2759 quod
1695 2700 1765 2741 eo
1792 2700 2093 2758 ungamur,
2123 2676 2482 2757 baptizemur,
2512 2686 2571 2737 et
2596 2682 2939 2755 repleamur,

547 2763 708 2842 quod
735 2764 1060 2840 qffimdatur
1087 2782 1122 2821 a
1150 2763 1278 2821 Deo
1311 2769 1370 2821 et
1397 2760 1565 2821 nobis
1593 2760 1795 2837 detu13
1839 2762 1952 2822 ista
1977 2761 2053 2819 de
2079 2760 2249 2819 donis
2276 2762 2404 2837 ejus
2436 2759 2497 2817 in
2526 2758 2694 2817 nobis
2726 2758 2939 2819 intelli-

549 2843 742 2923 genda
789 2850 956 2920 sunt;
1017 2841 1314 2919 supposita
1354 2849 1548 2901 tamen
1595 2842 1867 2901 Personae
1910 2842 2039 2919 ejus
2066 2840 2347 2900 veritate:
2410 2846 2470 2898 et
2514 2838 2777 2897 Christus
2822 2858 2943 2897 non

547 2924 741 2983 minus
769 2923 980 2983 dicitur
1018 2920 1199 2995 indui,
1229 2922 1423 2997 recipi,
1453 2920 1791 2981 manducari
1818 2940 1855 2981 a
1882 2920 2069 2997 nobis,
2108 2928 2168 2981 et
2194 2918 2363 2980 nobis
2390 2939 2426 2977 a
2455 2918 2585 2979 Deo
2611 2917 2755 2996 dari,
2798 2918 2943 2977 citra

551 3002 989 3063 Personalitatis
1017 3020 1138 3060 suae
1165 2999 1583 3078 praejudicium.

633 3082 823 3141 XIX.
867 3085 1114 3161 Magn-pua*
1159 3080 1424 3157 SpirituS,
1455 3079 1612 3139 Heb.
1646 3079 1707 3139 ii.
1736 3082 1793 3155 4,
1822 3098 1941 3139 non
1966 3087 2087 3141 tam
2120 3087 2327 3139 sonant
2352 3078 2580 3155 passive
2604 3075 2941 3155 partitiones

555 3162 822 3240 Spiritus,
845 3182 1019 3239 quam
1046 3160 1221 3220 active
1248 3158 1682 3219 distributiones
1710 3158 1992 3221 donorum
2019 3178 2264 3236 quorum
2290 3158 2359 3218 fit
2384 3158 2617 3233 menti0,
2642 3176 2771 3233 quse
2796 3156 2942 3215 fiunt

548 3263 588 3303 a
617 3241 836 3319 Spiritu
867 3242 926 3303 S.
956 3242 1058 3319 qui
1083 3240 1237 3299 dona
1278 3258 1383 3299 sua
1408 3237 1703 3299 distribuit
1730 3239 1941 3316 quibus
1976 3239 2122 3314 vult,
2147 3242 2178 3297 1
2210 3240 2340 3298 Cor.
2371 3237 2471 3296 xii.
2506 3240 2599 3295 11.
2645 3236 2809 3296 Licet
2850 3255 2937 3294 er-

549 3342 627 3399 go
655 3320 1120 3381 distributionem
1147 3319 1428 3377 donorum
1450 3318 1699 3396 Spiritus
1731 3319 1790 3379 S.
1820 3337 2220 3395 agnoscamus,
2244 3326 2439 3377 tamen
2467 3316 2649 3393 ipsius
2672 3317 2941 3375 Personae

553 3400 804 3479 Spiritus
825 3401 904 3477 S.,
924 3420 1054 3478 quse
1083 3398 1144 3458 in
1173 3418 1234 3459 se
1263 3398 1515 3459 indivisa
1534 3407 1641 3475 est,
1672 3407 1731 3459 et
1758 3398 1949 3459 divisa
1976 3418 2011 3457 a
2036 3398 2298 3475 quolibet
2324 3396 2457 3473 alie,
2481 3395 2826 3455 divisionem
2842 3403 2945 3455 aut

549 3481 918 3561 partitionem
945 3498 1242 3557 negamus.
2268 3488 2283 3508 ’-

633 3560 788 3621 XX.
833 3560 920 3621 Ut
961 3560 1208 3637 Spiritus
1257 3558 1504 3619 Sanetus
1545 3576 1698 3635 saepe
1750 3564 2005 3633 metony.
2048 3556 2282 3633 ponitur
2362 3576 2427 3613 ro
2471 3554 2641 3615 donis
2682 3553 2821 3629 suis,
2860 3553 2945 3613 ita

549 3640 761 3701 dieitur
788 3640 886 3699 vel
921 3639 1126 3717 augeri
1150 3638 1248 3697 vel
1274 3636 1473 3712 minui,
1504 3656 1622 3695 non
1659 3636 1881 3697 ratione
1920 3635 2204 3714 principii,
2249 3655 2278 3694 s
2384 3634 2667 3693 donorum
2706 3653 2837 3710 quae
2878 3633 2941 3691 in

548 3721 813 3781 homines
841 3718 1130 3779 diffundit.
1216 3718 1309 3775 Ita
1339 3718 1500 3777 Deus
1541 3716 1753 3777 dicitur
1780 3716 1853 3775 de
1897 3714 2101 3775 eodem
2146 3714 2381 3792 Spiritu,
2421 3732 2593 3789 quem
2622 3713 2945 3772 contulerat

551 3800 725 3875 Mosi,
755 3800 835 3857 id.
865 3818 942 3856 ex
968 3797 1176 3857 iisdem
1203 3795 1372 3855 donis
1399 3805 1459 3855 et
1487 3796 1707 3873 gratiis,
1731 3816 1861 3872 quae
1888 3802 2051 3855 erant
2077 3794 2415 3853 necessariae
2438 3792 2605 3870 Reip.
2624 3792 2711 3849 illi
2737 3810 2941 3867 regen·

551 3879 659 3953 dae,
691 3876 1016 3954 seposuisse
1045 3875 1203 3953 quod
1230 3876 1394 3934 daret
1421 3877 1500 3933 70
1532 3874 1885 3951 Senioribus,
1908 3883 1973 3935 ut
2000 3874 2062 3932 in
2104 3881 2327 3952 partem
2352 3872 2511 3931 illius
2538 3870 2945 3931 sollicitudinis

469 3960 472 3963 ’
551 3956 836 4029 venirent,
868 3955 1042 4014 Num.
1072 3955 1153 4014 xi.
1189 3958 1281 4014 17.
1329 3953 1582 4013 Elizaeus
1610 3956 1887 4031 duplicem
1914 3953 2189 4029 Spiritum
2214 3972 2319 4029 pro
2349 3970 2410 4010 se
2438 3951 2601 4028 petit,
2632 3955 2669 4009 2
2701 3950 2850 4025 Reg.
2880 3950 2943 4010 ii.

551 4038 608 4111 9,
639 4034 719 4093 id.
748 4034 1093 4093 charismata
1119 4032 1296 4109 duplo
1323 4032 1545 4109 majora
1571 4032 1644 4091 iis
1672 4054 1801 4110 quse
1842 4035 1904 4091 in
1930 4032 2061 4091 aliis
2090 4031 2395 4109 Prophetis
2423 4030 2602 4106 vulgo
2630 4030 2943 4089 cerneban-

549 4123 660 4189 tur,
690 4112 790 4171 vel
815 4111 1052 4190 duplam
1078 4112 1400 4190 portionem
1429 4110 1711 4171 donorum
1743 4112 2009 4190 Spiritus,
2032 4111 2111 4171 id.
2140 4130 2411 4188 magnam
2440 4110 2681 4186 copiam,
2712 4108 2787 4165 ad
2816 4128 2944 4169 sus·
2993 4164 3003 4173 .

549 4192 850 4253 tinendum
892 4210 1168 4267 magnum
1208 4199 1268 4249 et
1294 4190 1525 4249 difficile
1567 4210 1777 4251 munus
1804 4190 1963 4268 quod
2001 4190 2090 4250 illi
2126 4189 2597 4251 demandabatur.
2682 4187 2853 4261 Quod
2894 4188 2945 4247 si

550 4278 793 4331 vocatur
819 4272 995 4331 vir-tm
1023 4278 1083 4329 et
1107 4269 1338 4345 spiritus
1362 4270 1531 4346 Elae’oe,
1578 4271 1721 4329 Luc.
1752 4270 1789 4329 i.
1825 4275 1915 4346 17,
1946 4290 2063 4329 non
2091 4270 2459 4347 oriqt‘nalt'ter‚
2506 4267 2611 4329 sed
2656 4268 2947 4343 suly'ecabe

549 4350 662 4409 hoc
689 4359 779 4409 est
806 4350 1265 4427 intelligendum,
1296 4349 1433 4426 quia
1459 4350 1520 4407 in
1549 4350 1684 4408 Elia
1710 4350 2015 4411 residebat.

633 4429 824 4487 XXI.
867 4429 1060 4488 Verus
1073 4428 1252 4487 0Deus
1279 4448 1396 4488 non
1422 4438 1614 4506 potest
1654 4431 1799 4489 mitti
1834 4450 1937 4508 per
1964 4429 2275 4506 impostum,
2306 4427 2443 4506 quia
2484 4446 2546 4486 se
2590 4425 2943 4503 superiorem

549 4530 668 4569 non
698 4508 996 4586 agnoscit3
1042 4508 1147 4567 sed
1172 4517 1363 4587 potest
1404 4509 1554 4569 mitti
1594 4530 1699 4586 per
1725 4530 2062 4584 consensum,
2094 4509 2251 4586 quod
2278 4506 2677 4567 diversitatem
2704 4504 2943 4582 quidem

547 4590 722 4729 gfficii
749 4597 929 4683 notat,
961 4589 1064 4682 sed
1091 4609 1207 4647 non
1236 4588 1518 4649 essentiae.
1569 4588 1757 4651 Filius
1785 4598 1845 4650 et
1876 4588 2125 4669 Spiritus
2152 4589 2460 4649 mittuntur
2485 4584 2790 4663 posteriori
2817 4604 2943 4643 mo·-

587 4691 640 4745 o,
671 4690 789 4729 non
814 4688 1008 4749 priori.
2654 4696 2659 4702 ·
