3300 5225
381 367 611 420 eumer.
642 346 820 432 xxx]
1346 367 1428 412 ns
1455 369 1574 414 nno
1601 369 1742 430 mm,
1772 369 1850 412 m·
1877 370 2076 412 ramo.
2688 357 2801 413 271

385 529 552 570 mens
593 507 1080 570 Adversariorum
1119 511 1356 587 valeret,
1411 519 1534 572 tota
1589 509 1832 572 historia
1882 507 2244 589 Evangelica
2283 510 2343 569 in
2378 511 2613 590 jejunas
2668 514 2807 572 alle-

387 592 582 669 gorias
609 590 778 650 facile
819 597 1016 667 posset
1055 591 1466 668 transformari,
1511 601 1572 651 et
1610 610 1971 668 quaecunque
2012 591 2085 649 de
2116 591 2347 650 Christo
2376 593 2645 651 dicuntur
2684 594 2809 670 pari

385 671 562 730 modo
589 671 668 728 ad
693 671 970 728 virtutem
1015 670 1326 749 Sapientiae
1351 670 1671 730 transferri.
1714 675 1772 730 4.
1804 672 1971 730 Licet
1997 670 2263 748 quaedam
2303 672 2628 731 locutiones
2655 673 2806 750 figu-

385 759 528 810 ratae
557 759 926 809 occurrerent
953 749 1014 807 in
1047 750 1342 828 Scriptura
1367 759 1635 828 respectu
1661 769 1855 810 rerum
1880 751 2141 826 aliarum,
2162 769 2304 815 ‚non
2332 751 2610 828 sequitur,
2646 753 2807 830 quie-

387 829 532 908 quid
559 829 634 888 de
676 829 896 907 Spiritu
927 829 986 888 S.
1016 829 1252 906 legitur,
1279 829 1526 907 figurate
1555 837 1614 890 et
1652 849 1757 908 per
1782 830 2244 910 prosopopoeiam
2284 830 2499 890 debere
2538 831 2806 910 intelligi,

388 910 622 969 collatio
651 909 806 967 enim
831 909 1092 967 locorum
1122 909 1517 986 disparitatem
1543 909 1715 968 facile
1741 911 2012 969 ostendit.

471 990 584 1048 VI.
631 983 916 1063 Secundo,
949 987 1100 1064 Quia
1125 990 1466 1066 proponitur
1491 1007 1610 1048 non
1635 997 1863 1048 tantum
1882 997 1950 1048 ut
1966 988 2275 1048 distinctus
2302 1009 2337 1048 a
2355 989 2529 1049 Patre
2557 998 2617 1050 et
2634 989 2807 1068 Filio,

389 1068 498 1128 sed
539 1069 712 1128 etiam
741 1075 808 1127 ut
833 1068 998 1144 alius,
1029 1077 1090 1127 et
1115 1069 1331 1128 missus
1359 1067 1433 1128 ab
1460 1077 1725 1146 utroque,
1756 1069 1799 1127 J
1803 1089 1855 1127 0.
1876 1068 2001 1127 xiv.
2035 1071 2127 1144 16,
2158 1078 2218 1127 et
2242 1089 2347 1128 xv.
2377 1073 2473 1146 26,
2505 1079 2565 1130 et
2592 1072 2713 1130 xvi.
2746 1077 2803 1130 7.

390 1150 628 1224 Royabo
667 1149 920 1224 Patrem,
966 1157 1022 1206 et
1059 1148 1238 1207 alium
1279 1149 1646 1207 Paracletum
1687 1149 1845 1207 dabit
1878 1148 2048 1206 υοὸίς.
2132 1149 2317 1207 Nemo
2358 1159 2553 1208 autem
2593 1151 2809 1210 dixerit

390 1228 658 1306 aliquem,
691 1228 870 1286 alium
897 1246 934 1285 a
955 1227 1130 1287 Patre
1157 1223 1218 1286 et
1245 1228 1400 1286 Filio
1427 1227 1643 1303 vocari,
1676 1236 1737 1286 et
1762 1228 1836 1286 ab
1862 1227 1983 1285 illis
2008 1227 2177 1304 mitti,
2209 1228 2309 1306 qui
2336 1237 2531 1288 tamen
2554 1230 2811 1288 Persona.

390 1309 608 1385 pariter
635 1327 766 1366 cum
793 1307 936 1384 ipsis
959 1325 1080 1366 non
1121 1305 1312 1366 fuerit.
1397 1305 1574 1366 Adde
1605 1325 1818 1365 nomen
1858 1308 2153 1366 Paracleti
2189 1308 2348 1385 quod
2386 1309 2475 1366 illi
2516 1309 2805 1384 tribuitur,

387 1387 547 1464 quod
587 1396 654 1447 ut
681 1387 930 1445 officium
957 1385 1262 1464 personale
1299 1387 1364 1444 in
1391 1385 1622 1446 Christo
1662 1387 1869 1462 innuit,
1918 1388 1949 1445 1
1980 1387 2025 1447 J
2028 1408 2081 1447 0.
2123 1387 2185 1446 ii.
2231 1390 2284 1464 1,
2329 1397 2614 1463 quatenus
2656 1389 2811 1466 apud

391 1465 618 1527 Patrem
653 1466 1101 1525 Intercessorem
1130 1474 1191 1524 et
1220 1466 1538 1525 Patronum
1563 1475 1828 1526 nostrum
1856 1466 1998 1543 agit,
2032 1486 2267 1524 causam
2294 1475 2553 1526 nostram
2582 1466 2807 1546 discep-

387 1545 581 1620 tando,
625 1544 780 1604 idem
809 1545 984 1604 etiam
1011 1545 1188 1604 debet
1213 1555 1414 1604 notare
1441 1544 1502 1603 in
1535 1539 1755 1623 Spiritu
1788 1547 1847 1604 S.
1874 1555 1942 1605 ut
1982 1545 2060 1604 sit
2098 1546 2479 1624 personaliter
2520 1546 2711 1607 Patris
2752 1555 2812 1607 et

389 1625 528 1682 Filii
558 1625 894 1684 Paracletus
933 1625 1089 1702 apud
1117 1643 1242 1700 nos,
1286 1621 1350 1684 id
1375 1633 1468 1684 est
1492 1626 1786 1701 Interpres
1812 1643 2031 1700 eorum,
2078 1625 2407 1684 Consiliarii
2436 1634 2496 1685 et
2533 1628 2808 1686 Consola—

387 1705 530 1763 toris
557 1725 768 1764 munus
810 1705 872 1762 in
897 1705 1068 1764 nobis
1109 1703 1395 1765 obeund0.
1479 1704 1694 1780 Tertio,
1739 1705 1849 1764 hoc
1890 1704 2062 1764 docet
2097 1704 2363 1782 enallage
2404 1707 2651 1782 generis,
2696 1726 2812 1784 qua

386 1783 570 1842 utitur
600 1784 912 1860 Scriptura,
944 1780 1080 1843 dum
1111 1782 1371 1861 πηῦμωι,
1417 1783 1575 1862 quod
1615 1791 1705 1844 est
1732 1781 1995 1844 neutrius
2034 1785 2282 1862 generis,
2328 1786 2635 1863 conjungit
2674 1805 2807 1864 pro-

385 1881 598 1920 nomen
639 1864 1020 1922 masculinum
1047 1883 1307 1938 personne
1349 1864 1693 1923 denotandae
1732 1865 1921 1942 magis
1962 1865 2379 1926 accomodum:
2420 1865 2465 1924 J
2466 1885 2520 1924 o.
2564 1865 2669 1923 xvi
2714 1869 2809 1926 13.

389 1943 505 2000 ὅτι,
531 1939 640 2004 ’ἔλθη
669 1944 830 2006 ἐκεῖνος
857 1947 911 2000 τὶ
941 1950 1134 2018 πνεῦμα
1159 1949 1242 2007 τῆς
1271 1946 1512 2007 hanonie.
1597 1943 1677 2002 Et
1719 1944 1870 2020 Eph.
1898 1941 1938 2001 i.
1972 1947 2064 2019 13,
2101 1948 2193 2020 14,
2228 1944 2477 2003 dicimur
2515 1945 2813 2022 obsignari

389 2027 464 2098 τῇ
491 2021 736 2097 amimam
780 2023 908 2097 ἁγιῳ
938 2023 984 2086 ’ὅς
1011 2020 1137 2079 ἴση-ιι
1165 2025 1402 2102 ὰῤῥαβὸν,
1435 2023 1528 2096 dc.
1613 2021 1731 2080 Cur
1757 2022 1910 2080 enim
1937 2023 2075 2081 talis
2116 2024 2382 2100 enallage
2420 2033 2735 2100 usurpetur
2774 2045 2811 2084 a

393 2101 894 2194 Scriptura-causa
919 2102 1082 2160 nulla
1108 2102 1274 2160 reddi
1292 2108 1502 2179 potest,
1533 2099 1648 2159 nisi
1675 2109 1743 2160 ut
1768 2101 1985 2160 clarius
2014 2102 2281 2161 Persona
2324 2101 2575 2180 Spiritus
2607 2103 2667 2164 S.
2694 2104 2808 2164 hoc

385 2181 1060 2336 Pwiltilqessffugdfftgdia
1086 2259 1295 2336 aequali
1334 2265 1638 2336 potestate,
1670 2265 1731 2316 et
1769 2255 2117 2318 authoritate
2158 2277 2225 2317 ac
2252 2260 2467 2318 virtute
2508 2259 2572 2318 in
2613 2259 2809 2338 obsig-

387 2339 599 2398 nandis
624 2339 912 2414 fidelibus,
933 2349 990 2399 et
1018 2337 1380 2398 conferendis
1399 2336 1677 2395 Ecclesiae
1698 2335 1884 2412 bonis,
1906 2338 2195 2396 concurrit
2220 2357 2353 2396 cum
2373 2339 2547 2397 Patre
2565 2348 2625 2398 et
2636 2341 2807 2416 Filio,

389 2417 490 2495 qui
519 2417 842 2478 indubitate
871 2424 1007 2477 sunt
1035 2418 1306 2476 Personas
1334 2416 1648 2492 distinctae3
1692 2423 1760 2476 ut
1786 2423 1946 2494 patet
1986 2412 2047 2474 in
2077 2412 2363 2494 Baptismi
2390 2418 2637 2478 formula
2662 2439 2807 2497 prse-

389 2498 620 2574 scripta,
653 2499 824 2556 Matt.
854 2497 1062 2556 xxviii.
1098 2499 1190 2572 19,
1220 2493 1624 2555 benedictione
1653 2494 2012 2574 Apostolica,
2044 2501 2080 2554 2
2112 2497 2242 2556 Cor.
2272 2497 2397 2556 xiii.
2432 2501 2523 2574 14,
2557 2507 2615 2558 et
2642 2500 2805 2560 testi·

387 2577 656 2637 ficatione
685 2577 757 2637 de
787 2576 1034 2655 Christo,
1071 2579 1100 2635 1
1133 2577 1175 2637 J
1179 2593 1234 2635 0.
1263 2593 1322 2636 v.
1354 2577 1409 2653 ’1,
1440 2573 1599 2654 quod
1639 2573 1765 2636 fieri
1806 2593 1925 2635 non
1967 2583 2180 2655 posset,
2210 2575 2325 2635 nisi
2355 2577 2613 2639 Persona
2655 2588 2813 2640 esset

388 2658 464 2716 ab
491 2658 608 2716 illis
637 2657 926 2732 distincta,
957 2665 1016 2716 et
1041 2674 1174 2717 cum
1201 2656 1320 2715 illis
1360 2656 1622 2734 ejusdem
1649 2656 1999 2717 conditionis
2026 2666 2086 2717 et
2112 2656 2495 2717 authoritatis.
2580 2660 2809 2739 Excep-

387 2738 575 2797 tiones
605 2737 1088 2796 Adversariorum
1117 2754 1293 2814 supra
1319 2745 1456 2795 sunt
1483 2735 1777 2813 discussae,
1810 2734 2141 2812 Quaestione
2170 2737 2243 2795 de
2275 2738 2567 2797 Trinitate.

469 2816 652 2877 VIII.
697 2817 932 2893 Quarto,
965 2817 1114 2891 Quia
1143 2817 1253 2877 sub
1281 2816 1472 2894 specie
1499 2816 1721 2875 visibili
1749 2818 2030 2895 apparuit,
2060 2825 2129 2877 ut
2168 2816 2229 2874 in
2260 2817 2565 2894 Baptismo
2594 2818 2811 2878 Christi

390 2896 498 2955 sub
529 2896 720 2975 specie
749 2897 1046 2973 columbae,
1082 2897 1252 2956 Matt.
1282 2896 1364 2956 iii.
1397 2898 1492 2973 16,
1521 2904 1582 2955 et
1623 2893 1718 2955 die
1749 2896 2122 2957 Pentecostes
2148 2897 2211 2955 in
2240 2897 2431 2974 specie
2458 2898 2805 2976 linguarum,

387 2996 518 3055 quae
539 2978 682 3035 visae
710 2986 846 3037 sunt
873 2975 1176 3053 Apostolis
1204 2976 1520 3053 dispertitae
1547 2976 1732 3035 instar
1756 2976 1911 3054 ignis
1938 2976 2242 3053 insidentis
2271 2996 2445 3054 super
2470 2976 2807 3055 Apostolos,

389 3056 525 3115 Act.
555 3057 616 3115 ii.
647 3060 702 3115 3.
789 3057 1174 3115 Personarum
1218 3065 1324 3131 est,
1357 3074 1474 3115 non
1512 3055 1919 3115 attributorum
1962 3064 2063 3116 aut
2105 3057 2506 3131 accidentium,
2549 3058 2811 3117 visibiles

387 3136 1163 3290 22302323532333'5‘ffi’.
1179 3134 1470 3290 {3533
1484 3136 1592 3272 33¹.
1609 3134 2061 3273 fflsseffffifadss
2087 3136 2611 3293 fflfflz‘sssss
2637 3138 2813 3275 ..1ssss

388 3294 666 3351 virtutem
705 3312 808 3369 per
833 3292 1127 3351 visibilem
1155 3292 1397 3350 formam
1439 3311 1502 3351 se
1543 3293 2010 3370 conspiciendam
2036 3261 2370 3372 praebuisse.
2454 3295 2576 3355 Nec
2604 3297 2806 3374 reponi

388 3372 563 3431 debet
588 3391 706 3430 non
733 3390 902 3430 omne
931 3371 1090 3448 quod
1117 3379 1370 3449 apparet,
1401 3390 1506 3449 per
1547 3390 1610 3431 se
1639 3373 1964 3432 subsistens
1990 3392 2136 3449 esse,
2168 3373 2454 3450 siquidem
2483 3376 2807 3435 accidentia

389 3460 682 3528 apparent,
713 3471 819 3509 nec
847 3461 1040 3510 tamen
1068 3471 1174 3529 per
1201 3470 1264 3509 se
1292 3450 1634 3510 subsistunt.
1719 3450 1869 3511 Nam
1913 3451 2053 3511 licet
2094 3462 2313 3512 certum
2359 3454 2435 3511 sit
2481 3454 2805 3513 accidentia

387 3531 716 3590 immediate
743 3531 805 3588 in
833 3532 1032 3591 oculos
1059 3532 1369 3607 incurrere,
1400 3539 1735 3607 supponunt
1774 3539 1971 3590 tamen
2014 3550 2239 3608 semper
2278 3552 2400 3590 rem
2428 3531 2798 3609 substratam,

387 3620 490 3671 aut
518 3612 848 3670 Personam.
934 3610 1108 3672 Unde
1150 3610 1260 3671 sub
1310 3610 1499 3688 specie
1542 3608 1659 3669 ista
1694 3610 1931 3687 visibili,
1976 3610 2211 3686 aliquod
2255 3610 2576 3669 subsistens
2621 3611 2802 3670 fuisse

386 3700 629 3768 oportet,
657 3691 816 3767 quod
841 3698 1041 3751 textus
1073 3690 1350 3768 Spiritum
1382 3689 1661 3750 Sanctum
1700 3688 1879 3748 fuisse
1906 3690 2129 3766 asserit,
2158 3696 2219 3749 et
2244 3708 2280 3748 a
2308 3690 2579 3749 Personis
2609 3688 2803 3750 Patris

385 3779 446 3829 et
473 3770 613 3827 Filii
638 3770 700 3827 in
729 3771 1030 3848 Baptismo
1077 3768 1402 3830 Servatoris
1443 3786 1719 3846 expresse
1762 3767 2091 3845 distinguit.
2174 3769 2297 3827 Nec
2326 3768 2442 3827 dici
2466 3777 2659 3846 potest
2685 3770 2795 3829 lin-

383 3849 867 3989 ffizzssffm‘}
894 3850 1147 4008 ἓξὲξ
1173 3848 2799 4006 {²33313253223522ffl5fflgemam&

385 4011 604 4087 linquis,
625 4019 809 4087 prout
831 4011 1082 4087 Spiritu
1108 4010 1209 4069 ille
1236 4010 1492 4085 Sanctus,
1523 4027 1640 4086 quo
1669 4017 1833 4067 erant
1858 3974 2083 4086 repleti,
2115 4010 2289 4068 dabat
2312 4010 2423 4068 alis
2450 4012 2617 4087 loqui,
2648 4032 2706 4070 v.
2736 4014 2797 4071 4.

467 4090 587 4148 IX.
632 4088 864 4166 Quinte,
886 4091 1034 4165 Quia
1059 4090 1120 4148 in
1152 4088 1430 4167 Spiritum
1454 4088 1730 4149 Sanctum
1756 4097 2053 4166 peccatur;
2096 4089 2231 4148 hinc
2258 4090 2475 4149 mentio
2501 4091 2569 4151 fit
2587 4090 2799 4151 Israel-

382 4168 596 4229 itarum
622 4170 724 4247 qui
752 4170 1170 4230 exacerbarunt
1195 4168 1472 4248 Spiritum
1493 4166 1846 4245 Sanctitatis,
1870 4169 1949 4229 Is.
1978 4168 2125 4227 lxiii.
2148 4172 2240 4245 10,
2261 4177 2321 4228 et
2335 4168 2707 4247 blasphemiae
2734 4169 2797 4230 in

386 4250 667 4328 'Spiritum
713 4250 773 4310 S.
802 4258 1077 4329 tanquam
1104 4250 1327 4327 peccati
1354 4246 1785 4325 irremissibilis,
1830 4248 2042 4308 Matth.
2072 4250 2175 4309 xii.
2205 4252 2301 4325 31,
2333 4253 2430 4327 32,
2460 4259 2520 4310 et
2547 4249 2798 4311 Ananias

382 4338 444 4389 et
475 4330 789 4408 Sapphirae‚
820 4331 922 4408 qui
945 4330 1178 4389 mentiri
1203 4330 1474 4389 dicuntur
1517 4328 1759 4407 Spiritui
1803 4329 2033 4405 Sancto,
2065 4330 2201 4389 Act.
2230 4349 2289 4388 v.
2320 4333 2375 4405 3,
2418 4330 2799 4411 undestatim

381 4428 584 4487 poenas
625 4410 909 4470 dederunt
949 4410 1040 4470 sui
1084 4409 1358 4470 criminis.
1443 4411 1506 4469 Is
1549 4419 1745 4469 autem
1786 4408 2067 4469 adversus
2108 4428 2279 4488 quem
2321 4428 2643 4487 peccamus,
2679 4430 2797 4469 non

380 4497 574 4566 potest
599 4509 718 4548 non
746 4509 874 4549 esse
904 4492 1162 4550 Persona
1187 4490 1405 4550 divina.
1489 4488 1642 4547 Nam
1668 4498 1737 4549 ut
1778 4488 1935 4549 solus
1966 4488 2127 4547 Deus
2167 4497 2257 4548 est
2284 4490 2576 4566 objectum
2606 4491 2797 4549 cultus

383 4576 444 4628 et
470 4568 856 4647 adorationis3
902 4571 996 4630 Ita
1021 4570 1251 4648 proprie
1277 4579 1338 4629 et
1363 4570 1628 4630 ultimate
1670 4568 1828 4629 solus
1856 4578 1945 4629 est
1982 4569 2207 4647 peccati
2234 4568 2543 4647 objectum,
2629 4568 2707 4627 Et
2734 4576 2801 4627 ut

380 4646 742 4726 blasphemia
767 4669 898 4727 quae
925 4651 988 4709 in
1011 4650 1242 4711 Patrem
1269 4658 1329 4709 et
1347 4648 1563 4713 Filium
1591 4648 1877 4727 dirigitur,
1908 4648 2182 4728 supponit
2208 4666 2309 4708 eos
2334 4666 2463 4707 esse
2481 4648 2797 4723 Personas;
