3300 5225
1149 324 1412 373 oRA‘mo
1447 326 1820 373 FUNEBRIS.
2488 313 2690 377 xxxiii

261 489 510 571 aliquid
539 488 842 571 inclytum
873 489 1281 571 designavit.”
1365 488 1498 552 Hos
1527 487 1757 570 ingenii
1788 489 2106 571 igniculos,
2134 498 2201 555 et
2227 492 2359 555 haec
2382 490 2684 554 virtutum

263 588 610 653 seminaria
657 608 774 669 pro
824 608 938 651 sua
985 588 1328 671 sagacitate
1377 586 1655 668 apprime
1704 588 1985 668 percepit
2014 588 2420 653 Vener-andus
2458 588 2683 653 Nostri

263 687 616 750 Francisci
658 706 920 767 parens3
973 687 1127 749 Cum
1161 686 1322 750 enim
1357 686 1537 749 morti
1589 686 1907 767 proximus
1936 694 2119 765 esset,
2150 694 2217 751 et
2247 691 2377 752 fere
2416 689 2552 769 jam
2582 708 2684 751 su-

263 805 493 865 premo
528 791 768 847 erraret
811 785 879 847 in
911 806 1017 849 ore
1057 785 1334 866 spiritus,
1367 804 1439 848 ac
1473 784 1608 864 ejus
1647 782 1811 847 lecto
1850 784 2125 849 delectus
2158 793 2371 850 noster
2401 786 2687 850 admotus

263 883 519 958 fuisset,
576 882 654 945 de
700 903 776 946 eo
822 891 1102 948 sanctum
1153 882 1324 946 illum
1355 882 1599 957 Virum,
1654 882 1935 947 dicamne
1969 883 2219 962 Vatem,
2264 884 2481 948 seriori
2530 904 2683 965 rogo

267 982 552 1062 dignum,
595 981 729 1044 haec
759 984 950 1045 verba
985 982 1317 1061 protulisse
1349 980 1526 1044 nobis
1558 980 1863 1055 relatum3
1914 982 2046 1044 Hic
2077 982 2294 1064 sigillo
2326 983 2452 1046 Dei
2480 985 2685 1065 obsig-

265 1088 479 1142 natus
501 1087 612 1142 est.
681 1078 788 1142 Ita
812 1081 1200 1143 Athanasius
1221 1100 1261 1142 a
1281 1080 1512 1143 teneris
1537 1077 1969 1142 Alexandrino
1998 1079 2309 1163 Episcopo
2334 1080 2685 1161 suspicandi

267 1177 456 1240 dedit
488 1177 690 1241 10011111
722 1180 856 1241 fore
887 1178 1214 1258 aliquando
1240 1175 1544 1258 insignem
1576 1177 1781 1258 gregis
1806 1177 2111 1240 Dominici
2142 1177 2485 1255 Pastorem,
2520 1186 2587 1242 et
2618 1180 2687 1241 in

267 1274 504 1339 Basilii
536 1277 741 1356 magni
773 1283 961 1340 aetate
987 1277 1207 1357 prima,
1239 1275 1516 1339 florentis
1559 1275 1789 1357 ingenii
1824 1281 2177 1355 sanctaeque
2229 1276 2481 1357 pietatis
2511 1276 2685 1357 ignes

265 1374 371 1437 ita
395 1373 720 1438 emicuisse
749 1374 1029 1457 legimus,
1061 1382 1134 1437 ut
1157 1375 1552 1440 Sacerdotem
1581 1375 1746 1437 inter
1772 1372 2153 1438 Christianos
2184 1373 2291 1436 (1111
2313 1378 2459 1437 ante
2484 1394 2686 1438 sacer-

267 1472 522 1536 dotium
549 1473 737 1536 fuisse
767 1473 997 1537 dixerit
1030 1495 1154 1538 11011
1189 1495 1385 1538 1101110.

375 1569 732 1633 ΡΕΒΑΟΤΙΒ
765 1571 1002 1652 aliquot
1031 1573 1314 1653 pueritiae
1347 1571 1542 1647 anniS,
1575 1576 1642 1635 et
1675 1571 1891 1653 primis
1920 1572 2241 1635 literarum
2275 1570 2513 1651 spatiis,
2550 1592 2687 1651 quae

269 1668 606 1732 fastidiosa
635 1669 914 1733 oratione
944 1671 1232 1751 prosequi
1265 1691 1387 1733 non
1421 1677 1520 1733 est
1553 1670 1815 1753 animus,
1866 1671 2233 1734 scholastico
2275 1671 2523 1751 pulvere
2553 1670 2688 1735 feli-

271 1767 440 1832 citer
455 1787 730 1842 excusso,
752 1768 1134 1848 publicarum
1151 1767 1482 1833 lectionum
1500 1768 1768 1844 auditor,
1790 1775 1856 1833 et
1872 1768 2438 1849 Philosophicarum
2459 1768 2688 1831 artium

277 1870 530 1938 ἀσκητὴς
560 1867 764 1929 factus
792 1872 906 1929 est.
990 1865 1128 1942 Qua
1155 1874 1292 1931 erat
1324 1865 1553 1948 ingenii
1602 1862 1944 1949 faelicitate,
1974 1887 2081 1931 eos
2115 1873 2265 1930 tunc
2292 1868 2512 1931 fecisse
2544 1887 2686 1948 pro-

277 1982 550 2044 gressus,
575 1964 679 2043 qui
709 1964 1013 2045 prolixam
1041 1985 1298 2029 messem
1328 1964 1733 2045 spondebant,
1766 1967 1843 2028 ab
1874 1964 1995 2028 illis
2020 1965 2385 2044 accepimus,
2414 1966 2518 2045 qui
2550 1985 2689 2029 cum

279 2082 357 2125 eo
377 2064 683 2126 vacabant
704 2062 947 2138 studiis,
977 2070 1044 2125 et
1073 2084 1224 2143 quos
1249 2064 1450 2126 adhuc
1471 2063 1676 2126 vivere
1704 2070 1933 2126 nostrae
1958 2062 2254 2127 Ecclesiae
2284 2063 2685 2143 gratulamur,

280 2160 454 2224 inter
492 2180 644 2240 quos
692 2160 924 2224 eminet
954 2159 1362 2225 Venerandus
1393 2160 1669 2223 Carolus
1708 2182 1755 2223 a
1782 2160 2027 2235 Fumo,
2059 2160 2563 2239 vigilantissimus
2614 2181 2686 2224 ac

277 2236 712 2322 meritissimus
777 2258 1205 2333 Ecclesiastes,
1271 2278 1562 2321 canorum
1627 2257 1995 2333 reverentia,
2062 2256 2334 2336 pectoris
2401 2259 2685 2333 candore,

277 2354 564 2419 laborum
613 2356 932 2437 patientia,
966 2378 1080 2421 nec
1108 2356 1346 2439 vulgari
1375 2354 1744 2431 eruditione,
1794 2354 2073 2435 insignis,
2103 2374 2284 2434 quem
2314 2356 2549 2419 diserto
2580 2376 2689 2421 ore

281 2475 398 2519 1100
428 2464 786 2519 senescente
820 2456 1109 2520 facundia
1157 2455 1619 2519 concionantem
1670 2474 1742 2517 ac
1792 2452 2035 2534 pulpita
2077 2460 2292 2517 nostra
2341 2454 2689 2534 pulsantem

281 2554 600 2616 miramur.
703 2552 956 2617 Nullam
1007 2560 1248 2636 partem
1286 2554 1609 2619 literarum
1647 2560 1861 2617 noster
1889 2561 2204 2638 aetnaeis-nc
2248 2552 2550 2622 intactam
2580 2561 2690 2619 aut

280 2651 675 2732 inexpertam
705 2653 1112 2733 relinquebat,
1145 2654 1254 2716 sed
1293 2653 1536 2716 curiosa
1575 2651 1969 2732 indagatione
1998 2651 2203 2720 omnia
2228 2652 2592 2728 rimabatur,
2626 2660 2692 2716 et

281 2750 568 2814 manibus
617 2750 808 2815 libros
857 2751 1209 2816 adolescens
1258 2749 1565 2815 veteranis
1614 2749 1973 2824 evolvebat;
2025 2749 2115 2814 sic
2165 2751 2403 2813 ambitu
2450 2750 2691 2818 fervido

283 2867 578 2929 suprema
603 2848 852 2913 laudum
885 2851 1178 2932 surgebat
1211 2851 1290 2912 ad
1319 2849 1655 2922 cacumina,
1707 2848 1885 2930 longe
1916 2868 2162 2911 suorum
2193 2855 2337 2912 vota
2368 2848 2428 2912 vi
2463 2849 2691 2913 mentis

283 2967 608 3027 superans,
661 2954 728 3010 et
776 2947 958 3012 factis
1007 2950 1274 3028 probans
1304 2947 1634 3012 velociores
1686 2965 1821 3012 esse
1871 2946 2096 3011 mentis
2146 2946 2297 3025 vias,
2351 2968 2532 3028 quam
2585 2948 2687 3028 qui

282 3045 485 3108 citato
518 3045 782 3108 volvitur
816 3046 946 3110 dies
979 3047 1196 3129 gradu.

391 3143 686 3206 EMENso
725 3145 1010 3208 foeliciter
1037 3141 1468 3226 Philosophico
1501 3145 1721 3222 stadio,
1754 3143 2101 3227 Theologiae
2132 3165 2199 3210 se
2226 3151 2427 3209 totum
2459 3147 2690 3211 manci-

281 3241 476 3322 pavit.
579 3241 860 3306 Summos
893 3244 1075 3318 viros,
1107 3250 1173 3307 et
1215 3251 1351 3308 toto
1396 3245 1549 3309 orbe
1589 3244 2103 3328 celebratissimos
2150 3245 2373 3308 habuit
2420 3265 2694 3326 praecep-

279 3345 489 3415 tores3
570 3339 937 3404 Johannem
993 3343 1354 3407 Deodatum
1415 3363 1707 3426 magnum
1772 3342 1943 3406 illum
2007 3342 2400 3428 Theologum‚
2465 3344 2572 3424 qui
2629 3345 2696 3411 in

285 3437 540 3518 Synodo
569 3438 1060 3517 Dordrechtana,
1099 3462 1220 3521 qua
1248 3441 1420 3504 nulla
1443 3443 1566 3505 fuit
1600 3462 1638 3504 a
1671 3441 1882 3504 multis
1912 3447 2083 3504 retro
2118 3442 2338 3506 seculis
2373 3442 2693 3520 celebrior,

283 3541 388 3598 tot
420 3535 642 3599 habuit
671 3557 796 3600 suae
825 3539 1190 3604 eruditionis
1219 3560 1291 3602 ac
1326 3540 1570 3603 subacti
1593 3539 1836 3619 judicii,
1872 3546 1938 3601 et
1967 3540 2196 3602 excelsi
2238 3539 2468 3618 ingenii
2498 3546 2693 3604 testes

285 3639 354 3696 et
389 3635 590 3711 tubas,
627 3642 779 3715 quot
808 3636 1142 3721 auditores,
1173 3657 1245 3700 ac
1289 3638 1356 3699 in
1389 3637 1709 3701 Conventa
1758 3634 2157 3698 Salmuriensi
2207 3634 2441 3698 animos
2471 3635 2696 3702 nimius

284 3733 754 3797 effervescentes
785 3735 878 3797 ita
908 3735 1356 3815 tranquillavit,
1389 3740 1464 3796 ut
1496 3731 1745 3813 Regina
1778 3730 2117 3795 Galliarum
2155 3732 2276 3812 ipsi
2311 3752 2423 3796 suo
2452 3735 2698 3802 nomine

285 3829 524 3912 gratias
564 3832 662 3913 agi
703 3851 828 3895 11011
879 3833 1066 3896 semel
1094 3832 1394 3905 voluerit3
1451 3829 1642 3911 Cujus
1694 3829 2032 3893 amicitiam
2082 3830 2403 3912 Principes
2458 3833 2573 3898 viri
2625 3857 2700 3902 ac

283 3929 616 4010 purpurati
647 3949 758 3994 suo
787 3931 1036 3995 verendi
1067 3930 1298 3994 murice
1327 3936 1728 4012 exoptarunt,
1763 3934 1829 3994 et
1854 3949 2009 4009 opus
2040 3930 2107 3992 in
2140 3951 2382 3997 sacrum
2413 3932 2699 4001 Codicem

289 4026 736 4092 monimentum
759 4035 857 4092 est
887 4049 1008 4092 aere
1036 4029 1410 4110 perennius:
1472 4029 1869 4095 Theodoram
1898 4027 2343 4106 Tronchinum,
2370 4031 2476 4111 qui
2509 4032 2697 4097 etiam

291 4124 460 4188 inter
489 4125 925 4190 Dordracenos
958 4127 1179 4191 Patres
1209 4133 1450 4192 tantam
1493 4128 1570 4191 de
1604 4148 1671 4192 se
1703 4127 2221 4194 existimationem
2262 4130 2581 4207 excitavit,
2626 4139 2701 4195 ut

292 4224 514 4286 summi
566 4224 862 4307 Theologi
895 4245 1118 4289 nomen
1146 4228 1459 4303 meruerit,
1495 4233 1560 4292 et
1593 4225 1771 4306 cujus
1800 4226 1933 4288 laus
1968 4245 2091 4289 non
2123 4227 2337 4290 infima
2365 4233 2463 4293 est
2490 4229 2700 4294 fortis-

293 4320 452 4384 simo
483 4323 760 4388 Rohano
789 4323 1132 4403 placuisse3
1187 4325 1498 4389 Veritatis
1527 4331 1897 4389 assertorem
1926 4325 2310 4402 acerrimum,
2347 4326 2451 4406 qui
2484 4327 2701 4391 adver-

295 4438 402 4482 sus
433 4418 738 4484 Cotonum
773 4422 1072 4486 calamum
1108 4423 1308 4488 vivide
1339 4423 1634 4498 strinxit3
1687 4421 1910 4486 Senem
1954 4422 2221 4499 beatum,
2266 4445 2446 4504 quem
2478 4425 2559 4487 ad
2607 4423 2700 4486 ul-

295 4516 514 4580 timam
537 4519 828 4584 canitiem
857 4541 1004 4585 rara
1028 4522 1348 4588 foelicitate
1369 4523 1580 4589 videre
1603 4521 1819 4584 laetata
1840 4526 1937 4584 est
1968 4521 2221 4584 Geneva
2245 4521 2477 4589 ordinis
2504 4521 2700 4587 nostri

295 4613 486 4681 decus
513 4616 774 4696 illustre,
806 4625 872 4684 et
899 4641 1092 4688 saera)
1120 4623 1379 4702 pharum
1409 4623 1705 4702 juventae,
1737 4639 2037 4703 quemque
2066 4626 2489 4686 renascentem
2520 4639 2700 4687 vene·
