<?xml version="1.0" encoding="UTF-8"?>
<!DOCTYPE html PUBLIC "-//W3C//DTD XHTML 1.0 Transitional//EN"
    "http://www.w3.org/TR/xhtml1/DTD/xhtml1-transitional.dtd">
<html xmlns="http://www.w3.org/1999/xhtml" xml:lang="en" lang="en">
 <head>
  <title>
</title>
<meta http-equiv="Content-Type" content="text/html;charset=utf-8" />
  <meta name='ocr-system' content='tesseract 3.04.00' />
  <meta name='ocr-capabilities' content='ocr_page ocr_carea ocr_par ocr_line ocrx_word'/>
</head>
<body>
  <div class='ocr_page' id='page_1' title='image "./institutiotheol00turrgoog_0306.png"; bbox 0 0 3300 5225; ppageno 0'>
   <div class='ocr_carea' id='block_1_1' title="bbox 476 317 2880 401">
    <p class='ocr_par' dir='ltr' id='par_1_1' title="bbox 476 317 2880 401">
     <span class='ocr_line' id='line_1_1' title="bbox 476 317 2880 401; baseline 0.005 -27"><span class='ocrx_word' id='word_1_1' title='bbox 476 317 597 375; x_wconf 80' lang='lat'><strong>254</strong></span> <span class='ocrx_word' id='word_1_2' title='bbox 1398 335 1409 352; x_wconf 63' lang='lat'>⁸</span> <span class='ocrx_word' id='word_1_3' title='bbox 1447 337 1630 378; x_wconf 75' lang='lat' dir='ltr'><strong>Locus</strong></span> <span class='ocrx_word' id='word_1_4' title='bbox 1659 337 1928 379; x_wconf 75' lang='lat' dir='ltr'><strong>rannus.</strong></span> <span class='ocrx_word' id='word_1_5' title='bbox 2375 319 2634 401; x_wconf 64' lang='lat' dir='ltr'><strong>[otmar.</strong></span> <span class='ocrx_word' id='word_1_6' title='bbox 2663 343 2880 386; x_wconf 82' lang='lat' dir='ltr'><strong>xxvm.</strong></span> 
     </span>
    </p>
   </div>
   <div class='ocr_carea' id='block_1_2' title="bbox 468 474 2885 2630">
    <p class='ocr_par' dir='ltr' id='par_1_2' title="bbox 472 474 2878 630">
     <span class='ocr_line' id='line_1_2' title="bbox 472 474 2878 558; baseline 0.005 -24"><span class='ocrx_word' id='word_1_7' title='bbox 472 493 589 552; x_wconf 89' lang='lat' dir='ltr'><strong>quo</strong></span> <span class='ocrx_word' id='word_1_8' title='bbox 620 491 793 533; x_wconf 88' lang='lat' dir='ltr'><strong>sensu</strong></span> <span class='ocrx_word' id='word_1_9' title='bbox 820 493 937 533; x_wconf 89' lang='lat' dir='ltr'><strong>non</strong></span> <span class='ocrx_word' id='word_1_10' title='bbox 962 474 1152 552; x_wconf 86' lang='lat' dir='ltr'><strong>potuit</strong></span> <span class='ocrx_word' id='word_1_11' title='bbox 1180 494 1306 534; x_wconf 87' lang='lat' dir='ltr'><strong>esse</strong></span> <span class='ocrx_word' id='word_1_12' title='bbox 1334 494 1580 553; x_wconf 84' lang='lat' dir='ltr'><strong>persona</strong></span> <span class='ocrx_word' id='word_1_13' title='bbox 1604 477 1708 536; x_wconf 91' lang='lat' dir='ltr'><strong>illa</strong></span> <span class='ocrx_word' id='word_1_14' title='bbox 1745 477 1902 555; x_wconf 90' lang='lat' dir='ltr'><strong>apud</strong></span> <span class='ocrx_word' id='word_1_15' title='bbox 1927 497 2101 554; x_wconf 88' lang='lat' dir='ltr'><strong>quam</strong></span> <span class='ocrx_word' id='word_1_16' title='bbox 2142 497 2270 538; x_wconf 88' lang='lat' dir='ltr'><strong>esse</strong></span> <span class='ocrx_word' id='word_1_17' title='bbox 2309 479 2558 558; x_wconf 80' lang='lat' dir='ltr'><strong>dicitur3</strong></span> <span class='ocrx_word' id='word_1_18' title='bbox 2603 482 2738 542; x_wconf 86' lang='lat' dir='ltr'><strong>Non</strong></span> <span class='ocrx_word' id='word_1_19' title='bbox 2778 485 2878 548; x_wconf 89' lang='lat' dir='ltr'><strong>ob-</strong></span> 
     </span>
     <span class='ocr_line' id='line_1_3' title="bbox 473 554 2283 630; baseline 0.002 -16"><span class='ocrx_word' id='word_1_20' title='bbox 473 562 591 614; x_wconf 85' lang='lat' dir='ltr'><strong>stat</strong></span> <span class='ocrx_word' id='word_1_21' title='bbox 618 554 925 630; x_wconf 78' lang='lat' dir='ltr'>quominus</span> <span class='ocrx_word' id='word_1_22' title='bbox 952 554 1124 614; x_wconf 86' lang='lat' dir='ltr'><strong>fuerit</strong></span> <span class='ocrx_word' id='word_1_23' title='bbox 1153 556 1313 614; x_wconf 91' lang='lat' dir='ltr'><strong>Deus</strong></span> <span class='ocrx_word' id='word_1_24' title='bbox 1342 557 1722 616; x_wconf 78' lang='lat' dir='ltr'><strong>essentialiter</strong></span> <span class='ocrx_word' id='word_1_25' title='bbox 1748 557 1904 616; x_wconf 88' lang='lat' dir='ltr'><strong>idem</strong></span> <span class='ocrx_word' id='word_1_26' title='bbox 1932 577 2063 617; x_wconf 90' lang='lat' dir='ltr'><strong>cum</strong></span> <span class='ocrx_word' id='word_1_27' title='bbox 2093 557 2283 618; x_wconf 79' lang='lat' dir='ltr'><strong>Patre.</strong></span> 
     </span>
    </p>

    <p class='ocr_par' dir='ltr' id='par_1_3' title="bbox 472 633 2884 1347">
     <span class='ocr_line' id='line_1_4' title="bbox 554 633 2880 716; baseline 0.004 -24"><span class='ocrx_word' id='word_1_28' title='bbox 554 633 738 692; x_wconf 90' lang='lat' dir='ltr'><strong>VIII.</strong></span> <span class='ocrx_word' id='word_1_29' title='bbox 783 635 1012 693; x_wconf 83' lang='lat' dir='ltr'><strong>Dicitur</strong></span> <span class='ocrx_word' id='word_1_30' title='bbox 1035 655 1200 694; x_wconf 72' lang='lat' dir='ltr'><strong>verus</strong></span> <span class='ocrx_word' id='word_1_31' title='bbox 1218 638 1377 694; x_wconf 72' lang='lat' dir='ltr'><strong>Deus</strong></span> <span class='ocrx_word' id='word_1_32' title='bbox 1404 643 1459 694; x_wconf 78' lang='lat' dir='ltr'><strong>et</strong></span> <span class='ocrx_word' id='word_1_33' title='bbox 1481 637 1599 696; x_wconf 77' lang='grc' dir='ltr'><strong><em>υἰεα</em></strong></span> <span class='ocrx_word' id='word_1_34' title='bbox 1630 647 1860 712; x_wconf 71' lang='lat' dir='ltr'><strong>aterna,</strong></span> <span class='ocrx_word' id='word_1_35' title='bbox 1895 639 1928 694; x_wconf 90' lang='lat'>1</span> <span class='ocrx_word' id='word_1_36' title='bbox 1958 638 2057 697; x_wconf 90' lang='lat' dir='ltr'><strong>Jo.</strong></span> <span class='ocrx_word' id='word_1_37' title='bbox 2087 657 2145 697; x_wconf 82' lang='lat' dir='ltr'><strong>v.</strong></span> <span class='ocrx_word' id='word_1_38' title='bbox 2176 641 2272 713; x_wconf 92' lang='grc'>20,</span> <span class='ocrx_word' id='word_1_39' title='bbox 2297 657 2427 716; x_wconf 80' lang='lat' dir='ltr'><strong>quae</strong></span> <span class='ocrx_word' id='word_1_40' title='bbox 2455 640 2636 700; x_wconf 82' lang='lat' dir='ltr'><strong>verba</strong></span> <span class='ocrx_word' id='word_1_41' title='bbox 2661 661 2778 700; x_wconf 92' lang='lat' dir='ltr'><strong>non</strong></span> <span class='ocrx_word' id='word_1_42' title='bbox 2805 643 2880 701; x_wconf 88' lang='lat' dir='ltr'><strong>ad</strong></span> 
     </span>
     <span class='ocr_line' id='line_1_5' title="bbox 475 712 2882 798; baseline 0.004 -26"><span class='ocrx_word' id='word_1_43' title='bbox 475 712 725 788; x_wconf 89' lang='lat' dir='ltr'><strong>Patrem,</strong></span> <span class='ocrx_word' id='word_1_44' title='bbox 756 714 861 772; x_wconf 88' lang='lat' dir='ltr'><strong>sed</strong></span> <span class='ocrx_word' id='word_1_45' title='bbox 888 714 964 772; x_wconf 87' lang='lat' dir='ltr'><strong>ad</strong></span> <span class='ocrx_word' id='word_1_46' title='bbox 992 715 1285 774; x_wconf 84' lang='lat' dir='ltr'><strong>Christum</strong></span> <span class='ocrx_word' id='word_1_47' title='bbox 1312 734 1439 774; x_wconf 88' lang='lat' dir='ltr'><strong>esse</strong></span> <span class='ocrx_word' id='word_1_48' title='bbox 1466 715 1782 792; x_wconf 84' lang='lat' dir='ltr'><strong>referenda,</strong></span> <span class='ocrx_word' id='word_1_49' title='bbox 1813 717 2031 776; x_wconf 82' lang='lat' dir='ltr'><strong>evincit</strong></span> <span class='ocrx_word' id='word_1_50' title='bbox 2055 726 2180 776; x_wconf 74' lang='lat' dir='ltr'><strong>tum</strong></span> <span class='ocrx_word' id='word_1_51' title='bbox 2203 738 2522 795; x_wconf 85' lang='lat' dir='ltr'><strong>pronomen</strong></span> <span class='ocrx_word' id='word_1_52' title='bbox 2550 719 2704 797; x_wconf 71' lang='grc' dir='ltr'>οὗτος,</span> <span class='ocrx_word' id='word_1_53' title='bbox 2723 723 2882 798; x_wconf 88' lang='lat' dir='ltr'><strong>quod</strong></span> 
     </span>
     <span class='ocr_line' id='line_1_6' title="bbox 476 793 2884 878; baseline 0.004 -26"><span class='ocrx_word' id='word_1_54' title='bbox 476 793 767 852; x_wconf 85' lang='lat' dir='ltr'><strong>Christum</strong></span> <span class='ocrx_word' id='word_1_55' title='bbox 794 794 1045 871; x_wconf 81' lang='lat' dir='ltr'><strong>respicit,</strong></span> <span class='ocrx_word' id='word_1_56' title='bbox 1075 794 1149 853; x_wconf 86' lang='lat' dir='ltr'><strong>de</strong></span> <span class='ocrx_word' id='word_1_57' title='bbox 1185 814 1301 871; x_wconf 92' lang='lat' dir='ltr'><strong>quo</strong></span> <span class='ocrx_word' id='word_1_58' title='bbox 1328 795 1658 854; x_wconf 79' lang='lat' dir='ltr'><strong>immediate</strong></span> <span class='ocrx_word' id='word_1_59' title='bbox 1701 805 1912 871; x_wconf 90' lang='lat' dir='ltr'><strong>actum,</strong></span> <span class='ocrx_word' id='word_1_60' title='bbox 1941 805 2065 856; x_wconf 89' lang='lat' dir='ltr'><strong>tum</strong></span> <span class='ocrx_word' id='word_1_61' title='bbox 2095 794 2303 874; x_wconf 85' lang='lat' dir='ltr'><strong>scopus</strong></span> <span class='ocrx_word' id='word_1_62' title='bbox 2331 798 2620 876; x_wconf 81' lang='lat' dir='ltr'><strong>Apostoli,</strong></span> <span class='ocrx_word' id='word_1_63' title='bbox 2651 801 2754 878; x_wconf 90' lang='lat' dir='ltr'><strong>qui</strong></span> <span class='ocrx_word' id='word_1_64' title='bbox 2793 811 2884 862; x_wconf 86' lang='lat' dir='ltr'><strong>est</strong></span> 
     </span>
     <span class='ocr_line' id='line_1_7' title="bbox 472 873 2884 952; baseline 0.004 -21"><span class='ocrx_word' id='word_1_65' title='bbox 472 873 679 931; x_wconf 87' lang='lat' dir='ltr'><strong>docere</strong></span> <span class='ocrx_word' id='word_1_66' title='bbox 708 874 1000 933; x_wconf 88' lang='lat' dir='ltr'><strong>Christum</strong></span> <span class='ocrx_word' id='word_1_67' title='bbox 1028 875 1259 934; x_wconf 83' lang='lat' dir='ltr'><strong>venisse</strong></span> <span class='ocrx_word' id='word_1_68' title='bbox 1283 882 1352 934; x_wconf 93' lang='lat' dir='ltr'><strong>ut</strong></span> <span class='ocrx_word' id='word_1_69' title='bbox 1377 894 1485 933; x_wconf 90' lang='lat' dir='ltr'><strong>nos</strong></span> <span class='ocrx_word' id='word_1_70' title='bbox 1510 875 1589 934; x_wconf 89' lang='lat' dir='ltr'><strong>ad</strong></span> <span class='ocrx_word' id='word_1_71' title='bbox 1614 875 2004 952; x_wconf 87' lang='lat' dir='ltr'><strong>cognitionem</strong></span> <span class='ocrx_word' id='word_1_72' title='bbox 2031 885 2090 935; x_wconf 91' lang='lat' dir='ltr'><strong>et</strong></span> <span class='ocrx_word' id='word_1_73' title='bbox 2116 879 2575 939; x_wconf 85' lang='lat' dir='ltr'><strong>communionem</strong></span> <span class='ocrx_word' id='word_1_74' title='bbox 2602 882 2728 940; x_wconf 83' lang='lat' dir='ltr'><strong>veri</strong></span> <span class='ocrx_word' id='word_1_75' title='bbox 2770 881 2884 940; x_wconf 86' lang='lat' dir='ltr'><strong>Dei</strong></span> 
     </span>
     <span class='ocr_line' id='line_1_8' title="bbox 473 952 2882 1038; baseline 0.005 -28"><span class='ocrx_word' id='word_1_76' title='bbox 473 952 739 1028; x_wconf 87' lang='lat' dir='ltr'><strong>adducat,</strong></span> <span class='ocrx_word' id='word_1_77' title='bbox 770 973 991 1030; x_wconf 90' lang='lat' dir='ltr'><strong>nosque</strong></span> <span class='ocrx_word' id='word_1_78' title='bbox 1020 954 1151 1014; x_wconf 90' lang='lat' dir='ltr'><strong>ideo</strong></span> <span class='ocrx_word' id='word_1_79' title='bbox 1179 973 1305 1012; x_wconf 88' lang='lat' dir='ltr'><strong>esse</strong></span> <span class='ocrx_word' id='word_1_80' title='bbox 1332 955 1394 1012; x_wconf 92' lang='lat' dir='ltr'><strong>in</strong></span> <span class='ocrx_word' id='word_1_81' title='bbox 1419 974 1559 1013; x_wconf 88' lang='lat' dir='ltr'><strong>vero</strong></span> <span class='ocrx_word' id='word_1_82' title='bbox 1588 955 1707 1030; x_wconf 88' lang='lat' dir='ltr'><strong>illo,</strong></span> <span class='ocrx_word' id='word_1_83' title='bbox 1737 975 1808 1014; x_wconf 86' lang='lat' dir='ltr'><strong>eo</strong></span> <span class='ocrx_word' id='word_1_84' title='bbox 1850 955 2007 1032; x_wconf 90' lang='lat' dir='ltr'><strong>quod</strong></span> <span class='ocrx_word' id='word_1_85' title='bbox 2035 975 2233 1016; x_wconf 87' lang='lat' dir='ltr'><strong>sumus</strong></span> <span class='ocrx_word' id='word_1_86' title='bbox 2276 958 2338 1016; x_wconf 91' lang='lat' dir='ltr'><strong>in</strong></span> <span class='ocrx_word' id='word_1_87' title='bbox 2367 960 2518 1019; x_wconf 87' lang='lat' dir='ltr'><strong>Filio</strong></span> <span class='ocrx_word' id='word_1_88' title='bbox 2563 961 2692 1038; x_wconf 90' lang='lat' dir='ltr'><strong>ejus</strong></span> <span class='ocrx_word' id='word_1_89' title='bbox 2733 961 2776 1020; x_wconf 90' lang='lat' dir='ltr'><strong>J</strong></span> <span class='ocrx_word' id='word_1_90' title='bbox 2779 981 2882 1020; x_wconf 87' lang='lat' dir='ltr'><strong>esu</strong></span> 
     </span>
     <span class='ocr_line' id='line_1_9' title="bbox 476 1032 2879 1112; baseline 0.005 -23"><span class='ocrx_word' id='word_1_91' title='bbox 476 1032 722 1109; x_wconf 85' lang='lat' dir='ltr'><strong>Christ0,</strong></span> <span class='ocrx_word' id='word_1_92' title='bbox 752 1033 1023 1109; x_wconf 87' lang='lat' dir='ltr'><strong>quoniam</strong></span> <span class='ocrx_word' id='word_1_93' title='bbox 1052 1041 1112 1093; x_wconf 93' lang='lat' dir='ltr'><strong>et</strong></span> <span class='ocrx_word' id='word_1_94' title='bbox 1137 1033 1261 1112; x_wconf 89' lang='lat' dir='ltr'><strong>ipse</strong></span> <span class='ocrx_word' id='word_1_95' title='bbox 1288 1034 1333 1093; x_wconf 84' lang='lat' dir='ltr'><strong>J</strong></span> <span class='ocrx_word' id='word_1_96' title='bbox 1334 1053 1468 1093; x_wconf 88' lang='lat' dir='ltr'><strong>esus</strong></span> <span class='ocrx_word' id='word_1_97' title='bbox 1486 1034 1751 1093; x_wconf 88' lang='lat' dir='ltr'><strong>Christus</strong></span> <span class='ocrx_word' id='word_1_98' title='bbox 1773 1034 1848 1093; x_wconf 88' lang='lat' dir='ltr'><strong>sit</strong></span> <span class='ocrx_word' id='word_1_99' title='bbox 1863 1055 2028 1094; x_wconf 74' lang='lat' dir='ltr'><strong>verus</strong></span> <span class='ocrx_word' id='word_1_100' title='bbox 2046 1038 2206 1094; x_wconf 76' lang='lat' dir='ltr'><strong>Deus</strong></span> <span class='ocrx_word' id='word_1_101' title='bbox 2226 1039 2408 1098; x_wconf 54' lang='lat' dir='ltr'><strong>etanta</strong></span> <span class='ocrx_word' id='word_1_102' title='bbox 2435 1049 2666 1099; x_wconf 76' lang='lat' dir='ltr'><strong>oeterna.</strong></span> <span class='ocrx_word' id='word_1_103' title='bbox 2729 1041 2879 1100; x_wconf 92' lang='lat' dir='ltr'><strong>Con-</strong></span> 
     </span>
     <span class='ocr_line' id='line_1_10' title="bbox 472 1111 2878 1198; baseline 0.005 -30"><span class='ocrx_word' id='word_1_104' title='bbox 472 1111 734 1171; x_wconf 86' lang='lat' dir='ltr'><strong>firmatur</strong></span> <span class='ocrx_word' id='word_1_105' title='bbox 760 1133 837 1172; x_wconf 87' lang='lat' dir='ltr'><strong>ex</strong></span> <span class='ocrx_word' id='word_1_106' title='bbox 864 1133 933 1171; x_wconf 92' lang='lat' dir='ltr'><strong>eo</strong></span> <span class='ocrx_word' id='word_1_107' title='bbox 976 1112 1133 1190; x_wconf 92' lang='lat' dir='ltr'><strong>quod</strong></span> <span class='ocrx_word' id='word_1_108' title='bbox 1174 1113 1428 1190; x_wconf 85' lang='lat' dir='ltr'><strong>elogium</strong></span> <span class='ocrx_word' id='word_1_109' title='bbox 1468 1114 1595 1173; x_wconf 78' lang='lat' dir='ltr'><strong>vitoe</strong></span> <span class='ocrx_word' id='word_1_110' title='bbox 1620 1123 1846 1173; x_wconf 73' lang='lat' dir='ltr'><strong>aeternoe</strong></span> <span class='ocrx_word' id='word_1_111' title='bbox 1887 1113 1950 1172; x_wconf 89' lang='lat' dir='ltr'><strong>iu</strong></span> <span class='ocrx_word' id='word_1_112' title='bbox 1977 1115 2132 1192; x_wconf 83' lang='lat' dir='ltr'><strong>stylo</strong></span> <span class='ocrx_word' id='word_1_113' title='bbox 2177 1117 2220 1176; x_wconf 90' lang='lat' dir='ltr'><strong>J</strong></span> <span class='ocrx_word' id='word_1_114' title='bbox 2223 1118 2316 1176; x_wconf 92' lang='lat' dir='ltr'><strong>oh.</strong></span> <span class='ocrx_word' id='word_1_115' title='bbox 2360 1137 2655 1196; x_wconf 88' lang='lat' dir='ltr'><strong>nunquam</strong></span> <span class='ocrx_word' id='word_1_116' title='bbox 2701 1120 2878 1198; x_wconf 88' lang='lat' dir='ltr'><strong>Patri,</strong></span> 
     </span>
     <span class='ocr_line' id='line_1_11' title="bbox 474 1190 2883 1277; baseline 0.005 -28"><span class='ocrx_word' id='word_1_117' title='bbox 474 1190 580 1250; x_wconf 90' lang='lat' dir='ltr'><strong>sed</strong></span> <span class='ocrx_word' id='word_1_118' title='bbox 606 1191 1067 1269; x_wconf 86' lang='lat' dir='ltr'><strong>frequentissime</strong></span> <span class='ocrx_word' id='word_1_119' title='bbox 1095 1193 1249 1252; x_wconf 87' lang='lat' dir='ltr'><strong>Filio</strong></span> <span class='ocrx_word' id='word_1_120' title='bbox 1288 1191 1577 1268; x_wconf 85' lang='lat' dir='ltr'><strong>tribuitur,</strong></span> <span class='ocrx_word' id='word_1_121' title='bbox 1608 1194 1652 1253; x_wconf 87' lang='lat' dir='ltr'><strong>J</strong></span> <span class='ocrx_word' id='word_1_122' title='bbox 1655 1213 1784 1252; x_wconf 86' lang='lat' dir='ltr'><strong>oan.</strong></span> <span class='ocrx_word' id='word_1_123' title='bbox 1826 1193 1865 1254; x_wconf 93' lang='lat' dir='ltr'><strong>i.</strong></span> <span class='ocrx_word' id='word_1_124' title='bbox 1894 1197 1952 1272; x_wconf 84' lang='lat'><strong>4,</strong></span> <span class='ocrx_word' id='word_1_125' title='bbox 1983 1203 2044 1254; x_wconf 90' lang='lat' dir='ltr'><strong>et</strong></span> <span class='ocrx_word' id='word_1_126' title='bbox 2069 1194 2151 1254; x_wconf 83' lang='lat' dir='ltr'><strong>xi.</strong></span> <span class='ocrx_word' id='word_1_127' title='bbox 2181 1199 2277 1272; x_wconf 90' lang='grc'>25,</span> <span class='ocrx_word' id='word_1_128' title='bbox 2307 1205 2369 1256; x_wconf 87' lang='lat' dir='ltr'><strong>et</strong></span> <span class='ocrx_word' id='word_1_129' title='bbox 2399 1201 2430 1256; x_wconf 92' lang='lat'>1</span> <span class='ocrx_word' id='word_1_130' title='bbox 2462 1199 2504 1259; x_wconf 90' lang='lat' dir='ltr'><strong>J</strong></span> <span class='ocrx_word' id='word_1_131' title='bbox 2508 1219 2637 1259; x_wconf 88' lang='lat' dir='ltr'><strong>oan.</strong></span> <span class='ocrx_word' id='word_1_132' title='bbox 2665 1199 2705 1260; x_wconf 91' lang='lat' dir='ltr'><strong>i.</strong></span> <span class='ocrx_word' id='word_1_133' title='bbox 2735 1203 2792 1277; x_wconf 91' lang='grc'>2,</span> <span class='ocrx_word' id='word_1_134' title='bbox 2822 1207 2883 1260; x_wconf 87' lang='lat' dir='ltr'><strong>et</strong></span> 
     </span>
     <span class='ocr_line' id='line_1_12' title="bbox 474 1273 2095 1347; baseline 0.004 -18"><span class='ocrx_word' id='word_1_135' title='bbox 474 1290 531 1330; x_wconf 85' lang='lat' dir='ltr'><strong>v.</strong></span> <span class='ocrx_word' id='word_1_136' title='bbox 567 1273 661 1347; x_wconf 91' lang='lat'><strong>11,</strong></span> <span class='ocrx_word' id='word_1_137' title='bbox 694 1275 790 1330; x_wconf 91' lang='grc'><strong>12.</strong></span> <span class='ocrx_word' id='word_1_138' title='bbox 2083 1310 2095 1322; x_wconf 88' lang='lat'><strong>·</strong></span> 
     </span>
    </p>

    <p class='ocr_par' dir='ltr' id='par_1_4' title="bbox 469 1351 2885 2385">
     <span class='ocr_line' id='line_1_13' title="bbox 556 1351 2880 1436; baseline 0.005 -28"><span class='ocrx_word' id='word_1_139' title='bbox 556 1351 675 1409; x_wconf 88' lang='lat' dir='ltr'><strong>IX.</strong></span> <span class='ocrx_word' id='word_1_140' title='bbox 720 1352 980 1411; x_wconf 79' lang='lat' dir='ltr'><strong>Vocatur</strong></span> <span class='ocrx_word' id='word_1_141' title='bbox 1004 1355 1165 1411; x_wconf 73' lang='lat' dir='ltr'><strong>Deus</strong></span> <span class='ocrx_word' id='word_1_142' title='bbox 1190 1351 1500 1411; x_wconf 77' lang='lat' dir='ltr'><strong>benedictus</strong></span> <span class='ocrx_word' id='word_1_143' title='bbox 1524 1351 1585 1411; x_wconf 88' lang='lat' dir='ltr'><strong>in</strong></span> <span class='ocrx_word' id='word_1_144' title='bbox 1608 1355 1815 1430; x_wconf 75' lang='lat' dir='ltr'><strong>secula,</strong></span> <span class='ocrx_word' id='word_1_145' title='bbox 1847 1353 2016 1412; x_wconf 86' lang='lat' dir='ltr'><strong>Rom.</strong></span> <span class='ocrx_word' id='word_1_146' title='bbox 2046 1352 2128 1412; x_wconf 85' lang='lat' dir='ltr'><strong>ix.</strong></span> <span class='ocrx_word' id='word_1_147' title='bbox 2159 1355 2214 1430; x_wconf 89' lang='lat'><strong>5,</strong></span> <span class='ocrx_word' id='word_1_148' title='bbox 2245 1355 2404 1433; x_wconf 90' lang='lat' dir='ltr'><strong>quod</strong></span> <span class='ocrx_word' id='word_1_149' title='bbox 2430 1377 2546 1417; x_wconf 92' lang='lat' dir='ltr'><strong>non</strong></span> <span class='ocrx_word' id='word_1_150' title='bbox 2573 1367 2765 1436; x_wconf 86' lang='lat' dir='ltr'><strong>potest</strong></span> <span class='ocrx_word' id='word_1_151' title='bbox 2791 1379 2880 1418; x_wconf 91' lang='lat' dir='ltr'><strong>re-</strong></span> 
     </span>
     <span class='ocr_line' id='line_1_14' title="bbox 471 1429 2882 1515; baseline 0.004 -27"><span class='ocrx_word' id='word_1_152' title='bbox 471 1429 608 1488; x_wconf 82' lang='lat' dir='ltr'><strong>ferri</strong></span> <span class='ocrx_word' id='word_1_153' title='bbox 634 1449 737 1508; x_wconf 91' lang='lat' dir='ltr'><strong>per</strong></span> <span class='ocrx_word' id='word_1_154' title='bbox 762 1433 1148 1510; x_wconf 74' lang='lat' dir='ltr'><strong>apostrophen</strong></span> <span class='ocrx_word' id='word_1_155' title='bbox 1188 1429 1499 1504; x_wconf 65' lang='grc' dir='ltr'><strong>δοξολογικηι</strong></span> <span class='ocrx_word' id='word_1_156' title='bbox 1537 1431 1614 1490; x_wconf 90' lang='lat' dir='ltr'><strong>ad</strong></span> <span class='ocrx_word' id='word_1_157' title='bbox 1658 1433 1905 1508; x_wconf 87' lang='lat' dir='ltr'><strong>Patrem,</strong></span> <span class='ocrx_word' id='word_1_158' title='bbox 1935 1431 2074 1510; x_wconf 89' lang='lat' dir='ltr'><strong>quia</strong></span> <span class='ocrx_word' id='word_1_159' title='bbox 2105 1453 2232 1492; x_wconf 91' lang='lat' dir='ltr'><strong>eam</strong></span> <span class='ocrx_word' id='word_1_160' title='bbox 2272 1455 2380 1494; x_wconf 91' lang='lat' dir='ltr'><strong>nec</strong></span> <span class='ocrx_word' id='word_1_161' title='bbox 2406 1456 2501 1495; x_wconf 90' lang='lat' dir='ltr'><strong>res</strong></span> <span class='ocrx_word' id='word_1_162' title='bbox 2525 1439 2729 1515; x_wconf 85' lang='lat' dir='ltr'><strong>poscit,</strong></span> <span class='ocrx_word' id='word_1_163' title='bbox 2773 1459 2882 1498; x_wconf 90' lang='lat' dir='ltr'><strong>nec</strong></span> 
     </span>
     <span class='ocr_line' id='line_1_15' title="bbox 472 1511 2877 1593; baseline 0.004 -26"><span class='ocrx_word' id='word_1_164' title='bbox 472 1511 781 1569; x_wconf 82' lang='lat' dir='ltr'><strong>verborum</strong></span> <span class='ocrx_word' id='word_1_165' title='bbox 810 1511 987 1570; x_wconf 85' lang='lat' dir='ltr'><strong>series</strong></span> <span class='ocrx_word' id='word_1_166' title='bbox 1014 1511 1300 1588; x_wconf 78' lang='lat' dir='ltr'><strong>admittit3</strong></span> <span class='ocrx_word' id='word_1_167' title='bbox 1344 1531 1479 1570; x_wconf 83' lang='lat' dir='ltr'><strong>nam</strong></span> <span class='ocrx_word' id='word_1_168' title='bbox 1506 1511 1785 1571; x_wconf 83' lang='lat' dir='ltr'><strong>articulus</strong></span> <span class='ocrx_word' id='word_1_169' title='bbox 1813 1533 1944 1572; x_wconf 92' lang='lat' dir='ltr'><strong>cum</strong></span> <span class='ocrx_word' id='word_1_170' title='bbox 1979 1513 2281 1592; x_wconf 85' lang='lat' dir='ltr'><strong>participio</strong></span> <span class='ocrx_word' id='word_1_171' title='bbox 2311 1513 2426 1572; x_wconf 68' lang='grc' dir='ltr'><strong>ἕὸι</strong></span> <span class='ocrx_word' id='word_1_172' title='bbox 2449 1517 2730 1576; x_wconf 80' lang='lat' dir='ltr'><strong>relativus</strong></span> <span class='ocrx_word' id='word_1_173' title='bbox 2769 1527 2877 1593; x_wconf 89' lang='lat' dir='ltr'><strong>est,</strong></span> 
     </span>
     <span class='ocr_line' id='line_1_16' title="bbox 472 1590 2879 1671; baseline 0.003 -23"><span class='ocrx_word' id='word_1_174' title='bbox 472 1590 817 1650; x_wconf 86' lang='lat' dir='ltr'><strong>sententiam</strong></span> <span class='ocrx_word' id='word_1_175' title='bbox 844 1610 1056 1649; x_wconf 88' lang='lat' dir='ltr'><strong>novam</strong></span> <span class='ocrx_word' id='word_1_176' title='bbox 1084 1610 1201 1648; x_wconf 91' lang='lat' dir='ltr'><strong>non</strong></span> <span class='ocrx_word' id='word_1_177' title='bbox 1228 1590 1522 1666; x_wconf 77' lang='lat' dir='ltr'><strong>inchoans,</strong></span> <span class='ocrx_word' id='word_1_178' title='bbox 1554 1591 1660 1650; x_wconf 85' lang='lat' dir='ltr'><strong>sed</strong></span> <span class='ocrx_word' id='word_1_179' title='bbox 1687 1592 2012 1651; x_wconf 83' lang='lat' dir='ltr'><strong>inchoatam</strong></span> <span class='ocrx_word' id='word_1_180' title='bbox 2045 1595 2425 1671; x_wconf 84' lang='lat' dir='ltr'><strong>continuans3</strong></span> <span class='ocrx_word' id='word_1_181' title='bbox 2469 1615 2576 1655; x_wconf 92' lang='lat' dir='ltr'><strong>nec</strong></span> <span class='ocrx_word' id='word_1_182' title='bbox 2603 1596 2677 1655; x_wconf 90' lang='lat' dir='ltr'><strong>de</strong></span> <span class='ocrx_word' id='word_1_183' title='bbox 2707 1597 2879 1656; x_wconf 87' lang='lat' dir='ltr'><strong>Patro</strong></span> 
     </span>
     <span class='ocr_line' id='line_1_17' title="bbox 470 1669 2879 1752; baseline 0.004 -24"><span class='ocrx_word' id='word_1_184' title='bbox 470 1678 663 1747; x_wconf 88' lang='lat' dir='ltr'><strong>potest</strong></span> <span class='ocrx_word' id='word_1_185' title='bbox 689 1669 890 1748; x_wconf 87' lang='lat' dir='ltr'><strong>accipi,</strong></span> <span class='ocrx_word' id='word_1_186' title='bbox 921 1669 1025 1729; x_wconf 85' lang='lat' dir='ltr'><strong>sed</strong></span> <span class='ocrx_word' id='word_1_187' title='bbox 1051 1670 1125 1730; x_wconf 92' lang='lat' dir='ltr'><strong>de</strong></span> <span class='ocrx_word' id='word_1_188' title='bbox 1154 1670 1399 1746; x_wconf 89' lang='lat' dir='ltr'><strong>Christo,</strong></span> <span class='ocrx_word' id='word_1_189' title='bbox 1428 1670 1503 1729; x_wconf 91' lang='lat' dir='ltr'><strong>de</strong></span> <span class='ocrx_word' id='word_1_190' title='bbox 1535 1690 1652 1747; x_wconf 91' lang='lat' dir='ltr'><strong>quo</strong></span> <span class='ocrx_word' id='word_1_191' title='bbox 1679 1671 1874 1731; x_wconf 83' lang='lat' dir='ltr'><strong>verbis</strong></span> <span class='ocrx_word' id='word_1_192' title='bbox 1915 1671 2245 1733; x_wconf 83' lang='lat' dir='ltr'><strong>immediate</strong></span> <span class='ocrx_word' id='word_1_193' title='bbox 2283 1675 2744 1752; x_wconf 74' lang='lat' dir='ltr'><strong>praecedentibus</strong></span> <span class='ocrx_word' id='word_1_194' title='bbox 2783 1697 2879 1736; x_wconf 89' lang='lat' dir='ltr'><strong>ac·</strong></span> 
     </span>
     <span class='ocr_line' id='line_1_18' title="bbox 470 1749 2878 1832; baseline 0.003 -24"><span class='ocrx_word' id='word_1_195' title='bbox 470 1757 595 1808; x_wconf 89' lang='lat' dir='ltr'><strong>tum</strong></span> <span class='ocrx_word' id='word_1_196' title='bbox 622 1749 826 1808; x_wconf 82' lang='lat' dir='ltr'><strong>fuerat.</strong></span> <span class='ocrx_word' id='word_1_197' title='bbox 892 1749 1117 1808; x_wconf 88' lang='lat' dir='ltr'><strong>Deinde</strong></span> <span class='ocrx_word' id='word_1_198' title='bbox 1142 1749 1409 1809; x_wconf 87' lang='lat' dir='ltr'><strong>limitatio</strong></span> <span class='ocrx_word' id='word_1_199' title='bbox 1434 1753 1573 1808; x_wconf 63' lang='grc' dir='ltr'><strong>κατὰ</strong></span> <span class='ocrx_word' id='word_1_200' title='bbox 1596 1750 1781 1832; x_wconf 56' lang='lat' dir='ltr'><strong>calena,</strong></span> <span class='ocrx_word' id='word_1_201' title='bbox 1800 1771 1932 1828; x_wconf 79' lang='lat' dir='ltr'><strong>quae</strong></span> <span class='ocrx_word' id='word_1_202' title='bbox 1949 1753 2257 1829; x_wconf 87' lang='lat' dir='ltr'><strong>opponitur</strong></span> <span class='ocrx_word' id='word_1_203' title='bbox 2285 1755 2412 1814; x_wconf 87' lang='lat' dir='ltr'><strong>Deo</strong></span> <span class='ocrx_word' id='word_1_204' title='bbox 2431 1755 2755 1832; x_wconf 88' lang='lat' dir='ltr'><strong>benedicto,</strong></span> <span class='ocrx_word' id='word_1_205' title='bbox 2785 1776 2878 1816; x_wconf 88' lang='lat' dir='ltr'><strong>os-</strong></span> 
     </span>
     <span class='ocr_line' id='line_1_19' title="bbox 470 1828 2878 1913; baseline 0.004 -27"><span class='ocrx_word' id='word_1_206' title='bbox 470 1828 659 1887; x_wconf 86' lang='lat' dir='ltr'><strong>tendit</strong></span> <span class='ocrx_word' id='word_1_207' title='bbox 685 1828 829 1887; x_wconf 84' lang='lat' dir='ltr'><strong>duas</strong></span> <span class='ocrx_word' id='word_1_208' title='bbox 856 1828 919 1887; x_wconf 90' lang='lat' dir='ltr'><strong>in</strong></span> <span class='ocrx_word' id='word_1_209' title='bbox 946 1829 1175 1888; x_wconf 89' lang='lat' dir='ltr'><strong>Christo</strong></span> <span class='ocrx_word' id='word_1_210' title='bbox 1202 1837 1438 1890; x_wconf 88' lang='lat' dir='ltr'><strong>naturas</strong></span> <span class='ocrx_word' id='word_1_211' title='bbox 1466 1830 1776 1908; x_wconf 85' lang='lat' dir='ltr'><strong>designari,</strong></span> <span class='ocrx_word' id='word_1_212' title='bbox 1797 1832 2125 1907; x_wconf 82' lang='lat' dir='ltr'><strong>humanam,</strong></span> <span class='ocrx_word' id='word_1_213' title='bbox 2151 1833 2467 1894; x_wconf 83' lang='lat' dir='ltr'><strong>secundum</strong></span> <span class='ocrx_word' id='word_1_214' title='bbox 2494 1856 2668 1913; x_wconf 88' lang='lat' dir='ltr'><strong>quam</strong></span> <span class='ocrx_word' id='word_1_215' title='bbox 2687 1837 2878 1896; x_wconf 90' lang='lat' dir='ltr'><strong>oriun-</strong></span> 
     </span>
     <span class='ocr_line' id='line_1_20' title="bbox 470 1907 2879 1989; baseline 0.004 -23"><span class='ocrx_word' id='word_1_216' title='bbox 470 1907 583 1966; x_wconf 87' lang='lat' dir='ltr'><strong>dus</strong></span> <span class='ocrx_word' id='word_1_217' title='bbox 612 1909 688 1967; x_wconf 89' lang='lat' dir='ltr'><strong>sit</strong></span> <span class='ocrx_word' id='word_1_218' title='bbox 714 1928 751 1966; x_wconf 88' lang='lat' dir='ltr'><strong>a</strong></span> <span class='ocrx_word' id='word_1_219' title='bbox 773 1908 1059 1976; x_wconf 87' lang='lat' dir='ltr'><strong>Patribus,</strong></span> <span class='ocrx_word' id='word_1_220' title='bbox 1090 1917 1149 1969; x_wconf 90' lang='lat' dir='ltr'><strong>et</strong></span> <span class='ocrx_word' id='word_1_221' title='bbox 1175 1909 1448 1986; x_wconf 84' lang='lat' dir='ltr'><strong>divinam,</strong></span> <span class='ocrx_word' id='word_1_222' title='bbox 1478 1910 1796 1970; x_wconf 89' lang='lat' dir='ltr'><strong>secundum</strong></span> <span class='ocrx_word' id='word_1_223' title='bbox 1825 1930 1998 1989; x_wconf 87' lang='lat' dir='ltr'><strong>quam</strong></span> <span class='ocrx_word' id='word_1_224' title='bbox 2027 1911 2103 1971; x_wconf 89' lang='lat' dir='ltr'><strong>sit</strong></span> <span class='ocrx_word' id='word_1_225' title='bbox 2131 1914 2293 1972; x_wconf 89' lang='lat' dir='ltr'><strong>Deus</strong></span> <span class='ocrx_word' id='word_1_226' title='bbox 2321 1915 2660 1975; x_wconf 88' lang='lat' dir='ltr'><strong>benedictus</strong></span> <span class='ocrx_word' id='word_1_227' title='bbox 2686 1915 2748 1974; x_wconf 91' lang='lat' dir='ltr'><strong>in</strong></span> <span class='ocrx_word' id='word_1_228' title='bbox 2791 1937 2879 1976; x_wconf 84' lang='lat' dir='ltr'><strong>se·</strong></span> 
     </span>
     <span class='ocr_line' id='line_1_21' title="bbox 472 1987 2880 2073; baseline 0.004 -27"><span class='ocrx_word' id='word_1_229' title='bbox 472 1987 620 2047; x_wconf 87' lang='lat' dir='ltr'><strong>cula.</strong></span> <span class='ocrx_word' id='word_1_230' title='bbox 705 1987 1053 2066; x_wconf 86' lang='lat' dir='ltr'><strong>Appellatur</strong></span> <span class='ocrx_word' id='word_1_231' title='bbox 1077 1991 1237 2048; x_wconf 72' lang='lat' dir='ltr'><strong>Deus</strong></span> <span class='ocrx_word' id='word_1_232' title='bbox 1262 2010 1515 2067; x_wconf 72' lang='lat' dir='ltr'><strong>maynus,</strong></span> <span class='ocrx_word' id='word_1_233' title='bbox 1544 1991 1662 2050; x_wconf 81' lang='lat' dir='ltr'><strong>Tit.</strong></span> <span class='ocrx_word' id='word_1_234' title='bbox 1705 1991 1765 2050; x_wconf 91' lang='lat' dir='ltr'><strong>ii.</strong></span> <span class='ocrx_word' id='word_1_235' title='bbox 1799 1994 1891 2068; x_wconf 84' lang='lat'><strong>13,</strong></span> <span class='ocrx_word' id='word_1_236' title='bbox 1921 2011 2040 2051; x_wconf 91' lang='lat' dir='ltr'><strong>non</strong></span> <span class='ocrx_word' id='word_1_237' title='bbox 2079 1991 2282 2070; x_wconf 90' lang='lat' dir='ltr'><strong>utique</strong></span> <span class='ocrx_word' id='word_1_238' title='bbox 2320 1994 2510 2071; x_wconf 89' lang='lat' dir='ltr'><strong>Pater,</strong></span> <span class='ocrx_word' id='word_1_239' title='bbox 2541 1995 2644 2055; x_wconf 90' lang='lat' dir='ltr'><strong>sed</strong></span> <span class='ocrx_word' id='word_1_240' title='bbox 2674 1997 2880 2073; x_wconf 89' lang='lat' dir='ltr'><strong>Filius,</strong></span> 
     </span>
     <span class='ocr_line' id='line_1_22' title="bbox 470 2067 2885 2152; baseline 0.004 -26"><span class='ocrx_word' id='word_1_241' title='bbox 470 2067 609 2144; x_wconf 85' lang='lat' dir='ltr'><strong>quia</strong></span> <span class='ocrx_word' id='word_1_242' title='bbox 636 2068 799 2126; x_wconf 88' lang='lat' dir='ltr'><strong>Deus</strong></span> <span class='ocrx_word' id='word_1_243' title='bbox 826 2075 885 2128; x_wconf 84' lang='lat' dir='ltr'><strong>et</strong></span> <span class='ocrx_word' id='word_1_244' title='bbox 916 2069 1189 2128; x_wconf 87' lang='lat' dir='ltr'><strong>Servator</strong></span> <span class='ocrx_word' id='word_1_245' title='bbox 1214 2070 1317 2128; x_wconf 92' lang='lat' dir='ltr'><strong>uni</strong></span> <span class='ocrx_word' id='word_1_246' title='bbox 1353 2071 1599 2130; x_wconf 86' lang='lat' dir='ltr'><strong>articulo</strong></span> <span class='ocrx_word' id='word_1_247' title='bbox 1640 2071 2042 2149; x_wconf 87' lang='lat' dir='ltr'><strong>subjiciuntur,</strong></span> <span class='ocrx_word' id='word_1_248' title='bbox 2071 2073 2230 2148; x_wconf 91' lang='lat' dir='ltr'><strong>quod</strong></span> <span class='ocrx_word' id='word_1_249' title='bbox 2255 2094 2374 2133; x_wconf 92' lang='lat' dir='ltr'><strong>non</strong></span> <span class='ocrx_word' id='word_1_250' title='bbox 2399 2075 2579 2152; x_wconf 87' lang='lat' dir='ltr'><strong>fieret,</strong></span> <span class='ocrx_word' id='word_1_251' title='bbox 2611 2076 2658 2136; x_wconf 88' lang='lat' dir='ltr'><strong>si</strong></span> <span class='ocrx_word' id='word_1_252' title='bbox 2689 2085 2885 2136; x_wconf 89' lang='lat' dir='ltr'><strong>essent</strong></span> 
     </span>
     <span class='ocr_line' id='line_1_23' title="bbox 471 2147 2880 2234; baseline 0.005 -29"><span class='ocrx_word' id='word_1_253' title='bbox 471 2147 603 2206; x_wconf 80' lang='lat' dir='ltr'><strong>duae</strong></span> <span class='ocrx_word' id='word_1_254' title='bbox 618 2167 895 2225; x_wconf 83' lang='lat' dir='ltr'><strong>personae,</strong></span> <span class='ocrx_word' id='word_1_255' title='bbox 916 2149 1124 2209; x_wconf 89' lang='lat' dir='ltr'><strong>deinde</strong></span> <span class='ocrx_word' id='word_1_256' title='bbox 1147 2150 1403 2222; x_wconf 68' lang='grc' dir='ltr'><strong>ὶπιφάηια</strong></span> <span class='ocrx_word' id='word_1_257' title='bbox 1428 2170 1724 2228; x_wconf 87' lang='lat' dir='ltr'><strong>nunquam</strong></span> <span class='ocrx_word' id='word_1_258' title='bbox 1753 2151 2025 2212; x_wconf 88' lang='lat' dir='ltr'><strong>tribuitur</strong></span> <span class='ocrx_word' id='word_1_259' title='bbox 2053 2152 2231 2230; x_wconf 90' lang='lat' dir='ltr'><strong>Patri,</strong></span> <span class='ocrx_word' id='word_1_260' title='bbox 2255 2154 2361 2213; x_wconf 85' lang='lat' dir='ltr'><strong>sed</strong></span> <span class='ocrx_word' id='word_1_261' title='bbox 2377 2174 2604 2234; x_wconf 84' lang='lat' dir='ltr'><strong>semper</strong></span> <span class='ocrx_word' id='word_1_262' title='bbox 2621 2157 2880 2232; x_wconf 81' lang='lat' dir='ltr'><strong>Christ03</strong></span> 
     </span>
     <span class='ocr_line' id='line_1_24' title="bbox 472 2226 2884 2315; baseline 0.005 -30"><span class='ocrx_word' id='word_1_263' title='bbox 472 2227 553 2286; x_wconf 89' lang='lat' dir='ltr'><strong>Et</strong></span> <span class='ocrx_word' id='word_1_264' title='bbox 579 2226 695 2304; x_wconf 87' lang='lat' dir='ltr'><strong>ille,</strong></span> <span class='ocrx_word' id='word_1_265' title='bbox 727 2229 817 2306; x_wconf 87' lang='lat' dir='ltr'><strong>cuj</strong></span> <span class='ocrx_word' id='word_1_266' title='bbox 824 2248 891 2288; x_wconf 89' lang='lat' dir='ltr'><strong>us</strong></span> <span class='ocrx_word' id='word_1_267' title='bbox 919 2229 1234 2290; x_wconf 87' lang='lat' dir='ltr'><strong>adventum</strong></span> <span class='ocrx_word' id='word_1_268' title='bbox 1262 2240 1652 2308; x_wconf 84' lang='lat' dir='ltr'><strong>expectamus,</strong></span> <span class='ocrx_word' id='word_1_269' title='bbox 1683 2229 1896 2291; x_wconf 90' lang='lat' dir='ltr'><strong>dicitur</strong></span> <span class='ocrx_word' id='word_1_270' title='bbox 1923 2233 2296 2312; x_wconf 86' lang='lat' dir='ltr'><strong>semetipsum</strong></span> <span class='ocrx_word' id='word_1_271' title='bbox 2323 2235 2553 2296; x_wconf 86' lang='lat' dir='ltr'><strong>dedisse</strong></span> <span class='ocrx_word' id='word_1_272' title='bbox 2579 2257 2685 2315; x_wconf 88' lang='lat' dir='ltr'><strong>pro</strong></span> <span class='ocrx_word' id='word_1_273' title='bbox 2711 2237 2884 2297; x_wconf 90' lang='lat' dir='ltr'><strong>nobis</strong></span> 
     </span>
     <span class='ocr_line' id='line_1_25' title="bbox 469 2308 1431 2385; baseline 0.005 -20"><span class='ocrx_word' id='word_1_274' title='bbox 469 2325 529 2366; x_wconf 82' lang='lat' dir='ltr'><strong>v.</strong></span> <span class='ocrx_word' id='word_1_275' title='bbox 564 2310 656 2384; x_wconf 88' lang='lat'><strong>14,</strong></span> <span class='ocrx_word' id='word_1_276' title='bbox 687 2308 845 2385; x_wconf 92' lang='lat' dir='ltr'><strong>quod</strong></span> <span class='ocrx_word' id='word_1_277' title='bbox 873 2317 963 2368; x_wconf 87' lang='lat' dir='ltr'><strong>est</strong></span> <span class='ocrx_word' id='word_1_278' title='bbox 989 2310 1169 2369; x_wconf 87' lang='lat' dir='ltr'><strong>solius</strong></span> <span class='ocrx_word' id='word_1_279' title='bbox 1198 2311 1431 2370; x_wconf 88' lang='lat' dir='ltr'><strong>Christi.</strong></span> 
     </span>
    </p>

    <p class='ocr_par' dir='ltr' id='par_1_5' title="bbox 468 2387 2880 2630">
     <span class='ocr_line' id='line_1_26' title="bbox 552 2387 2878 2473; baseline 0.004 -29"><span class='ocrx_word' id='word_1_280' title='bbox 552 2387 637 2447; x_wconf 89' lang='lat' dir='ltr'><strong>X.</strong></span> <span class='ocrx_word' id='word_1_281' title='bbox 682 2389 1047 2448; x_wconf 83' lang='lat' dir='ltr'><strong>Exclamatio</strong></span> <span class='ocrx_word' id='word_1_282' title='bbox 1074 2391 1330 2464; x_wconf 79' lang='lat' dir='ltr'><strong>Thomae,</strong></span> <span class='ocrx_word' id='word_1_283' title='bbox 1362 2391 1405 2450; x_wconf 89' lang='lat' dir='ltr'><strong>J</strong></span> <span class='ocrx_word' id='word_1_284' title='bbox 1409 2409 1537 2449; x_wconf 89' lang='lat' dir='ltr'><strong>oan.</strong></span> <span class='ocrx_word' id='word_1_285' title='bbox 1580 2410 1684 2451; x_wconf 84' lang='lat' dir='ltr'><strong>xx.</strong></span> <span class='ocrx_word' id='word_1_286' title='bbox 1715 2392 1811 2467; x_wconf 87' lang='grc'><strong>28,</strong></span> <span class='ocrx_word' id='word_1_287' title='bbox 1841 2390 1904 2449; x_wconf 89' lang='lat' dir='ltr'><strong>in</strong></span> <span class='ocrx_word' id='word_1_288' title='bbox 1931 2410 2106 2468; x_wconf 89' lang='lat' dir='ltr'><strong>quam</strong></span> <span class='ocrx_word' id='word_1_289' title='bbox 2133 2392 2585 2454; x_wconf 82' lang='lat' dir='ltr'><strong>admirabundus</strong></span> <span class='ocrx_word' id='word_1_290' title='bbox 2612 2395 2878 2473; x_wconf 88' lang='lat' dir='ltr'><strong>erumpit,</strong></span> 
     </span>
     <span class='ocr_line' id='line_1_27' title="bbox 468 2467 2880 2550; baseline 0.003 -25"><span class='ocrx_word' id='word_1_291' title='bbox 468 2467 599 2526; x_wconf 75' lang='lat' dir='ltr'><strong>Viso</strong></span> <span class='ocrx_word' id='word_1_292' title='bbox 621 2475 679 2527; x_wconf 79' lang='lat' dir='ltr'><strong>et</strong></span> <span class='ocrx_word' id='word_1_293' title='bbox 696 2477 1000 2528; x_wconf 59' lang='lat' dir='ltr'><strong>attrectato</strong></span> <span class='ocrx_word' id='word_1_294' title='bbox 1029 2470 1275 2544; x_wconf 74' lang='lat' dir='ltr'><strong>Christo,</strong></span> <span class='ocrx_word' id='word_1_295' title='bbox 1300 2473 1323 2528; x_wconf 72' lang='grc' dir='ltr'>ὅ</span> <span class='ocrx_word' id='word_1_296' title='bbox 1353 2469 1527 2550; x_wconf 62' lang='grc' dir='ltr'><strong><em>Κῦςεος</em></strong></span> <span class='ocrx_word' id='word_1_297' title='bbox 1551 2495 1667 2545; x_wconf 72' lang='grc' dir='ltr'>μου,</span> <span class='ocrx_word' id='word_1_298' title='bbox 1693 2473 1823 2528; x_wconf 68' lang='grc' dir='ltr'><strong>καὶὸ</strong></span> <span class='ocrx_word' id='word_1_299' title='bbox 1847 2470 1968 2536; x_wconf 67' lang='grc' dir='ltr'><strong>Θιῦς</strong></span> <span class='ocrx_word' id='word_1_300' title='bbox 1983 2497 2098 2546; x_wconf 76' lang='grc' dir='ltr'>μου,</span> <span class='ocrx_word' id='word_1_301' title='bbox 2124 2473 2369 2531; x_wconf 65' lang='lat' dir='ltr'><strong>Domine</strong></span> <span class='ocrx_word' id='word_1_302' title='bbox 2393 2475 2488 2549; x_wconf 71' lang='lat' dir='ltr'><strong>mi,</strong></span> <span class='ocrx_word' id='word_1_303' title='bbox 2519 2483 2575 2532; x_wconf 75' lang='lat' dir='ltr'><strong>et</strong></span> <span class='ocrx_word' id='word_1_304' title='bbox 2598 2477 2758 2532; x_wconf 70' lang='lat' dir='ltr'><strong>Deus</strong></span> <span class='ocrx_word' id='word_1_305' title='bbox 2785 2475 2880 2549; x_wconf 67' lang='lat' dir='ltr'><strong>mi,</strong></span> 
     </span>
     <span class='ocr_line' id='line_1_28' title="bbox 468 2547 2877 2630; baseline 0.002 -24"><span class='ocrx_word' id='word_1_306' title='bbox 468 2547 546 2606; x_wconf 92' lang='lat' dir='ltr'><strong>ad</strong></span> <span class='ocrx_word' id='word_1_307' title='bbox 574 2548 865 2607; x_wconf 90' lang='lat' dir='ltr'><strong>Christum</strong></span> <span class='ocrx_word' id='word_1_308' title='bbox 892 2549 1217 2607; x_wconf 87' lang='lat' dir='ltr'><strong>necessario</strong></span> <span class='ocrx_word' id='word_1_309' title='bbox 1254 2549 1513 2626; x_wconf 87' lang='lat' dir='ltr'><strong>refertur,</strong></span> <span class='ocrx_word' id='word_1_310' title='bbox 1556 2569 1666 2608; x_wconf 90' lang='lat' dir='ltr'><strong>nec</strong></span> <span class='ocrx_word' id='word_1_311' title='bbox 1705 2558 1898 2628; x_wconf 85' lang='lat' dir='ltr'><strong>potest</strong></span> <span class='ocrx_word' id='word_1_312' title='bbox 1937 2550 2051 2609; x_wconf 89' lang='lat' dir='ltr'><strong>nisi</strong></span> <span class='ocrx_word' id='word_1_313' title='bbox 2077 2550 2362 2610; x_wconf 79' lang='lat' dir='ltr'><strong>violenter</strong></span> <span class='ocrx_word' id='word_1_314' title='bbox 2388 2552 2503 2610; x_wconf 88' lang='lat' dir='ltr'><strong>alio</strong></span> <span class='ocrx_word' id='word_1_315' title='bbox 2530 2552 2877 2630; x_wconf 87' lang='lat' dir='ltr'><strong>detorqueri,</strong></span> 
     </span>
    </p>
   </div>
   <div class='ocr_carea' id='block_1_3' title="bbox 470 2626 2994 2706">
    <p class='ocr_par' dir='ltr' id='par_1_6' title="bbox 470 2626 2994 2706">
     <span class='ocr_line' id='line_1_29' title="bbox 470 2626 2994 2706; baseline 0.002 -20"><span class='ocrx_word' id='word_1_316' title='bbox 470 2628 607 2706; x_wconf 90' lang='lat' dir='ltr'><strong>quia</strong></span> <span class='ocrx_word' id='word_1_317' title='bbox 632 2628 927 2705; x_wconf 84' lang='lat' dir='ltr'><strong>praecessit</strong></span> <span class='ocrx_word' id='word_1_318' title='bbox 953 2626 1077 2686; x_wconf 65' lang='lat' dir='ltr'><strong>dm,</strong></span> <span class='ocrx_word' id='word_1_319' title='bbox 1097 2632 1251 2705; x_wconf 66' lang='grc' dir='ltr'>αὐτᾷ,</span> <span class='ocrx_word' id='word_1_320' title='bbox 1284 2630 1432 2689; x_wconf 65' lang='grc' dir='ltr'><strong>ἀίει-ἐι</strong></span> <span class='ocrx_word' id='word_1_321' title='bbox 1458 2631 1580 2706; x_wconf 81' lang='lat' dir='ltr'><strong>ipsi,</strong></span> <span class='ocrx_word' id='word_1_322' title='bbox 1610 2630 1736 2689; x_wconf 87' lang='lat' dir='ltr'><strong>scil.</strong></span> <span class='ocrx_word' id='word_1_323' title='bbox 1767 2630 2015 2705; x_wconf 87' lang='lat' dir='ltr'><strong>Christo,</strong></span> <span class='ocrx_word' id='word_1_324' title='bbox 2047 2638 2113 2689; x_wconf 89' lang='lat' dir='ltr'><strong>ut</strong></span> <span class='ocrx_word' id='word_1_325' title='bbox 2137 2630 2310 2689; x_wconf 91' lang='lat' dir='ltr'><strong>fidem</strong></span> <span class='ocrx_word' id='word_1_326' title='bbox 2341 2650 2504 2689; x_wconf 88' lang='lat' dir='ltr'><strong>suam</strong></span> <span class='ocrx_word' id='word_1_327' title='bbox 2531 2633 2640 2691; x_wconf 83' lang='lat' dir='ltr'><strong>hac</strong></span> <span class='ocrx_word' id='word_1_328' title='bbox 2667 2632 2883 2691; x_wconf 77' lang='lat' dir='ltr'><strong>eximia</strong></span> <span class='ocrx_word' id='word_1_329' title='bbox 2989 2652 2994 2657; x_wconf 83' lang='lat'><strong>·</strong></span> 
     </span>
    </p>
   </div>
   <div class='ocr_carea' id='block_1_4' title="bbox 372 2706 2884 4631">
    <p class='ocr_par' dir='ltr' id='par_1_7' title="bbox 372 2706 2884 4631">
     <span class='ocr_line' id='line_1_30' title="bbox 470 2706 2880 2786; baseline 0.002 -19"><span class='ocrx_word' id='word_1_330' title='bbox 470 2706 828 2767; x_wconf 88' lang='lat' dir='ltr'><strong>confessione</strong></span> <span class='ocrx_word' id='word_1_331' title='bbox 856 2708 944 2765; x_wconf 90' lang='lat' dir='ltr'><strong>illi</strong></span> <span class='ocrx_word' id='word_1_332' title='bbox 970 2709 1327 2785; x_wconf 86' lang='lat' dir='ltr'><strong>approbaret,</strong></span> <span class='ocrx_word' id='word_1_333' title='bbox 1358 2710 1523 2786; x_wconf 86' lang='lat' dir='ltr'><strong>quasi</strong></span> <span class='ocrx_word' id='word_1_334' title='bbox 1553 2708 1724 2784; x_wconf 87' lang='lat' dir='ltr'><strong>dicat,</strong></span> <span class='ocrx_word' id='word_1_335' title='bbox 1761 2712 1848 2767; x_wconf 85' lang='lat' dir='ltr'><strong>Tu</strong></span> <span class='ocrx_word' id='word_1_336' title='bbox 1867 2730 1923 2767; x_wconf 71' lang='lat' dir='ltr'><strong>es</strong></span> <span class='ocrx_word' id='word_1_337' title='bbox 1941 2710 2220 2767; x_wconf 75' lang='lat' dir='ltr'><strong>Dominus</strong></span> <span class='ocrx_word' id='word_1_338' title='bbox 2247 2720 2298 2768; x_wconf 75' lang='lat' dir='ltr'><strong>et</strong></span> <span class='ocrx_word' id='word_1_339' title='bbox 2314 2713 2474 2769; x_wconf 79' lang='lat' dir='ltr'><strong>Deus</strong></span> <span class='ocrx_word' id='word_1_340' title='bbox 2489 2732 2659 2770; x_wconf 74' lang='lat' dir='ltr'><strong>meus.</strong></span> <span class='ocrx_word' id='word_1_341' title='bbox 2707 2712 2880 2772; x_wconf 87' lang='lat' dir='ltr'><strong>Unde</strong></span> 
     </span>
     <span class='ocr_line' id='line_1_31' title="bbox 470 2786 2882 2866; baseline 0.002 -20"><span class='ocrx_word' id='word_1_342' title='bbox 470 2808 588 2846; x_wconf 92' lang='lat' dir='ltr'><strong>non</strong></span> <span class='ocrx_word' id='word_1_343' title='bbox 607 2788 839 2865; x_wconf 87' lang='lat' dir='ltr'><strong>ponitur</strong></span> <span class='ocrx_word' id='word_1_344' title='bbox 866 2787 1261 2847; x_wconf 84' lang='lat' dir='ltr'><strong>admirationis</strong></span> <span class='ocrx_word' id='word_1_345' title='bbox 1288 2798 1427 2848; x_wconf 85' lang='lat' dir='ltr'><strong>nota</strong></span> <span class='ocrx_word' id='word_1_346' title='bbox 1452 2786 1509 2863; x_wconf 67' lang='grc' dir='ltr'>ὅ,</span> <span class='ocrx_word' id='word_1_347' title='bbox 1556 2788 1660 2848; x_wconf 88' lang='lat' dir='ltr'><strong>sed</strong></span> <span class='ocrx_word' id='word_1_348' title='bbox 1687 2788 1962 2848; x_wconf 84' lang='lat' dir='ltr'><strong>articulus</strong></span> <span class='ocrx_word' id='word_1_349' title='bbox 1989 2790 2393 2866; x_wconf 69' lang='lat' dir='ltr'><strong>praepositivus</strong></span> <span class='ocrx_word' id='word_1_350' title='bbox 2420 2793 2463 2849; x_wconf 75' lang='grc' dir='ltr'><strong>ὅ.</strong></span> <span class='ocrx_word' id='word_1_351' title='bbox 2549 2790 2643 2849; x_wconf 89' lang='lat' dir='ltr'><strong>Ita</strong></span> <span class='ocrx_word' id='word_1_352' title='bbox 2670 2791 2882 2852; x_wconf 84' lang='lat' dir='ltr'><strong>dicitur</strong></span> 
     </span>
     <span class='ocr_line' id='line_1_32' title="bbox 470 2867 2880 2945; baseline 0.002 -18"><span class='ocrx_word' id='word_1_353' title='bbox 470 2870 630 2927; x_wconf 79' lang='lat' dir='ltr'><strong>Deus</strong></span> <span class='ocrx_word' id='word_1_354' title='bbox 656 2868 1043 2943; x_wconf 66' lang='lat' dir='ltr'><strong>manifestam</strong></span> <span class='ocrx_word' id='word_1_355' title='bbox 1070 2868 1128 2927; x_wconf 84' lang='lat' dir='ltr'><strong>in</strong></span> <span class='ocrx_word' id='word_1_356' title='bbox 1156 2888 1342 2943; x_wconf 84' lang='lat' dir='ltr'><strong>carne,</strong></span> <span class='ocrx_word' id='word_1_357' title='bbox 1393 2871 1423 2926; x_wconf 93' lang='lat'>1</span> <span class='ocrx_word' id='word_1_358' title='bbox 1455 2870 1603 2927; x_wconf 86' lang='lat' dir='ltr'><strong>Tim.</strong></span> <span class='ocrx_word' id='word_1_359' title='bbox 1634 2867 1717 2927; x_wconf 92' lang='lat' dir='ltr'><strong>iii.</strong></span> <span class='ocrx_word' id='word_1_360' title='bbox 1751 2871 1842 2944; x_wconf 89' lang='grc'><strong>16,</strong></span> <span class='ocrx_word' id='word_1_361' title='bbox 1888 2877 1944 2927; x_wconf 80' lang='lat' dir='ltr'><strong>et</strong></span> <span class='ocrx_word' id='word_1_362' title='bbox 1966 2872 2126 2927; x_wconf 78' lang='lat' dir='ltr'><strong>Deus</strong></span> <span class='ocrx_word' id='word_1_363' title='bbox 2153 2870 2253 2945; x_wconf 79' lang='lat' dir='ltr'><strong>qui</strong></span> <span class='ocrx_word' id='word_1_364' title='bbox 2288 2870 2525 2928; x_wconf 78' lang='lat' dir='ltr'><strong>redemit</strong></span> <span class='ocrx_word' id='word_1_365' title='bbox 2560 2873 2880 2931; x_wconf 69' lang='lat' dir='ltr'><strong>Ecclesiam</strong></span> 
     </span>
     <span class='ocr_line' id='line_1_33' title="bbox 468 2947 2880 3028; baseline 0.001 -21"><span class='ocrx_word' id='word_1_366' title='bbox 468 2970 570 3007; x_wconf 78' lang='lat' dir='ltr'><strong>suo</strong></span> <span class='ocrx_word' id='word_1_367' title='bbox 596 2949 881 3025; x_wconf 74' lang='lat' dir='ltr'><strong>sanquine,</strong></span> <span class='ocrx_word' id='word_1_368' title='bbox 927 2947 1063 3007; x_wconf 89' lang='lat' dir='ltr'><strong>Act.</strong></span> <span class='ocrx_word' id='word_1_369' title='bbox 1092 2968 1195 3006; x_wconf 82' lang='lat' dir='ltr'><strong>xx.</strong></span> <span class='ocrx_word' id='word_1_370' title='bbox 1226 2950 1321 3023; x_wconf 87' lang='grc'><strong>28,</strong></span> <span class='ocrx_word' id='word_1_371' title='bbox 1352 2948 1511 3023; x_wconf 90' lang='lat' dir='ltr'><strong>quod</strong></span> <span class='ocrx_word' id='word_1_372' title='bbox 1536 2947 1654 3007; x_wconf 90' lang='lat' dir='ltr'><strong>dici</strong></span> <span class='ocrx_word' id='word_1_373' title='bbox 1680 2967 1796 3007; x_wconf 93' lang='lat' dir='ltr'><strong>non</strong></span> <span class='ocrx_word' id='word_1_374' title='bbox 1843 2955 2036 3025; x_wconf 89' lang='lat' dir='ltr'><strong>potest</strong></span> <span class='ocrx_word' id='word_1_375' title='bbox 2061 2948 2174 3007; x_wconf 88' lang='lat' dir='ltr'><strong>nisi</strong></span> <span class='ocrx_word' id='word_1_376' title='bbox 2200 2948 2276 3007; x_wconf 92' lang='lat' dir='ltr'><strong>de</strong></span> <span class='ocrx_word' id='word_1_377' title='bbox 2305 2948 2475 3026; x_wconf 90' lang='lat' dir='ltr'><strong>Filio,</strong></span> <span class='ocrx_word' id='word_1_378' title='bbox 2520 2951 2622 3028; x_wconf 91' lang='lat' dir='ltr'><strong>qui</strong></span> <span class='ocrx_word' id='word_1_379' title='bbox 2649 2970 2880 3009; x_wconf 87' lang='lat' dir='ltr'><strong>carnem</strong></span> 
     </span>
     <span class='ocr_line' id='line_1_34' title="bbox 470 3026 2880 3108; baseline 0.001 -22"><span class='ocrx_word' id='word_1_380' title='bbox 470 3036 725 3087; x_wconf 90' lang='lat' dir='ltr'><strong>nostram</strong></span> <span class='ocrx_word' id='word_1_381' title='bbox 748 3027 1073 3105; x_wconf 84' lang='lat' dir='ltr'><strong>assumpsit,</strong></span> <span class='ocrx_word' id='word_1_382' title='bbox 1098 3035 1156 3086; x_wconf 92' lang='lat' dir='ltr'><strong>et</strong></span> <span class='ocrx_word' id='word_1_383' title='bbox 1174 3026 1455 3104; x_wconf 87' lang='lat' dir='ltr'><strong>sanguine</strong></span> <span class='ocrx_word' id='word_1_384' title='bbox 1473 3046 1577 3086; x_wconf 88' lang='lat' dir='ltr'><strong>suo</strong></span> <span class='ocrx_word' id='word_1_385' title='bbox 1606 3036 1878 3087; x_wconf 69' lang='lat' dir='ltr'><strong>aeternam</strong></span> <span class='ocrx_word' id='word_1_386' title='bbox 1899 3026 2350 3105; x_wconf 87' lang='lat' dir='ltr'><strong>redemptionem</strong></span> <span class='ocrx_word' id='word_1_387' title='bbox 2368 3029 2536 3089; x_wconf 88' lang='lat' dir='ltr'><strong>nobis</strong></span> <span class='ocrx_word' id='word_1_388' title='bbox 2551 3030 2880 3108; x_wconf 82' lang='lat' dir='ltr'><strong>acquisivit.</strong></span> 
     </span>
     <span class='ocr_line' id='line_1_35' title="bbox 552 3106 2880 3184; baseline 0.003 -20"><span class='ocrx_word' id='word_1_389' title='bbox 552 3107 673 3166; x_wconf 89' lang='lat' dir='ltr'><strong>XI.</strong></span> <span class='ocrx_word' id='word_1_390' title='bbox 717 3107 840 3165; x_wconf 89' lang='lat' dir='ltr'><strong>Nec</strong></span> <span class='ocrx_word' id='word_1_391' title='bbox 867 3107 1219 3167; x_wconf 87' lang='lat' dir='ltr'><strong>omittendus</strong></span> <span class='ocrx_word' id='word_1_392' title='bbox 1246 3106 1487 3167; x_wconf 89' lang='lat' dir='ltr'><strong>illustris</strong></span> <span class='ocrx_word' id='word_1_393' title='bbox 1513 3107 1694 3182; x_wconf 89' lang='lat' dir='ltr'><strong>locus,</strong></span> <span class='ocrx_word' id='word_1_394' title='bbox 1727 3107 1938 3184; x_wconf 88' lang='lat' dir='ltr'><strong>Philip.</strong></span> <span class='ocrx_word' id='word_1_395' title='bbox 1969 3108 2028 3167; x_wconf 90' lang='lat' dir='ltr'><strong>ii.</strong></span> <span class='ocrx_word' id='word_1_396' title='bbox 2060 3111 2116 3167; x_wconf 87' lang='lat'><strong>6.</strong></span> <span class='ocrx_word' id='word_1_397' title='bbox 2145 3109 2246 3167; x_wconf 93' lang='lat' dir='ltr'><strong>ubi</strong></span> <span class='ocrx_word' id='word_1_398' title='bbox 2271 3110 2480 3184; x_wconf 85' lang='lat' dir='ltr'><strong>forma</strong></span> <span class='ocrx_word' id='word_1_399' title='bbox 2507 3112 2626 3169; x_wconf 81' lang='lat' dir='ltr'><strong>Dei</strong></span> <span class='ocrx_word' id='word_1_400' title='bbox 2651 3111 2880 3171; x_wconf 89' lang='lat' dir='ltr'><strong>Christo</strong></span> 
     </span>
     <span class='ocr_line' id='line_1_36' title="bbox 469 3186 2878 3267; baseline 0.001 -21"><span class='ocrx_word' id='word_1_401' title='bbox 469 3186 832 3263; x_wconf 84' lang='lat' dir='ltr'><strong>adscribitur,</strong></span> <span class='ocrx_word' id='word_1_402' title='bbox 881 3186 1000 3253; x_wconf 73' lang='lat' dir='ltr'><strong>Qui</strong></span> <span class='ocrx_word' id='word_1_403' title='bbox 1023 3208 1147 3245; x_wconf 76' lang='lat' dir='ltr'><strong>cum</strong></span> <span class='ocrx_word' id='word_1_404' title='bbox 1173 3196 1313 3246; x_wconf 69' lang='lat' dir='ltr'><strong>esset</strong></span> <span class='ocrx_word' id='word_1_405' title='bbox 1335 3187 1393 3245; x_wconf 83' lang='lat' dir='ltr'><strong>in</strong></span> <span class='ocrx_word' id='word_1_406' title='bbox 1416 3190 1621 3261; x_wconf 86' lang='lat' dir='ltr'><strong>forma</strong></span> <span class='ocrx_word' id='word_1_407' title='bbox 1646 3188 1778 3263; x_wconf 82' lang='lat' dir='ltr'><strong>Dei,</strong></span> <span class='ocrx_word' id='word_1_408' title='bbox 1808 3208 1920 3247; x_wconf 86' lang='lat' dir='ltr'><strong>non</strong></span> <span class='ocrx_word' id='word_1_409' title='bbox 1947 3190 2230 3265; x_wconf 73' lang='lat' dir='ltr'><strong>reputavit</strong></span> <span class='ocrx_word' id='word_1_410' title='bbox 2252 3189 2522 3266; x_wconf 78' lang='lat' dir='ltr'><strong>rapinam</strong></span> <span class='ocrx_word' id='word_1_411' title='bbox 2549 3210 2662 3251; x_wconf 77' lang='lat' dir='ltr'><strong>esse</strong></span> <span class='ocrx_word' id='word_1_412' title='bbox 2689 3212 2878 3267; x_wconf 79' lang='lat' dir='ltr'><strong>aequa-</strong></span> 
     </span>
     <span class='ocr_line' id='line_1_37' title="bbox 470 3266 2882 3347; baseline 0.002 -22"><span class='ocrx_word' id='word_1_413' title='bbox 470 3270 579 3325; x_wconf 75' lang='lat' dir='ltr'><strong>lem</strong></span> <span class='ocrx_word' id='word_1_414' title='bbox 630 3268 773 3324; x_wconf 76' lang='lat' dir='ltr'><strong>Deo,</strong></span> <span class='ocrx_word' id='word_1_415' title='bbox 869 3266 1043 3326; x_wconf 86' lang='lat' dir='ltr'><strong>Unde</strong></span> <span class='ocrx_word' id='word_1_416' title='bbox 1094 3267 1257 3326; x_wconf 83' lang='lat' dir='ltr'><strong>varia</strong></span> <span class='ocrx_word' id='word_1_417' title='bbox 1306 3276 1647 3345; x_wconf 88' lang='lat' dir='ltr'><strong>argumenta</strong></span> <span class='ocrx_word' id='word_1_418' title='bbox 1709 3276 2001 3346; x_wconf 85' lang='lat' dir='ltr'><strong>petuntur,</strong></span> <span class='ocrx_word' id='word_1_419' title='bbox 2064 3272 2118 3328; x_wconf 90' lang='lat'><strong>1.</strong></span> <span class='ocrx_word' id='word_1_420' title='bbox 2173 3268 2310 3347; x_wconf 88' lang='lat' dir='ltr'><strong>quia</strong></span> <span class='ocrx_word' id='word_1_421' title='bbox 2363 3270 2628 3331; x_wconf 88' lang='lat' dir='ltr'><strong>Christus</strong></span> <span class='ocrx_word' id='word_1_422' title='bbox 2669 3271 2882 3330; x_wconf 87' lang='lat' dir='ltr'><strong>dicitur</strong></span> 
     </span>
     <span class='ocr_line' id='line_1_38' title="bbox 470 3346 2877 3428; baseline 0.002 -23"><span class='ocrx_word' id='word_1_423' title='bbox 470 3365 599 3405; x_wconf 86' lang='lat' dir='ltr'><strong>esse</strong></span> <span class='ocrx_word' id='word_1_424' title='bbox 627 3346 687 3403; x_wconf 90' lang='lat' dir='ltr'><strong>in</strong></span> <span class='ocrx_word' id='word_1_425' title='bbox 700 3348 904 3421; x_wconf 80' lang='lat' dir='ltr'><strong>forma</strong></span> <span class='ocrx_word' id='word_1_426' title='bbox 929 3347 1059 3423; x_wconf 81' lang='lat' dir='ltr'><strong>Dei,</strong></span> <span class='ocrx_word' id='word_1_427' title='bbox 1092 3347 1248 3425; x_wconf 92' lang='lat' dir='ltr'><strong>quod</strong></span> <span class='ocrx_word' id='word_1_428' title='bbox 1265 3366 1382 3406; x_wconf 91' lang='lat' dir='ltr'><strong>non</strong></span> <span class='ocrx_word' id='word_1_429' title='bbox 1407 3356 1605 3425; x_wconf 88' lang='lat' dir='ltr'><strong>posset</strong></span> <span class='ocrx_word' id='word_1_430' title='bbox 1630 3348 1718 3408; x_wconf 88' lang='lat' dir='ltr'><strong>illi</strong></span> <span class='ocrx_word' id='word_1_431' title='bbox 1745 3357 2086 3427; x_wconf 88' lang='lat' dir='ltr'><strong>competere,</strong></span> <span class='ocrx_word' id='word_1_432' title='bbox 2116 3348 2230 3409; x_wconf 89' lang='lat' dir='ltr'><strong>nisi</strong></span> <span class='ocrx_word' id='word_1_433' title='bbox 2268 3358 2420 3409; x_wconf 87' lang='lat' dir='ltr'><strong>esset</strong></span> <span class='ocrx_word' id='word_1_434' title='bbox 2447 3360 2654 3411; x_wconf 87' lang='lat' dir='ltr'><strong>natura</strong></span> <span class='ocrx_word' id='word_1_435' title='bbox 2682 3350 2877 3428; x_wconf 88' lang='lat' dir='ltr'><strong>Deus;</strong></span> 
     </span>
     <span class='ocr_line' id='line_1_39' title="bbox 470 3428 2882 3505; baseline 0.002 -21"><span class='ocrx_word' id='word_1_436' title='bbox 470 3446 607 3484; x_wconf 86' lang='lat' dir='ltr'><strong>nam</strong></span> <span class='ocrx_word' id='word_1_437' title='bbox 634 3436 699 3485; x_wconf 91' lang='lat' dir='ltr'><strong>ut</strong></span> <span class='ocrx_word' id='word_1_438' title='bbox 710 3429 913 3500; x_wconf 79' lang='lat' dir='ltr'><strong>forma</strong></span> <span class='ocrx_word' id='word_1_439' title='bbox 936 3429 1088 3486; x_wconf 72' lang='lat' dir='ltr'><strong>semn&#39;</strong></span> <span class='ocrx_word' id='word_1_440' title='bbox 1122 3428 1211 3486; x_wconf 91' lang='lat' dir='ltr'><strong>illi</strong></span> <span class='ocrx_word' id='word_1_441' title='bbox 1238 3428 1503 3505; x_wconf 86' lang='lat' dir='ltr'><strong>opposita</strong></span> <span class='ocrx_word' id='word_1_442' title='bbox 1528 3430 1852 3489; x_wconf 85' lang='lat' dir='ltr'><strong>necessario</strong></span> <span class='ocrx_word' id='word_1_443' title='bbox 1891 3436 2054 3488; x_wconf 88' lang='lat' dir='ltr'><strong>notat</strong></span> <span class='ocrx_word' id='word_1_444' title='bbox 2094 3437 2356 3488; x_wconf 88' lang='lat' dir='ltr'><strong>naturam</strong></span> <span class='ocrx_word' id='word_1_445' title='bbox 2397 3431 2707 3489; x_wconf 86' lang='lat' dir='ltr'><strong>humanam</strong></span> <span class='ocrx_word' id='word_1_446' title='bbox 2749 3452 2882 3491; x_wconf 88' lang='lat' dir='ltr'><strong>cum</strong></span> 
     </span>
     <span class='ocr_line' id='line_1_40' title="bbox 470 3506 2878 3587; baseline 0.002 -22"><span class='ocrx_word' id='word_1_447' title='bbox 470 3514 629 3565; x_wconf 87' lang='lat' dir='ltr'><strong>statu</strong></span> <span class='ocrx_word' id='word_1_448' title='bbox 656 3506 885 3583; x_wconf 85' lang='lat' dir='ltr'><strong>servili;</strong></span> <span class='ocrx_word' id='word_1_449' title='bbox 932 3508 1025 3566; x_wconf 89' lang='lat' dir='ltr'><strong>Ita</strong></span> <span class='ocrx_word' id='word_1_450' title='bbox 1052 3507 1234 3567; x_wconf 87' lang='lat' dir='ltr'><strong>forma</strong></span> <span class='ocrx_word' id='word_1_451' title='bbox 1262 3508 1392 3586; x_wconf 91' lang='lat' dir='ltr'><strong>Dei,</strong></span> <span class='ocrx_word' id='word_1_452' title='bbox 1438 3510 1768 3569; x_wconf 85' lang='lat' dir='ltr'><strong>Essentiam</strong></span> <span class='ocrx_word' id='word_1_453' title='bbox 1811 3509 2086 3568; x_wconf 84' lang='lat' dir='ltr'><strong>Divinam</strong></span> <span class='ocrx_word' id='word_1_454' title='bbox 2115 3508 2301 3586; x_wconf 85' lang='lat' dir='ltr'><strong>gloria</strong></span> <span class='ocrx_word' id='word_1_455' title='bbox 2341 3518 2400 3568; x_wconf 93' lang='lat' dir='ltr'><strong>et</strong></span> <span class='ocrx_word' id='word_1_456' title='bbox 2439 3510 2743 3587; x_wconf 87' lang='lat' dir='ltr'><strong>majestate</strong></span> <span class='ocrx_word' id='word_1_457' title='bbox 2783 3531 2878 3569; x_wconf 89' lang='lat' dir='ltr'><strong>co-</strong></span> 
     </span>
     <span class='ocr_line' id='line_1_41' title="bbox 470 3586 2881 3667; baseline 0.002 -23"><span class='ocrx_word' id='word_1_458' title='bbox 470 3594 800 3645; x_wconf 88' lang='lat' dir='ltr'><strong>ruscantem</strong></span> <span class='ocrx_word' id='word_1_459' title='bbox 841 3586 1145 3665; x_wconf 85' lang='lat' dir='ltr'><strong>designare</strong></span> <span class='ocrx_word' id='word_1_460' title='bbox 1185 3587 1369 3648; x_wconf 91' lang='lat' dir='ltr'><strong>decet.</strong></span> <span class='ocrx_word' id='word_1_461' title='bbox 1414 3592 1470 3648; x_wconf 89' lang='grc'><strong>2.</strong></span> <span class='ocrx_word' id='word_1_462' title='bbox 1514 3590 1652 3667; x_wconf 91' lang='lat' dir='ltr'><strong>quia</strong></span> <span class='ocrx_word' id='word_1_463' title='bbox 1679 3589 1890 3649; x_wconf 88' lang='lat' dir='ltr'><strong>dicitur</strong></span> <span class='ocrx_word' id='word_1_464' title='bbox 1916 3608 2043 3648; x_wconf 88' lang='lat' dir='ltr'><strong>esse</strong></span> <span class='ocrx_word' id='word_1_465' title='bbox 2071 3590 2304 3665; x_wconf 73' lang='lat' dir='ltr'><strong>(equalis</strong></span> <span class='ocrx_word' id='word_1_466' title='bbox 2345 3591 2490 3666; x_wconf 87' lang='lat' dir='ltr'><strong>Deo,</strong></span> <span class='ocrx_word' id='word_1_467' title='bbox 2535 3599 2660 3650; x_wconf 92' lang='lat' dir='ltr'><strong>tum</strong></span> <span class='ocrx_word' id='word_1_468' title='bbox 2687 3591 2881 3667; x_wconf 91' lang='lat' dir='ltr'><strong>quoad</strong></span> 
     </span>
     <span class='ocr_line' id='line_1_42' title="bbox 467 3667 2884 3747; baseline 0 -18"><span class='ocrx_word' id='word_1_469' title='bbox 467 3675 755 3743; x_wconf 80' lang='lat' dir='ltr'><strong>naturam,</strong></span> <span class='ocrx_word' id='word_1_470' title='bbox 786 3667 924 3745; x_wconf 89' lang='lat' dir='ltr'><strong>quia</strong></span> <span class='ocrx_word' id='word_1_471' title='bbox 948 3667 1103 3727; x_wconf 90' lang='lat' dir='ltr'><strong>idem</strong></span> <span class='ocrx_word' id='word_1_472' title='bbox 1125 3689 1257 3728; x_wconf 90' lang='lat' dir='ltr'><strong>cum</strong></span> <span class='ocrx_word' id='word_1_473' title='bbox 1275 3669 1465 3745; x_wconf 86' lang='lat' dir='ltr'><strong>Patre,</strong></span> <span class='ocrx_word' id='word_1_474' title='bbox 1490 3676 1613 3729; x_wconf 89' lang='lat' dir='ltr'><strong>tum</strong></span> <span class='ocrx_word' id='word_1_475' title='bbox 1642 3669 1835 3747; x_wconf 88' lang='lat' dir='ltr'><strong>quoad</strong></span> <span class='ocrx_word' id='word_1_476' title='bbox 1853 3689 2176 3746; x_wconf 75' lang='lat' dir='ltr'><strong>personam,</strong></span> <span class='ocrx_word' id='word_1_477' title='bbox 2197 3668 2334 3745; x_wconf 85' lang='lat' dir='ltr'><strong>quia</strong></span> <span class='ocrx_word' id='word_1_478' title='bbox 2351 3677 2439 3728; x_wconf 88' lang='lat' dir='ltr'><strong>est</strong></span> <span class='ocrx_word' id='word_1_479' title='bbox 2465 3668 2884 3747; x_wconf 87' lang='lat' dir='ltr'><strong>perfectissima</strong></span> 
     </span>
     <span class='ocr_line' id='line_1_43' title="bbox 467 3746 2882 3827; baseline 0.001 -18"><span class='ocrx_word' id='word_1_480' title='bbox 467 3746 599 3823; x_wconf 72' lang='lat' dir='ltr'><strong>,ejus</strong></span> <span class='ocrx_word' id='word_1_481' title='bbox 644 3746 855 3825; x_wconf 81' lang='lat' dir='ltr'><strong>image,</strong></span> <span class='ocrx_word' id='word_1_482' title='bbox 898 3754 1022 3807; x_wconf 88' lang='lat' dir='ltr'><strong>tum</strong></span> <span class='ocrx_word' id='word_1_483' title='bbox 1050 3749 1244 3826; x_wconf 89' lang='lat' dir='ltr'><strong>quoad</strong></span> <span class='ocrx_word' id='word_1_484' title='bbox 1280 3758 1505 3825; x_wconf 69' lang='lat' dir='ltr'><strong>statum,</strong></span> <span class='ocrx_word' id='word_1_485' title='bbox 1548 3749 1686 3827; x_wconf 88' lang='lat' dir='ltr'><strong>quia</strong></span> <span class='ocrx_word' id='word_1_486' title='bbox 1725 3748 1926 3808; x_wconf 89' lang='lat' dir='ltr'><strong>eadem</strong></span> <span class='ocrx_word' id='word_1_487' title='bbox 1969 3748 2155 3826; x_wconf 87' lang='lat' dir='ltr'><strong>gloria</strong></span> <span class='ocrx_word' id='word_1_488' title='bbox 2193 3748 2268 3807; x_wconf 90' lang='lat' dir='ltr'><strong>ab</strong></span> <span class='ocrx_word' id='word_1_489' title='bbox 2311 3756 2526 3807; x_wconf 74' lang='lat' dir='ltr'><strong>aeterno</strong></span> <span class='ocrx_word' id='word_1_490' title='bbox 2565 3749 2882 3811; x_wconf 86' lang='lat' dir='ltr'><strong>fruebatur.</strong></span> 
     </span>
     <span class='ocr_line' id='line_1_44' title="bbox 466 3827 2882 3908; baseline 0.002 -23"><span class='ocrx_word' id='word_1_491' title='bbox 466 3830 529 3887; x_wconf 84' lang='lat'><strong>3.</strong></span> <span class='ocrx_word' id='word_1_492' title='bbox 559 3827 695 3905; x_wconf 88' lang='lat' dir='ltr'><strong>quia</strong></span> <span class='ocrx_word' id='word_1_493' title='bbox 722 3827 831 3888; x_wconf 89' lang='lat' dir='ltr'><strong>fuit</strong></span> <span class='ocrx_word' id='word_1_494' title='bbox 865 3827 928 3886; x_wconf 92' lang='lat' dir='ltr'><strong>in</strong></span> <span class='ocrx_word' id='word_1_495' title='bbox 968 3828 1153 3888; x_wconf 86' lang='lat' dir='ltr'><strong>forma</strong></span> <span class='ocrx_word' id='word_1_496' title='bbox 1195 3830 1307 3889; x_wconf 90' lang='lat' dir='ltr'><strong>Dei</strong></span> <span class='ocrx_word' id='word_1_497' title='bbox 1347 3838 1656 3907; x_wconf 87' lang='lat' dir='ltr'><strong>antequam</strong></span> <span class='ocrx_word' id='word_1_498' title='bbox 1697 3828 1870 3889; x_wconf 87' lang='lat' dir='ltr'><strong>fuerit</strong></span> <span class='ocrx_word' id='word_1_499' title='bbox 1909 3828 1972 3886; x_wconf 91' lang='lat' dir='ltr'><strong>in</strong></span> <span class='ocrx_word' id='word_1_500' title='bbox 2010 3828 2196 3887; x_wconf 83' lang='lat' dir='ltr'><strong>forma</strong></span> <span class='ocrx_word' id='word_1_501' title='bbox 2235 3829 2406 3903; x_wconf 85' lang='lat' dir='ltr'><strong>servi,</strong></span> <span class='ocrx_word' id='word_1_502' title='bbox 2450 3828 2529 3888; x_wconf 92' lang='lat' dir='ltr'><strong>id.</strong></span> <span class='ocrx_word' id='word_1_503' title='bbox 2573 3838 2882 3908; x_wconf 88' lang='lat' dir='ltr'><strong>antequam</strong></span> 
     </span>
     <span class='ocr_line' id='line_1_45' title="bbox 468 3908 2882 3989; baseline 0.002 -23"><span class='ocrx_word' id='word_1_504' title='bbox 468 3916 642 3968; x_wconf 87' lang='lat' dir='ltr'><strong>natus</strong></span> <span class='ocrx_word' id='word_1_505' title='bbox 664 3908 740 3967; x_wconf 87' lang='lat' dir='ltr'><strong>sit</strong></span> <span class='ocrx_word' id='word_1_506' title='bbox 767 3916 825 3967; x_wconf 91' lang='lat' dir='ltr'><strong>et</strong></span> <span class='ocrx_word' id='word_1_507' title='bbox 851 3910 1025 3968; x_wconf 90' lang='lat' dir='ltr'><strong>homo</strong></span> <span class='ocrx_word' id='word_1_508' title='bbox 1054 3910 1130 3968; x_wconf 89' lang='lat' dir='ltr'><strong>sit</strong></span> <span class='ocrx_word' id='word_1_509' title='bbox 1156 3909 1358 3985; x_wconf 82' lang='lat' dir='ltr'><strong>factus,</strong></span> <span class='ocrx_word' id='word_1_510' title='bbox 1390 3908 1548 3986; x_wconf 89' lang='lat' dir='ltr'><strong>quod</strong></span> <span class='ocrx_word' id='word_1_511' title='bbox 1572 3917 1738 3968; x_wconf 89' lang='lat' dir='ltr'><strong>notat</strong></span> <span class='ocrx_word' id='word_1_512' title='bbox 1764 3908 2006 3968; x_wconf 84' lang='lat' dir='ltr'><strong>verbum</strong></span> <span class='ocrx_word' id='word_1_513' title='bbox 2036 3909 2295 3989; x_wconf 64' lang='grc' dir='ltr'><strong>ὕπαίςχω.</strong></span> <span class='ocrx_word' id='word_1_514' title='bbox 2379 3910 2594 3969; x_wconf 86' lang='lat' dir='ltr'><strong>Frusta</strong></span> <span class='ocrx_word' id='word_1_515' title='bbox 2637 3911 2882 3971; x_wconf 87' lang='lat' dir='ltr'><strong>Socinus</strong></span> 
     </span>
     <span class='ocr_line' id='line_1_46' title="bbox 424 3988 2877 4067; baseline 0.001 -20"><span class='ocrx_word' id='word_1_516' title='bbox 424 4034 435 4047; x_wconf 88' lang='lat'><strong>.</strong></span> <span class='ocrx_word' id='word_1_517' title='bbox 496 4008 715 4065; x_wconf 79' lang='lat' dir='ltr'><strong>ormam</strong></span> <span class='ocrx_word' id='word_1_518' title='bbox 740 3990 859 4046; x_wconf 82' lang='lat' dir='ltr'><strong>Dei</strong></span> <span class='ocrx_word' id='word_1_519' title='bbox 880 3990 1011 4048; x_wconf 81' lang='lat' dir='ltr'><strong>vult</strong></span> <span class='ocrx_word' id='word_1_520' title='bbox 1035 3988 1235 4048; x_wconf 87' lang='lat' dir='ltr'><strong>referri</strong></span> <span class='ocrx_word' id='word_1_521' title='bbox 1262 3990 1337 4048; x_wconf 88' lang='lat' dir='ltr'><strong>ad</strong></span> <span class='ocrx_word' id='word_1_522' title='bbox 1364 3989 1607 4067; x_wconf 86' lang='lat' dir='ltr'><strong>gloriam</strong></span> <span class='ocrx_word' id='word_1_523' title='bbox 1636 3998 1696 4047; x_wconf 92' lang='lat' dir='ltr'><strong>et</strong></span> <span class='ocrx_word' id='word_1_524' title='bbox 1711 3990 2026 4064; x_wconf 78' lang='lat' dir='ltr'><strong>potentiam</strong></span> <span class='ocrx_word' id='word_1_525' title='bbox 2051 3991 2456 4049; x_wconf 81' lang='lat' dir='ltr'><strong>miraculorum</strong></span> <span class='ocrx_word' id='word_1_526' title='bbox 2472 4010 2646 4067; x_wconf 89' lang='lat' dir='ltr'><strong>quam</strong></span> <span class='ocrx_word' id='word_1_527' title='bbox 2677 3991 2877 4049; x_wconf 89' lang='lat' dir='ltr'><strong>Chris·</strong></span> 
     </span>
     <span class='ocr_line' id='line_1_47' title="bbox 372 4067 2876 4147; baseline 0.001 -20"><span class='ocrx_word' id='word_1_528' title='bbox 372 4090 379 4095; x_wconf 90' lang='lat'><strong>·</strong></span> <span class='ocrx_word' id='word_1_529' title='bbox 405 4084 421 4119; x_wconf 84' lang='lat'><strong>·-</strong></span> <span class='ocrx_word' id='word_1_530' title='bbox 496 4070 566 4127; x_wconf 75' lang='lat' dir='ltr'><strong>ils</strong></span> <span class='ocrx_word' id='word_1_531' title='bbox 592 4068 656 4126; x_wconf 90' lang='lat' dir='ltr'><strong>in</strong></span> <span class='ocrx_word' id='word_1_532' title='bbox 681 4068 947 4146; x_wconf 86' lang='lat' dir='ltr'><strong>passione</strong></span> <span class='ocrx_word' id='word_1_533' title='bbox 975 4067 1324 4147; x_wconf 89' lang='lat' dir='ltr'><strong>deposuerit.</strong></span> <span class='ocrx_word' id='word_1_534' title='bbox 1396 4069 1547 4127; x_wconf 89' lang='lat' dir='ltr'><strong>Nam</strong></span> <span class='ocrx_word' id='word_1_535' title='bbox 1576 4068 1660 4127; x_wconf 87' lang='lat' dir='ltr'><strong>sic</strong></span> <span class='ocrx_word' id='word_1_536' title='bbox 1687 4068 1788 4126; x_wconf 86' lang='lat' dir='ltr'><strong>alii</strong></span> <span class='ocrx_word' id='word_1_537' title='bbox 1813 4069 1915 4145; x_wconf 91' lang='lat' dir='ltr'><strong>qui</strong></span> <span class='ocrx_word' id='word_1_538' title='bbox 1942 4068 2095 4127; x_wconf 92' lang='lat' dir='ltr'><strong>dono</strong></span> <span class='ocrx_word' id='word_1_539' title='bbox 2123 4070 2528 4129; x_wconf 87' lang='lat' dir='ltr'><strong>miraculorum</strong></span> <span class='ocrx_word' id='word_1_540' title='bbox 2555 4070 2876 4147; x_wconf 88' lang='lat' dir='ltr'><strong>pollebant,</strong></span> 
     </span>
     <span class='ocr_line' id='line_1_48' title="bbox 546 4147 2880 4228; baseline 0.001 -21"><span class='ocrx_word' id='word_1_541' title='bbox 546 4147 793 4207; x_wconf 88' lang='lat' dir='ltr'><strong>tuissent</strong></span> <span class='ocrx_word' id='word_1_542' title='bbox 812 4147 929 4206; x_wconf 90' lang='lat' dir='ltr'><strong>dici</strong></span> <span class='ocrx_word' id='word_1_543' title='bbox 956 4148 1017 4205; x_wconf 88' lang='lat' dir='ltr'><strong>in</strong></span> <span class='ocrx_word' id='word_1_544' title='bbox 1054 4148 1237 4207; x_wconf 88' lang='lat' dir='ltr'><strong>forma</strong></span> <span class='ocrx_word' id='word_1_545' title='bbox 1278 4148 1407 4224; x_wconf 90' lang='lat' dir='ltr'><strong>Dei,</strong></span> <span class='ocrx_word' id='word_1_546' title='bbox 1452 4148 1611 4224; x_wconf 88' lang='lat' dir='ltr'><strong>quod</strong></span> <span class='ocrx_word' id='word_1_547' title='bbox 1649 4168 1758 4207; x_wconf 90' lang='lat' dir='ltr'><strong>nec</strong></span> <span class='ocrx_word' id='word_1_548' title='bbox 1798 4148 2018 4208; x_wconf 90' lang='lat' dir='ltr'><strong>dictum</strong></span> <span class='ocrx_word' id='word_1_549' title='bbox 2057 4150 2300 4227; x_wconf 85' lang='lat' dir='ltr'><strong>uspiam,</strong></span> <span class='ocrx_word' id='word_1_550' title='bbox 2344 4169 2452 4209; x_wconf 91' lang='lat' dir='ltr'><strong>nec</strong></span> <span class='ocrx_word' id='word_1_551' title='bbox 2493 4150 2610 4209; x_wconf 88' lang='lat' dir='ltr'><strong>dici</strong></span> <span class='ocrx_word' id='word_1_552' title='bbox 2649 4158 2880 4228; x_wconf 84' lang='lat' dir='ltr'><strong>potest:</strong></span> 
     </span>
     <span class='ocr_line' id='line_1_49' title="bbox 467 4225 2878 4308; baseline 0.001 -22"><span class='ocrx_word' id='word_1_553' title='bbox 467 4225 797 4286; x_wconf 86' lang='lat' dir='ltr'><strong>Antithesis</strong></span> <span class='ocrx_word' id='word_1_554' title='bbox 824 4226 1021 4286; x_wconf 80' lang='lat' dir='ltr'><strong>formae</strong></span> <span class='ocrx_word' id='word_1_555' title='bbox 1050 4228 1203 4287; x_wconf 87' lang='lat' dir='ltr'><strong>servi</strong></span> <span class='ocrx_word' id='word_1_556' title='bbox 1228 4247 1347 4287; x_wconf 92' lang='lat' dir='ltr'><strong>non</strong></span> <span class='ocrx_word' id='word_1_557' title='bbox 1372 4228 1579 4305; x_wconf 87' lang='lat' dir='ltr'><strong>probat</strong></span> <span class='ocrx_word' id='word_1_558' title='bbox 1618 4227 1864 4287; x_wconf 88' lang='lat' dir='ltr'><strong>formam</strong></span> <span class='ocrx_word' id='word_1_559' title='bbox 1908 4229 2019 4288; x_wconf 90' lang='lat' dir='ltr'><strong>Dei</strong></span> <span class='ocrx_word' id='word_1_560' title='bbox 2055 4248 2184 4289; x_wconf 87' lang='lat' dir='ltr'><strong>esse</strong></span> <span class='ocrx_word' id='word_1_561' title='bbox 2223 4236 2450 4290; x_wconf 85' lang='lat' dir='ltr'><strong>tantum</strong></span> <span class='ocrx_word' id='word_1_562' title='bbox 2489 4230 2738 4308; x_wconf 86' lang='lat' dir='ltr'><strong>speciem</strong></span> <span class='ocrx_word' id='word_1_563' title='bbox 2775 4230 2878 4289; x_wconf 84' lang='lat' dir='ltr'><strong>ali-</strong></span> 
     </span>
     <span class='ocr_line' id='line_1_50' title="bbox 464 4307 2878 4386; baseline 0.001 -20"><span class='ocrx_word' id='word_1_564' title='bbox 464 4326 642 4385; x_wconf 88' lang='lat' dir='ltr'><strong>quam</strong></span> <span class='ocrx_word' id='word_1_565' title='bbox 682 4314 984 4366; x_wconf 88' lang='lat' dir='ltr'><strong>externam</strong></span> <span class='ocrx_word' id='word_1_566' title='bbox 1024 4315 1085 4367; x_wconf 92' lang='lat' dir='ltr'><strong>et</strong></span> <span class='ocrx_word' id='word_1_567' title='bbox 1124 4308 1479 4385; x_wconf 86' lang='lat' dir='ltr'><strong>qualitatem,</strong></span> <span class='ocrx_word' id='word_1_568' title='bbox 1520 4307 1637 4367; x_wconf 90' lang='lat' dir='ltr'><strong>imo</strong></span> <span class='ocrx_word' id='word_1_569' title='bbox 1679 4308 2030 4368; x_wconf 89' lang='lat' dir='ltr'><strong>contrarium</strong></span> <span class='ocrx_word' id='word_1_570' title='bbox 2069 4308 2324 4386; x_wconf 78' lang='lat' dir='ltr'><strong>evincit3</strong></span> <span class='ocrx_word' id='word_1_571' title='bbox 2376 4310 2526 4369; x_wconf 83' lang='lat' dir='ltr'><strong>Nam</strong></span> <span class='ocrx_word' id='word_1_572' title='bbox 2565 4318 2634 4369; x_wconf 92' lang='lat' dir='ltr'><strong>ut</strong></span> <span class='ocrx_word' id='word_1_573' title='bbox 2675 4310 2878 4368; x_wconf 85' lang='lat' dir='ltr'><strong>similis</strong></span> 
     </span>
     <span class='ocr_line' id='line_1_51' title="bbox 464 4384 2875 4466; baseline 0 -20"><span class='ocrx_word' id='word_1_574' title='bbox 464 4386 721 4447; x_wconf 88' lang='lat' dir='ltr'><strong>conditio</strong></span> <span class='ocrx_word' id='word_1_575' title='bbox 746 4406 865 4445; x_wconf 89' lang='lat' dir='ltr'><strong>non</strong></span> <span class='ocrx_word' id='word_1_576' title='bbox 904 4387 1092 4465; x_wconf 91' lang='lat' dir='ltr'><strong>potuit</strong></span> <span class='ocrx_word' id='word_1_577' title='bbox 1131 4407 1259 4447; x_wconf 86' lang='lat' dir='ltr'><strong>esse</strong></span> <span class='ocrx_word' id='word_1_578' title='bbox 1298 4388 1413 4447; x_wconf 90' lang='lat' dir='ltr'><strong>nisi</strong></span> <span class='ocrx_word' id='word_1_579' title='bbox 1452 4387 1515 4446; x_wconf 90' lang='lat' dir='ltr'><strong>in</strong></span> <span class='ocrx_word' id='word_1_580' title='bbox 1554 4390 1821 4448; x_wconf 85' lang='lat' dir='ltr'><strong>hnmana·</strong></span> <span class='ocrx_word' id='word_1_581' title='bbox 1847 4396 2084 4465; x_wconf 79' lang='lat' dir='ltr'><strong>natura3</strong></span> <span class='ocrx_word' id='word_1_582' title='bbox 2132 4390 2226 4449; x_wconf 86' lang='lat' dir='ltr'><strong>Ita</strong></span> <span class='ocrx_word' id='word_1_583' title='bbox 2250 4390 2436 4449; x_wconf 89' lang='lat' dir='ltr'><strong>forma</strong></span> <span class='ocrx_word' id='word_1_584' title='bbox 2477 4384 2589 4448; x_wconf 89' lang='lat' dir='ltr'><strong>Dei</strong></span> <span class='ocrx_word' id='word_1_585' title='bbox 2631 4410 2748 4447; x_wconf 91' lang='lat' dir='ltr'><strong>non</strong></span> <span class='ocrx_word' id='word_1_586' title='bbox 2773 4409 2875 4466; x_wconf 90' lang='lat' dir='ltr'><strong>po·</strong></span> 
     </span>
     <span class='ocr_line' id='line_1_52' title="bbox 463 4466 2875 4547; baseline -0 -21"><span class='ocrx_word' id='word_1_587' title='bbox 463 4475 581 4527; x_wconf 89' lang='lat' dir='ltr'><strong>test</strong></span> <span class='ocrx_word' id='word_1_588' title='bbox 608 4486 735 4528; x_wconf 87' lang='lat' dir='ltr'><strong>esse</strong></span> <span class='ocrx_word' id='word_1_589' title='bbox 762 4466 874 4526; x_wconf 88' lang='lat' dir='ltr'><strong>nisi</strong></span> <span class='ocrx_word' id='word_1_590' title='bbox 900 4468 962 4525; x_wconf 91' lang='lat' dir='ltr'><strong>in</strong></span> <span class='ocrx_word' id='word_1_591' title='bbox 990 4469 1239 4527; x_wconf 87' lang='lat' dir='ltr'><strong>essentia</strong></span> <span class='ocrx_word' id='word_1_592' title='bbox 1268 4468 1397 4529; x_wconf 84' lang='lat' dir='ltr'><strong>Dei.</strong></span> <span class='ocrx_word' id='word_1_593' title='bbox 1482 4470 1605 4529; x_wconf 90' lang='lat' dir='ltr'><strong>Nec</strong></span> <span class='ocrx_word' id='word_1_594' title='bbox 1632 4469 1966 4546; x_wconf 80' lang='lat' dir='ltr'><strong>exinanitio,</strong></span> <span class='ocrx_word' id='word_1_595' title='bbox 1997 4489 2128 4547; x_wconf 74' lang='lat' dir='ltr'><strong>quse</strong></span> <span class='ocrx_word' id='word_1_596' title='bbox 2157 4470 2386 4530; x_wconf 88' lang='lat' dir='ltr'><strong>Christo</strong></span> <span class='ocrx_word' id='word_1_597' title='bbox 2413 4469 2698 4544; x_wconf 87' lang='lat' dir='ltr'><strong>tribuitur,</strong></span> <span class='ocrx_word' id='word_1_598' title='bbox 2739 4488 2875 4527; x_wconf 90' lang='lat' dir='ltr'><strong>con-</strong></span> 
     </span>
     <span class='ocr_line' id='line_1_53' title="bbox 462 4548 2874 4631; baseline 0 -24"><span class='ocrx_word' id='word_1_599' title='bbox 462 4548 619 4609; x_wconf 85' lang='lat' dir='ltr'><strong>sistit</strong></span> <span class='ocrx_word' id='word_1_600' title='bbox 644 4548 707 4608; x_wconf 88' lang='lat' dir='ltr'><strong>in</strong></span> <span class='ocrx_word' id='word_1_601' title='bbox 732 4548 930 4609; x_wconf 64' lang='lat' dir='ltr'><strong>formae</strong></span> <span class='ocrx_word' id='word_1_602' title='bbox 956 4548 1124 4610; x_wconf 86' lang='lat' dir='ltr'><strong>istius</strong></span> <span class='ocrx_word' id='word_1_603' title='bbox 1150 4549 1366 4611; x_wconf 80' lang='lat' dir='ltr'><strong>divinae</strong></span> <span class='ocrx_word' id='word_1_604' title='bbox 1406 4548 1766 4631; x_wconf 87' lang='lat' dir='ltr'><strong>depositione</strong></span> <span class='ocrx_word' id='word_1_605' title='bbox 1791 4550 2074 4627; x_wconf 86' lang='lat' dir='ltr'><strong>absoluta,</strong></span> <span class='ocrx_word' id='word_1_606' title='bbox 2119 4550 2224 4610; x_wconf 90' lang='lat' dir='ltr'><strong>sed</strong></span> <span class='ocrx_word' id='word_1_607' title='bbox 2259 4558 2484 4611; x_wconf 86' lang='lat' dir='ltr'><strong>tantum</strong></span> <span class='ocrx_word' id='word_1_608' title='bbox 2525 4549 2586 4607; x_wconf 88' lang='lat' dir='ltr'><strong>in</strong></span> <span class='ocrx_word' id='word_1_609' title='bbox 2623 4548 2874 4609; x_wconf 86' lang='lat' dir='ltr'><strong>occulta-</strong></span> 
     </span>
    </p>
   </div>
   <div class='ocr_carea' id='block_1_5' title="bbox 548 4812 695 4881">
    <p class='ocr_par' dir='ltr' id='par_1_8' title="bbox 548 4812 695 4881">
     <span class='ocr_line' id='line_1_54' title="bbox 548 4812 695 4881; baseline 0 -58"><span class='ocrx_word' id='word_1_610' title='bbox 548 4812 695 4881; x_wconf 62' lang='lat' dir='ltr'><strong>&#39;‘ae„</strong></span> 
     </span>
    </p>
   </div>
  </div>
 </body>
</html>
