3300 5225
394 384 617 435 Quffisr.
648 363 812 447 xlx]
1238 386 1319 429 na
1348 386 1467 429 nso
1494 386 1639 448 mm,
1664 386 1740 429 m·
1765 386 1966 431 ramo.
2691 366 2820 428 213

392 533 483 587 est
510 545 547 585 a
560 524 743 585 'nobis
768 525 815 585 J
815 524 1015 585 ustitia
1040 524 1401 605 universalis,
1432 538 1491 590 et
1516 528 1593 589 ab
1634 526 1766 589 aliis
1791 528 2033 589 Jmtiakt
2056 526 2187 606 Det‘,
2219 544 2349 605 quse
2382 522 2661 605 competit
2697 524 2818 605 ipsi

393 626 513 683 qua
541 606 703 665 Deus
731 614 861 667 est:
900 606 1017 665 Vel
1042 610 1221 667 relate
1245 618 1512 687 respectu
1538 628 1790 686 cyressas
1817 617 1878 668 et
1903 606 2158 667 exeo-caui
2193 607 2354 685 quod
2379 607 2557 667 habet
2581 626 2685 685 per
2704 624 2819 666 vo-·

392 686 676 746 luntatem
694 686 968 761 divinam,
990 687 1309 747 secundum
1328 689 1591 767 regulam
1601 690 1754 767 juris
1772 688 1864 747 sui
1885 687 2137 766 supremi
2157 706 2224 746 ac
2246 684 2540 765 sapientia}
2561 695 2814 747 aetornae.

397 766 635 843 Duplex
649 786 789 833 vero
804 774 997 844 potest
1012 766 1309 826 observari
1326 789 1345 827 :
1385 769 1500 828 Vel
1517 769 1579 827 in
1598 768 1866 845 reyimine
1887 776 1946 826 et
1963 766 2378 845 gubernatione
2400 775 2818 844 ereaturarum,-

392 866 525 924 quse
552 854 795 905 vocatur
818 846 1055 905 Justitia
1080 848 1401 923 Dmninica,
1432 868 1563 925 quse
1589 846 1678 906 illi
1705 848 1996 925 competit,
2025 866 2143 925 qua
2177 842 2464 906 Dominus
2491 854 2596 921 est,
2627 854 2686 905 et
2713 866 2812 906 su·-

392 946 627 1005 prcmus
654 946 843 985 rerum
872 925 1127 1002 Arbiter,
1156 928 1260 1021 qui
1286 926 1425 986 facit
1452 927 1524 986 de
1552 947 1660 987 suo
1686 927 1846 1005 quod
1872 928 2017 1003 vult,
2048 936 2108 986 et
2143 928 2400 986 actiones
2425 944 2630 1011 omnes
2670 942 2816 987 suas

393 1008 456 1065 in
483 1006 860 1085 gubernando
886 1014 946 1065 et
973 1006 1427 1066 administrando
1454 1027 1546 1065 res
1568 1006 1788 1067 creatas
1806 1007 2022 1084 dirigit,
2047 1006 2364 1066 secundum
2383 1024 2642 1065 normam
2656 1006 2816 1085 juris

394 1095 455 1146 et
482 1086 777 1165 sapientise
806 1106 963 1163 suse3
1028 1086 1187 1163 quod
1226 1087 1381 1145 enim
1426 1086 1489 1144 in
1530 1087 1706 1146 rebus
1745 1086 2215 1146 administrandis
2255 1086 2424 1146 nobis
2453 1087 2582 1145 Lex
2607 1095 2715 1162 est,
2745 1087 2815 1145 in·

397 1166 526 1226 Deo
552 1174 643 1226 est
662 1166 763 1243 jus
792 1186 979 1241 suum,
1008 1185 1139 1225 cum
1168 1166 1592 1243 sapientissima
1618 1176 1678 1226 et
1710 1166 2036 1245 justissima
2063 1166 2361 1225 voluntate
2399 1166 2770 1243 conjunctum
2791 1182 2814 1227 ε’

394 1247 513 1306 Vel
538 1247 599 1305 in
623 1246 883 1321 Judicizk,
914 1246 1099 1323 iisque
1124 1246 1225 1304 vel
1255 1245 1705 1324 praemiantibus,
1735 1247 1835 1305 vel
1873 1245 2322 1319 vindicantibus,
2353 1252 2413 1304 et
2451 1247 2563 1305 hoc
2591 1246 2688 1305 vel
2729 1246 2808 1305 ad

392 1326 847 1403 castigationem,
878 1326 977 1383 vel
1002 1324 1079 1383 ad
1112 1325 1410 1401 ultionem,
1441 1345 1571 1403 quoe
1597 1327 1836 1385 Jusfida
1861 1324 2206 1385 vindicatrix
2231 1326 2329 1383 vel
2369 1326 2550 1385 ultrix
2575 1325 2808 1402 dicitur,

392 1405 465 1465 de
494 1424 609 1483 qua
596 1406 879 1544 ᾶὲυωεᾰο
904 1404 1200 1484 proposita
1225 1405 1383 1484 agit:
1424 1406 1503 1464 ad
1528 1406 1698 1485 cujus
1723 1405 2168 1484 intelligentiam
2185 1403 2452 1484 quaedam
2479 1404 2552 1465 de
2571 1424 2641 1464 ea
2660 1426 2811 1484 prae-⁶

390 1486 595 1545 mitten
698 1492 851 1545 sunt.

412 1620 421 1629 '
448 1620 616 1667 Status
645 1618 812 1670 Quaes-

509 1734 520 1739 „
545 1679 711 1739 tionis-

993 1564 1107 1624 IV.
1150 1562 1351 1626 Posita
1370 1565 1649 1625 creatura
1665 1564 1934 1625 rationali
1962 1572 2020 1625 et
2046 1565 2174 1644 ejus
2190 1563 2577 1642 dependentia
2597 1564 2807 1624 morali

910 1664 946 1703 a
959 1645 1103 1721 Dec,
1116 1646 1337 1722 primus
1344 1666 1617 1723 egressus
1632 1646 1808 1725 hujus
1817 1646 2059 1725 justitiae
2072 1652 2161 1704 est
2176 1644 2238 1702 in
2247 1645 2628 1704 constitvm'one
2639 1646 2816 1723 Legio

818 1732 829 1739 ‘
901 1726 1163 1803 poenalis,
1186 1744 1303 1785 non
1324 1726 1664 1805 simpliciter
1683 1746 1800 1806 qua
1821 1726 1949 1785 Lex
1975 1732 2081 1801 est,
2103 1726 2215 1784 hoc
2236 1725 2389 1783 enim
2411 1725 2638 1817 proprie
2663 1744 2806 1803 pen·

390 1802 491 1864 det
510 1824 547 1864 a
562 1805 606 1865 J
606 1804 807 1865 ustitia
822 1805 1137 1882 regiminis,
1153 1805 1255 1865 sed
1272 1808 1639 1883 quapoenalis
1655 1829 1676 1865 .·
1701 1804 2002 1866 Secundus
2017 1824 2050 1865 e
2123 1822 2288 1865 essus
2303 1812 2394 1863 est
2409 1824 2470 1862 ιιι
2486 1805 2614 1881 ipsa
2621 1822 2815 1881 poenoe

389 1884 683 1963 §affictione
698 1909 725 1958 ,·
769 1885 887 1945 Sed
912 1885 1041 1963 ipsa
1067 1905 1263 1944 rursus
1284 1888 1531 1963 spectari
1550 1894 1758 1964 potest,
1779 1886 1876 1945 vel
1897 1904 2048 1963 quoa
2108 1904 2228 1944 rem
2255 1895 2308 1944 et
2332 1886 2697 1944 substantiam
2718 1886 2807 1963 ip-

391 1984 515 2023 sam
542 1984 727 2041 poenoe
744 1964 805 2022 in
832 1984 1060 2043 genere,
1081 1965 1177 2023 vel
1204 1965 1398 2043 quoad
1422 1968 1652 2024 ‘modum
1667 1974 1726 2025 et
1746 1966 2222 2041 circumstantias,
2248 1984 2380 2044 quse
2409 1965 2803 2041 attenduntur,

390 2044 488 2103 vel
513 2044 575 2101 in
602 2052 875 2121 tempore,
904 2044 1001 2103 vel
1029 2044 1095 2102 in
1118 2044 1321 2127 gradu,
1351 2044 1449 2103 vel
1475 2045 1539 2103 in
1562 2047 1844 2123 personis.
1928 2045 2169 2120 Rursus,
2199 2047 2312 2103 Jus
2347 2046 2460 2103 Dei
2487 2045 2642 2103 circa
2678 2064 2813 2123 pos·-

389 2143 541 2199 nam,
571 2124 669 2183 vel
696 2132 785 2183 est
808 2142 1085 2183 summum
1110 2132 1170 2183 et
1210 2124 1533 2201 rigorosum
1574 2124 1734 2202 quod
1759 2130 2001 2183 vocatur
2039 2122 2421 2205 ἇκςιβοδὶαων,
2451 2124 2551 2183 vel
2577 2132 2668 2183 est
2691 2127 2818 2183 Just

390 2204 641 2281 quadam
668 2204 895 2281 {vannus
921 2210 1289 2280 temperatum
1304 2225 1325 2263 .·
1366 2203 1559 2281 quoad
1584 2204 1763 2281 prius,
1791 2222 1965 2282 poena
1989 2204 2304 2282 imponitur
2328 2223 2446 2263 non
2471 2204 2646 2261 modo
2665 2222 2802 2281 pec·
2841 2261 2845 2265 .

390 2292 521 2343 cato
549 2284 653 2343 sed
680 2293 739 2343 et
765 2284 877 2361 ipsi
904 2302 1162 2361 personae
1188 2284 1529 2362 peccati-ich
1572 2283 1768 2361 quoad
1804 2284 2110 2361 posterius,
2139 2283 2448 2361 multiplex
2486 2282 2654 2341 datur
2681 2300 2806 2342 mo-

390 2362 610 2423 deratio
638 2364 699 2422 in
717 2363 963 2440 justitiae
990 2364 1285 2439 exercitiO,
1315 2363 1412 2422 vel
1437 2363 1499 2421 in
1526 2372 1784 2441 tempore
1811 2383 1916 2441 per
1942 2362 2292 2437 dilationem,
2323 2362 2423 2421 vel
2454 2362 2515 2420 in
2541 2358 2816 2439 personis

388 2464 493 2521 per
533 2442 984 2518 translationem,
1014 2442 1111 2502 vel
1158 2442 1219 2501 in
1264 2442 1541 2521 gradibus
1584 2462 1690 2521 per
1727 2443 2167 2520 mitigationem.
2251 2442 2410 2501 Hinc
2450 2440 2670 2519 duplex
2701 2444 2814 2521 jus

388 2523 570 2583 oritur
596 2523 749 2583 circa
787 2542 975 2600 poenae
1021 2521 1433 2600 inflictionem;
1497 2522 1658 2581 aliud
1700 2522 2089 2582 necessarium
2134 2530 2194 2581 et
2233 2520 2684 2599 indispensabile
2709 2536 2816 2583 red

388 2612 587 2681 spectu
614 2603 839 2682 peccati
864 2602 1062 2680 ipsius,
1093 2602 1253 2662 aliud
1277 2622 1417 2662 vero
1442 2602 1692 2662 liberum
1733 2610 1792 2662 et
1817 2602 2131 2680 positivum
2169 2609 2436 2680 respectu
2462 2604 2816 2680 peccatoris-¹0·

388 2684 430 2743 J
432 2684 631 2743 ustitia
661 2683 917 2762 postulat
955 2683 1277 2742 necessario
1324 2689 1391 2741 ut
1431 2690 1734 2760 peccatum
1772 2701 1944 2742 omne
1979 2683 2266 2761 puniatur,
2298 2682 2402 2741 sed
2442 2701 2560 2740 non
2586 2683 2812 2762 pariter.

386 2764 643 2842 postulat
666 2773 733 2825 ut
758 2763 1031 2840 puniatur
1056 2763 1118 2820 in
1144 2763 1273 2840 ipsa
1297 2781 1545 2840 persona
1581 2771 1877 2840 peccante,
1906 2762 2004 2822 vel
2029 2762 2136 2820 tali
2173 2769 2434 2841 tempore
2475 2769 2534 2820 et
2575 2763 2760 2839 gradu
2782 2783 2798 2840 ς

387 2843 547 2921 quod
570 2863 687 2902 non
712 2843 865 2902 male
892 2863 929 2901 a
958 2842 1331 2902 Scholasticis
1370 2861 1728 2919 expressum,
1763 2841 1997 2920 quando
2037 2842 2312 2901 dixerunt
2349 2843 2814 2920 impersonaliter-1

386 2943 617 3002 poenam
642 2922 967 2984 necessario
988 2922 1175 3000 infligi
1194 2922 1353 2981 omni
1371 2930 1627 3000 peccato,
1654 2922 1756 2982 sed
1777 2941 1894 2981 non
1903 2922 2286 3000 personaliter
2306 2923 2464 2981 omni
2489 2922 2798 2999 peccatori.

468 3003 546 3064 V.
590 3003 757 3062 Licet
782 3010 975 3061 autem
996 3001 1239 3080 justitiae
1267 3021 1566 3079 egressum
1591 3002 1982 3062 necessarium
2011 3002 2445 3078 constituamus,
2475 3021 2592 3062 non
2619 3021 2816 3079 nega*

386 3103 519 3142 mus
558 3090 753 3141 tamen
794 3081 986 3141 Deum
1027 3081 1207 3140 libere
1247 3101 1376 3141 eam
1416 3084 1722 3159 exercere;
1773 3081 2103 3141 Necessitas
2147 3081 2359 3166 quippe
2399 3082 2513 3141 ista
2551 3101 2670 3141 non
2710 3089 2800 3142 est

386 3162 691 3224 exclusiva
736 3161 1007 3220 libet-tat&
1052 3161 1482 3237 concomitante),
1540 3162 1643 3222 sed
1697 3169 1922 3222 tantum
1975 3161 2364 3237 indifferentiae
2395 3165 2797 3239 ‘antecedenti-1,

388 3241 707 3302 secundum
734 3259 909 3319 quam
936 3239 1181 3299 dicimus
1220 3240 1411 3318 posita
1438 3251 1701 3301 creatura
1738 3241 2056 3320 peccatrice
2099 3242 2294 3300 Deum
2329 3235 2512 3301 libere
2539 3241 2794 3319 quidem,

386 3322 451 3381 id
490 3329 596 3398 est,
629 3329 833 3398 sponte
860 3328 919 3379 et
946 3320 1070 3379 sine
1098 3320 1409 3396 coactione,
1440 3320 1707 3379 inclinari
1739 3321 1816 3379 ad
1853 3339 2085 3399 poenam
2123 3317 2516 3399 infligendam,
2549 3321 2654 3382 sed
2679 3333 2814 3381 non·

386 3399 797 3476 indifferenter,
825 3400 995 3477 quasi
1018 3408 1217 3478 posset
1242 3419 1347 3477 pro
1373 3399 1545 3460 libitu
1570 3400 1822 3479 plectere
1849 3400 1948 3458 vel
1973 3419 2092 3459 non
2118 3399 2388 3477 plectere.

468 3480 581 3540 VI.
627 3479 801 3540 Unde
840 3487 1000 3557 patet
1039 3479 1213 3539 etiam
1254 3499 1370 3557 quo
1412 3498 1587 3540 sensu
1625 3480 1910 3538 naturalis
1948 3479 2176 3538 dicatur
2215 3480 2330 3539 ista
2369 3479 2634 3556 justitia3
2677 3497 2796 3539 non

426 3561 555 3621 nasi
594 3558 999 3620 necessitatem
1039 3559 1341 3638 physicam
1380 3578 1575 3618 secum
1616 3559 1825 3635 trahat,
1871 3558 1974 3617 sed
2013 3557 2152 3636 quia
2191 3557 2254 3616 in
2293 3559 2422 3637 ipsa
2449 3559 2562 3618 Dei
2588 3567 2814 3621 natura.

410 3640 677 3716 undatur,
721 3639 839 3698 imo
878 3647 940 3698 et
978 3659 1111 3700 cum
1150 3640 1279 3718 ipsa
1316 3638 1720 3713 identificatur,
1763 3639 1902 3696 lieet
1927 3656 2046 3697 non
2082 3637 2270 3719 possit
2304 3657 2430 3697 sese
2457 3657 2692 3697 exerere
2721 3638 2798 3698 ad

387 3727 555 3779 extra
592 3718 707 3779 nisi
746 3719 1035 3778 mediante
1074 3728 1211 3778 actu
1247 3719 1577 3779 intellectus
1618 3726 1680 3777 et
1703 3717 2038 3792 voluntatis,
2082 3715 2288 3777 eodem
2325 3716 2498 3776 modo
2540 3734 2656 3794 quo
2683 3719 2798 3777 alia

386 3799 680 3874 attributa,
723 3819 855 3877 quae
893 3798 1032 3858 licet
1070 3799 1355 3858 naturalia
1396 3797 1528 3874 sint,
1574 3817 1695 3860 non
1735 3805 2076 3857 exercentur
2115 3805 2308 3858 tamen
2351 3795 2464 3857 nisi
2507 3796 2814 3858 mediante‘

385 3879 571 3939 libera
596 3879 911 3954 voluntate,
940 3887 1007 3938 ut
1032 3877 1277 3955 bonitas,
1308 3877 1607 3956 sapientia,
1639 3875 1752 3938 dcc.

408 3991 415 3998 ·
470 3959 618 4020 VII.
664 3959 711 4018 J
712 3958 913 4020 ustitia
952 3958 1068 4017 ista
1112 3957 1391 4017 trifariam
1438 3965 1763 4036 spectatum
1813 3955 1930 4016 Vel
1975 3975 2082 4034 per
2119 3954 2358 4015 modum
2405 3951 2650 4033 δυνάμεως
2693 3977 2806 4018 seu·

386 4037 694 4115 facultatis,
724 4057 841 4116 quo
870 4057 1043 4098 sensu
1070 4046 1161 4097 est
1184 4039 1313 4116 ipsa
1337 4038 1609 4098 voluntas
1638 4038 1754 4095 Dei
1779 4056 2070 4112 aversam,
2101 4045 2162 4096 et
2196 4037 2404 4119 punire
2431 4039 2636 4096 volens
2662 4058 2812 4115 pec--

388 4127 647 4194 catores;
689 4118 806 4177 Vel
830 4126 899 4178 ut
925 4119 1127 4199 trima
1150 4118 1279 4197 ipsa
1304 4125 1365 4178 et
1390 4126 1555 4178 actus
1574 4115 1786 4196 judicii
1812 4136 1914 4176 seu
1939 4116 2272 4194 punitionis,
2303 4135 2420 4194 quo
2442 4117 2665 4194 judicia
2692 4133 2814 4178 sua·

386 4198 451 4258 in
476 4203 807 4276 peccatores
833 4199 1173 4276 exequitur3
1218 4197 1335 4257 Vel
1374 4218 1479 4276 pro
1504 4197 1714 4256 effecto
1739 4197 1868 4274 ipso
1896 4215 2000 4255 seu
2026 4194 2205 4274 poena'
2224 4216 2260 4255 a
2280 4195 2511 4273 justitia
2537 4191 2796 4258 inflicta:

390 4279 513 4342 Nos
552 4279 649 4338 hie
685 4298 805 4337 non
830 4277 903 4336 de
936 4277 1109 4337 tertio
1148 4277 1493 4355 significatu,
1538 4275 1644 4336 sed
1685 4275 1758 4334 de
1797 4275 1993 4354 primo
2021 4284 2081 4336 et
2124 4276 2378 4335 secundo
2418 4277 2662 4355 agimus,
2695 4276 2797 4356 qui

387 4357 663 4418 videntur
686 4357 982 4435 conjungi,
1016 4358 1115 4418 Ps'.
1142 4357 1303 4418 cxix.
1335 4360 1469 4417 13⁷.
1509 4357 1714 4418 Justus
1739 4375 1802 4415 es
1821 4357 1999 4433 Deus,
2030 4358 2256 4432 etjusta
2267 4357 2500 4432 judicia
2526 4366 2643 4417 tua.

468 4437 659 4497 VIII.
698 4437 953 4513 Quaestio
968 4437 1076 4496 'hic
1103 4436 1273 4496 nobis
1299 4445 1567 4497 m'ovetur
1591 4454 1628 4495 a
1659 4435 1982 4496 Socinianis
2009 4435 2084 4495 de
2110 4437 2154 4496 J
2155 4435 2356 4496 ustitia
2393 4437 2508 4496 ista
2533 4432 2794 4496 vindica-

386 4517 565 4594 trice;
609 4519 713 4596 qui
750 4525 817 4578 ut
856 4516 1089 4578 facilius
1128 4516 1593 4578 Satisfactionem
1634 4514 1850 4576 Christi
1890 4515 2205 4592 destruant,
2247 4525 2467 4594 negant
2491 4517 2538 4577 J
2538 4516 2794 4576 ustitiam

388 4597 824 4658 vindicati-icem
853 4597 982 4657 Deo
1010 4617 1139 4658 esse
1164 4597 1503 4673 naturalem,
1536 4596 1641 4656 sed
1679 4604 1906 4656 tantum
1944 4595 2253 4656 liberrimae
2279 4597 2598 4656 voluntatis
2625 4595 2796 4654 effec-

388 4685 697 4760 mm„quae
734 4678 921 4757 possit
961 4697 1089 4740 esse
1130 4687 1190 4738 et
1230 4697 1351 4738 non
1388 4695 1539 4755 esse,
1578 4676 1780 4756 eadem
1821 4676 2040 4740 ratione
2083 4695 2218 4754 qua
2233 4675 2478 4735 liberum
2519 4675 2642 4734 fuit-
2667 4675 2813 4740 Deo·
