<?xml version="1.0" encoding="UTF-8"?>
<!DOCTYPE html PUBLIC "-//W3C//DTD XHTML 1.0 Transitional//EN"
    "http://www.w3.org/TR/xhtml1/DTD/xhtml1-transitional.dtd">
<html xmlns="http://www.w3.org/1999/xhtml" xml:lang="en" lang="en">
 <head>
  <title>
</title>
<meta http-equiv="Content-Type" content="text/html;charset=utf-8" />
  <meta name='ocr-system' content='tesseract 3.04.00' />
  <meta name='ocr-capabilities' content='ocr_page ocr_carea ocr_par ocr_line ocrx_word'/>
</head>
<body>
  <div class='ocr_page' id='page_1' title='image "./institutiotheol00turrgoog_0315.png"; bbox 0 0 3300 5225; ppageno 0'>
   <div class='ocr_carea' id='block_1_1' title="bbox 375 331 2781 416">
    <p class='ocr_par' dir='ltr' id='par_1_1' title="bbox 375 331 2781 416">
     <span class='ocr_line' id='line_1_1' title="bbox 375 331 2781 416; baseline -0.002 -20"><span class='ocrx_word' id='word_1_1' title='bbox 375 353 598 405; x_wconf 60' lang='lat' dir='ltr'><strong>Quas-r.</strong></span> <span class='ocrx_word' id='word_1_2' title='bbox 629 331 832 416; x_wconf 70' lang='lat' dir='ltr'><strong>xxm]</strong></span> <span class='ocrx_word' id='word_1_3' title='bbox 1252 349 1332 392; x_wconf 79' lang='lat' dir='ltr'><strong>nn</strong></span> <span class='ocrx_word' id='word_1_4' title='bbox 1359 350 1480 392; x_wconf 77' lang='lat' dir='ltr'><strong>nno</strong></span> <span class='ocrx_word' id='word_1_5' title='bbox 1506 349 1645 411; x_wconf 79' lang='lat' dir='ltr'><strong>mm,</strong></span> <span class='ocrx_word' id='word_1_6' title='bbox 1677 350 1753 392; x_wconf 77' lang='lat' dir='ltr'><strong>nr</strong></span> <span class='ocrx_word' id='word_1_7' title='bbox 1780 351 1979 392; x_wconf 70' lang='lat' dir='ltr'><strong>ramo.</strong></span> <span class='ocrx_word' id='word_1_8' title='bbox 2663 333 2781 396; x_wconf 80' lang='lat'><strong>263</strong></span> 
     </span>
    </p>
   </div>
   <div class='ocr_carea' id='block_1_2' title="bbox 343 489 2803 4707">
    <p class='ocr_par' dir='ltr' id='par_1_2' title="bbox 373 489 2788 2480">
     <span class='ocr_line' id='line_1_2' title="bbox 373 489 2783 570; baseline -0.001 -18"><span class='ocrx_word' id='word_1_9' title='bbox 373 493 657 554; x_wconf 87' lang='lat' dir='ltr'><strong>mittendo</strong></span> <span class='ocrx_word' id='word_1_10' title='bbox 679 515 696 570; x_wconf 70' lang='grc' dir='ltr'><strong><em>ς</em></strong></span> <span class='ocrx_word' id='word_1_11' title='bbox 737 491 852 553; x_wconf 86' lang='lat' dir='ltr'><strong>ista</strong></span> <span class='ocrx_word' id='word_1_12' title='bbox 877 510 996 551; x_wconf 88' lang='lat' dir='ltr'><strong>non</strong></span> <span class='ocrx_word' id='word_1_13' title='bbox 1023 497 1159 552; x_wconf 87' lang='lat' dir='ltr'><strong>sunt</strong></span> <span class='ocrx_word' id='word_1_14' title='bbox 1185 490 1543 570; x_wconf 79' lang='lat' dir='ltr'><strong>opponenda,</strong></span> <span class='ocrx_word' id='word_1_15' title='bbox 1570 491 1675 552; x_wconf 87' lang='lat' dir='ltr'><strong>sed</strong></span> <span class='ocrx_word' id='word_1_16' title='bbox 1694 489 2091 570; x_wconf 85' lang='lat' dir='ltr'><strong>componenda</strong></span> <span class='ocrx_word' id='word_1_17' title='bbox 2113 511 2128 567; x_wconf 81' lang='lat'>3</span> <span class='ocrx_word' id='word_1_18' title='bbox 2170 510 2289 549; x_wconf 90' lang='lat' dir='ltr'><strong>non</strong></span> <span class='ocrx_word' id='word_1_19' title='bbox 2310 489 2467 568; x_wconf 82' lang='lat' dir='ltr'><strong>quod</strong></span> <span class='ocrx_word' id='word_1_20' title='bbox 2488 489 2783 567; x_wconf 85' lang='lat' dir='ltr'><strong>generatio</strong></span> 
     </span>
     <span class='ocr_line' id='line_1_3' title="bbox 373 570 2781 650; baseline -0.002 -18"><span class='ocrx_word' id='word_1_21' title='bbox 373 574 488 633; x_wconf 88' lang='lat' dir='ltr'><strong>ista</strong></span> <span class='ocrx_word' id='word_1_22' title='bbox 515 573 795 632; x_wconf 78' lang='lat' dir='ltr'><strong>consistat</strong></span> <span class='ocrx_word' id='word_1_23' title='bbox 821 572 882 631; x_wconf 88' lang='lat' dir='ltr'><strong>in</strong></span> <span class='ocrx_word' id='word_1_24' title='bbox 907 571 1340 648; x_wconf 85' lang='lat' dir='ltr'><strong>resurrectione,</strong></span> <span class='ocrx_word' id='word_1_25' title='bbox 1371 572 1425 632; x_wconf 88' lang='lat' dir='ltr'><strong>si</strong></span> <span class='ocrx_word' id='word_1_26' title='bbox 1455 572 1691 649; x_wconf 87' lang='lat' dir='ltr'><strong>quidem</strong></span> <span class='ocrx_word' id='word_1_27' title='bbox 1712 572 1839 650; x_wconf 89' lang='lat' dir='ltr'><strong>jam</strong></span> <span class='ocrx_word' id='word_1_28' title='bbox 1866 592 1903 630; x_wconf 83' lang='lat' dir='ltr'><strong>a</strong></span> <span class='ocrx_word' id='word_1_29' title='bbox 1928 570 2209 650; x_wconf 90' lang='lat' dir='ltr'><strong>principio</strong></span> <span class='ocrx_word' id='word_1_30' title='bbox 2250 570 2361 630; x_wconf 85' lang='lat' dir='ltr'><strong>fuit</strong></span> <span class='ocrx_word' id='word_1_31' title='bbox 2386 570 2541 647; x_wconf 88' lang='lat' dir='ltr'><strong>apud</strong></span> <span class='ocrx_word' id='word_1_32' title='bbox 2571 571 2781 644; x_wconf 88' lang='lat' dir='ltr'><strong>Deum,</strong></span> 
     </span>
     <span class='ocr_line' id='line_1_4' title="bbox 373 649 2783 728; baseline -0.002 -15"><span class='ocrx_word' id='word_1_33' title='bbox 373 654 418 713; x_wconf 88' lang='lat' dir='ltr'><strong>J</strong></span> <span class='ocrx_word' id='word_1_34' title='bbox 421 674 475 712; x_wconf 91' lang='lat' dir='ltr'><strong>o.</strong></span> <span class='ocrx_word' id='word_1_35' title='bbox 505 653 544 712; x_wconf 84' lang='lat' dir='ltr'><strong>i.</strong></span> <span class='ocrx_word' id='word_1_36' title='bbox 571 655 622 728; x_wconf 89' lang='lat'><strong>1,</strong></span> <span class='ocrx_word' id='word_1_37' title='bbox 647 653 764 710; x_wconf 90' lang='lat' dir='ltr'><strong>imo</strong></span> <span class='ocrx_word' id='word_1_38' title='bbox 791 659 852 711; x_wconf 90' lang='lat' dir='ltr'><strong>et</strong></span> <span class='ocrx_word' id='word_1_39' title='bbox 879 661 1010 710; x_wconf 90' lang='lat' dir='ltr'><strong>ante</strong></span> <span class='ocrx_word' id='word_1_40' title='bbox 1039 653 1234 711; x_wconf 87' lang='lat' dir='ltr'><strong>secula</strong></span> <span class='ocrx_word' id='word_1_41' title='bbox 1251 653 1426 712; x_wconf 87' lang='lat' dir='ltr'><strong>Prov.</strong></span> <span class='ocrx_word' id='word_1_42' title='bbox 1449 652 1571 712; x_wconf 87' lang='lat' dir='ltr'><strong>viii.</strong></span> <span class='ocrx_word' id='word_1_43' title='bbox 1595 657 1691 728; x_wconf 93' lang='lat'><strong>22,</strong></span> <span class='ocrx_word' id='word_1_44' title='bbox 1716 661 1776 712; x_wconf 88' lang='lat' dir='ltr'><strong>et</strong></span> <span class='ocrx_word' id='word_1_45' title='bbox 1794 651 1957 711; x_wconf 89' lang='lat' dir='ltr'><strong>Deus</strong></span> <span class='ocrx_word' id='word_1_46' title='bbox 1974 669 2117 710; x_wconf 89' lang='lat' dir='ltr'><strong>voce</strong></span> <span class='ocrx_word' id='word_1_47' title='bbox 2134 650 2359 708; x_wconf 66' lang='lat' dir='ltr'><strong>caelitus</strong></span> <span class='ocrx_word' id='word_1_48' title='bbox 2388 649 2545 708; x_wconf 81' lang='lat' dir='ltr'><strong>edita</strong></span> <span class='ocrx_word' id='word_1_49' title='bbox 2567 649 2783 708; x_wconf 88' lang='lat' dir='ltr'><strong>Filium</strong></span> 
     </span>
     <span class='ocr_line' id='line_1_5' title="bbox 375 731 2781 812; baseline -0.001 -21"><span class='ocrx_word' id='word_1_50' title='bbox 375 752 546 792; x_wconf 84' lang='lat' dir='ltr'><strong>suum</strong></span> <span class='ocrx_word' id='word_1_51' title='bbox 573 752 700 792; x_wconf 86' lang='lat' dir='ltr'><strong>esse</strong></span> <span class='ocrx_word' id='word_1_52' title='bbox 728 739 974 791; x_wconf 88' lang='lat' dir='ltr'><strong>testatus</strong></span> <span class='ocrx_word' id='word_1_53' title='bbox 1001 741 1090 790; x_wconf 91' lang='lat' dir='ltr'><strong>est</strong></span> <span class='ocrx_word' id='word_1_54' title='bbox 1115 733 1176 789; x_wconf 89' lang='lat' dir='ltr'><strong>in</strong></span> <span class='ocrx_word' id='word_1_55' title='bbox 1206 733 1333 810; x_wconf 87' lang='lat' dir='ltr'><strong>ejus</strong></span> <span class='ocrx_word' id='word_1_56' title='bbox 1359 732 1646 808; x_wconf 87' lang='lat' dir='ltr'><strong>baptismo</strong></span> <span class='ocrx_word' id='word_1_57' title='bbox 1670 753 1686 807; x_wconf 78' lang='lat'>3</span> <span class='ocrx_word' id='word_1_58' title='bbox 1730 731 1835 790; x_wconf 86' lang='lat' dir='ltr'><strong>sed</strong></span> <span class='ocrx_word' id='word_1_59' title='bbox 1860 733 2082 790; x_wconf 83' lang='lat' dir='ltr'><strong>ratione</strong></span> <span class='ocrx_word' id='word_1_60' title='bbox 2111 732 2413 812; x_wconf 65' lang='grc' dir='ltr'><strong>φαηςόσιυς</strong></span> <span class='ocrx_word' id='word_1_61' title='bbox 2442 737 2500 788; x_wconf 89' lang='lat' dir='ltr'><strong>et</strong></span> <span class='ocrx_word' id='word_1_62' title='bbox 2521 732 2781 788; x_wconf 82' lang='lat' dir='ltr'><strong>declara-</strong></span> 
     </span>
     <span class='ocr_line' id='line_1_6' title="bbox 375 808 2780 889; baseline -0 -19"><span class='ocrx_word' id='word_1_63' title='bbox 375 813 540 872; x_wconf 79' lang='lat' dir='ltr'><strong>tionis</strong></span> <span class='ocrx_word' id='word_1_64' title='bbox 565 833 606 870; x_wconf 88' lang='lat' dir='ltr'><strong>a</strong></span> <span class='ocrx_word' id='word_1_65' title='bbox 623 812 946 888; x_wconf 79' lang='lat' dir='ltr'><strong><em>posteriori,</em></strong></span> <span class='ocrx_word' id='word_1_66' title='bbox 979 811 1116 888; x_wconf 88' lang='lat' dir='ltr'><strong>quia</strong></span> <span class='ocrx_word' id='word_1_67' title='bbox 1140 830 1244 889; x_wconf 85' lang='lat' dir='ltr'><strong>per</strong></span> <span class='ocrx_word' id='word_1_68' title='bbox 1269 811 1426 869; x_wconf 85' lang='lat' dir='ltr'><strong>illam</strong></span> <span class='ocrx_word' id='word_1_69' title='bbox 1457 812 1781 886; x_wconf 82' lang='lat' dir='ltr'><strong>innotescit,</strong></span> <span class='ocrx_word' id='word_1_70' title='bbox 1810 821 1877 870; x_wconf 91' lang='lat' dir='ltr'><strong>ut</strong></span> <span class='ocrx_word' id='word_1_71' title='bbox 1906 811 2123 870; x_wconf 86' lang='lat' dir='ltr'><strong>Paulus</strong></span> <span class='ocrx_word' id='word_1_72' title='bbox 2150 812 2574 888; x_wconf 87' lang='lat' dir='ltr'><strong>interpretatur,</strong></span> <span class='ocrx_word' id='word_1_73' title='bbox 2606 808 2780 869; x_wconf 86' lang='lat' dir='ltr'><strong>Rom.</strong></span> 
     </span>
     <span class='ocr_line' id='line_1_7' title="bbox 375 890 2781 972; baseline -0.001 -22"><span class='ocrx_word' id='word_1_74' title='bbox 375 893 414 950; x_wconf 84' lang='lat' dir='ltr'><strong>i.</strong></span> <span class='ocrx_word' id='word_1_75' title='bbox 444 895 500 967; x_wconf 84' lang='lat'><strong>4,</strong></span> <span class='ocrx_word' id='word_1_76' title='bbox 533 911 712 969; x_wconf 91' lang='lat' dir='ltr'><strong>quum</strong></span> <span class='ocrx_word' id='word_1_77' title='bbox 740 893 822 949; x_wconf 88' lang='lat' dir='ltr'><strong>ait</strong></span> <span class='ocrx_word' id='word_1_78' title='bbox 852 891 1136 950; x_wconf 76' lang='lat' dir='ltr'><strong>Christum</strong></span> <span class='ocrx_word' id='word_1_79' title='bbox 1163 890 1342 950; x_wconf 76' lang='lat' dir='ltr'><strong>fuisse</strong></span> <span class='ocrx_word' id='word_1_80' title='bbox 1359 893 1596 972; x_wconf 50' lang='grc' dir='ltr'><strong>ἐρασθέντα</strong></span> <span class='ocrx_word' id='word_1_81' title='bbox 1623 895 1974 950; x_wconf 75' lang='lat' dir='ltr'><strong>declaratum</strong></span> <span class='ocrx_word' id='word_1_82' title='bbox 1994 892 2207 949; x_wconf 76' lang='lat' dir='ltr'><strong><em>Filium</em></strong></span> <span class='ocrx_word' id='word_1_83' title='bbox 2224 891 2343 948; x_wconf 82' lang='lat' dir='ltr'><strong>Dei</strong></span> <span class='ocrx_word' id='word_1_84' title='bbox 2354 911 2469 966; x_wconf 83' lang='lat' dir='ltr'><strong>per</strong></span> <span class='ocrx_word' id='word_1_85' title='bbox 2494 909 2781 948; x_wconf 77' lang='lat' dir='ltr'><strong>resur-reo-</strong></span> 
     </span>
     <span class='ocr_line' id='line_1_8' title="bbox 375 969 2779 1049; baseline -0.001 -19"><span class='ocrx_word' id='word_1_86' title='bbox 375 973 579 1030; x_wconf 75' lang='lat' dir='ltr'><strong>tioncm</strong></span> <span class='ocrx_word' id='word_1_87' title='bbox 604 992 646 1030; x_wconf 90' lang='lat' dir='ltr'><strong>a</strong></span> <span class='ocrx_word' id='word_1_88' title='bbox 671 972 921 1047; x_wconf 76' lang='lat' dir='ltr'><strong><em>mortuis,</em></strong></span> <span class='ocrx_word' id='word_1_89' title='bbox 947 972 1122 1048; x_wconf 86' lang='lat' dir='ltr'><strong>juxta</strong></span> <span class='ocrx_word' id='word_1_90' title='bbox 1146 990 1364 1029; x_wconf 91' lang='lat' dir='ltr'><strong>morem</strong></span> <span class='ocrx_word' id='word_1_91' title='bbox 1397 971 1724 1048; x_wconf 76' lang='lat' dir='ltr'><strong>Scripturas,</strong></span> <span class='ocrx_word' id='word_1_92' title='bbox 1756 990 1871 1049; x_wconf 91' lang='lat' dir='ltr'><strong>quo</strong></span> <span class='ocrx_word' id='word_1_93' title='bbox 1898 990 1993 1030; x_wconf 86' lang='lat' dir='ltr'><strong>res</strong></span> <span class='ocrx_word' id='word_1_94' title='bbox 2018 970 2145 1029; x_wconf 87' lang='lat' dir='ltr'><strong>fieri</strong></span> <span class='ocrx_word' id='word_1_95' title='bbox 2170 970 2267 1028; x_wconf 88' lang='lat' dir='ltr'><strong>vel</strong></span> <span class='ocrx_word' id='word_1_96' title='bbox 2304 970 2465 1028; x_wconf 83' lang='lat' dir='ltr'><strong>nasci</strong></span> <span class='ocrx_word' id='word_1_97' title='bbox 2493 969 2779 1045; x_wconf 86' lang='lat' dir='ltr'><strong>dicuntur,</strong></span> 
     </span>
     <span class='ocr_line' id='line_1_9' title="bbox 375 1048 2783 1128; baseline -0.002 -17"><span class='ocrx_word' id='word_1_98' title='bbox 375 1071 555 1128; x_wconf 91' lang='lat' dir='ltr'><strong>quum</strong></span> <span class='ocrx_word' id='word_1_99' title='bbox 581 1051 1037 1126; x_wconf 78' lang='lat' dir='ltr'><strong>manifestantur,</strong></span> <span class='ocrx_word' id='word_1_100' title='bbox 1064 1051 1300 1109; x_wconf 87' lang='lat' dir='ltr'><strong>Prover.</strong></span> <span class='ocrx_word' id='word_1_101' title='bbox 1319 1051 1462 1109; x_wconf 84' lang='lat' dir='ltr'><strong>xvii.</strong></span> <span class='ocrx_word' id='word_1_102' title='bbox 1497 1053 1590 1108; x_wconf 83' lang='lat'><strong>17.</strong></span> <span class='ocrx_word' id='word_1_103' title='bbox 1641 1049 1793 1126; x_wconf 87' lang='lat' dir='ltr'><strong>Quia</strong></span> <span class='ocrx_word' id='word_1_104' title='bbox 1818 1069 1957 1128; x_wconf 89' lang='lat' dir='ltr'><strong>ergo</strong></span> <span class='ocrx_word' id='word_1_105' title='bbox 1984 1050 2327 1109; x_wconf 87' lang='lat' dir='ltr'><strong>resurrectio</strong></span> <span class='ocrx_word' id='word_1_106' title='bbox 2344 1049 2453 1108; x_wconf 89' lang='lat' dir='ltr'><strong>fuit</strong></span> <span class='ocrx_word' id='word_1_107' title='bbox 2480 1048 2783 1126; x_wconf 82' lang='lat' dir='ltr'><strong>irrefraga—</strong></span> 
     </span>
     <span class='ocr_line' id='line_1_10' title="bbox 375 1127 2785 1208; baseline -0.002 -18"><span class='ocrx_word' id='word_1_108' title='bbox 375 1131 494 1190; x_wconf 87' lang='lat' dir='ltr'><strong>bile</strong></span> <span class='ocrx_word' id='word_1_109' title='bbox 524 1131 862 1189; x_wconf 85' lang='lat' dir='ltr'><strong>Divinitatis</strong></span> <span class='ocrx_word' id='word_1_110' title='bbox 890 1131 1032 1208; x_wconf 74' lang='lat' dir='ltr'><strong>ejuS,</strong></span> <span class='ocrx_word' id='word_1_111' title='bbox 1065 1137 1124 1188; x_wconf 92' lang='lat' dir='ltr'><strong>et</strong></span> <span class='ocrx_word' id='word_1_112' title='bbox 1151 1137 1380 1188; x_wconf 72' lang='lat' dir='ltr'><strong>ueternae</strong></span> <span class='ocrx_word' id='word_1_113' title='bbox 1422 1130 1750 1189; x_wconf 87' lang='lat' dir='ltr'><strong>Filiationis</strong></span> <span class='ocrx_word' id='word_1_114' title='bbox 1792 1137 2210 1207; x_wconf 81' lang='lat' dir='ltr'><strong>argumentum,</strong></span> <span class='ocrx_word' id='word_1_115' title='bbox 2246 1129 2493 1206; x_wconf 77' lang='lat' dir='ltr'><strong>Spiritus</strong></span> <span class='ocrx_word' id='word_1_116' title='bbox 2525 1129 2585 1187; x_wconf 88' lang='lat' dir='ltr'><strong>S.</strong></span> <span class='ocrx_word' id='word_1_117' title='bbox 2628 1127 2785 1205; x_wconf 88' lang='lat' dir='ltr'><strong>apud</strong></span> 
     </span>
     <span class='ocr_line' id='line_1_11' title="bbox 379 1208 2783 1288; baseline -0.001 -20"><span class='ocrx_word' id='word_1_118' title='bbox 379 1210 636 1270; x_wconf 89' lang='lat' dir='ltr'><strong>Psaltem</strong></span> <span class='ocrx_word' id='word_1_119' title='bbox 661 1210 850 1288; x_wconf 89' lang='lat' dir='ltr'><strong>potuit</strong></span> <span class='ocrx_word' id='word_1_120' title='bbox 875 1217 1182 1286; x_wconf 86' lang='lat' dir='ltr'><strong>utrumque</strong></span> <span class='ocrx_word' id='word_1_121' title='bbox 1211 1210 1579 1287; x_wconf 84' lang='lat' dir='ltr'><strong>conjungere,</strong></span> <span class='ocrx_word' id='word_1_122' title='bbox 1611 1219 1670 1270; x_wconf 91' lang='lat' dir='ltr'><strong>et</strong></span> <span class='ocrx_word' id='word_1_123' title='bbox 1696 1210 1979 1287; x_wconf 78' lang='lat' dir='ltr'>respicere</span> <span class='ocrx_word' id='word_1_124' title='bbox 2006 1217 2125 1268; x_wconf 90' lang='lat' dir='ltr'><strong>tam</strong></span> <span class='ocrx_word' id='word_1_125' title='bbox 2152 1208 2227 1267; x_wconf 87' lang='lat' dir='ltr'><strong>ad</strong></span> <span class='ocrx_word' id='word_1_126' title='bbox 2248 1217 2521 1267; x_wconf 73' lang='lat' dir='ltr'><strong>aeternam</strong></span> <span class='ocrx_word' id='word_1_127' title='bbox 2542 1228 2783 1284; x_wconf 85' lang='lat' dir='ltr'><strong>genera-</strong></span> 
     </span>
     <span class='ocr_line' id='line_1_12' title="bbox 377 1287 2782 1367; baseline -0.001 -19"><span class='ocrx_word' id='word_1_128' title='bbox 377 1291 594 1349; x_wconf 88' lang='lat' dir='ltr'><strong>tionem</strong></span> <span class='ocrx_word' id='word_1_129' title='bbox 621 1310 796 1367; x_wconf 87' lang='lat' dir='ltr'><strong>quam</strong></span> <span class='ocrx_word' id='word_1_130' title='bbox 823 1289 898 1348; x_wconf 89' lang='lat' dir='ltr'><strong>ad</strong></span> <span class='ocrx_word' id='word_1_131' title='bbox 925 1290 1051 1366; x_wconf 86' lang='lat' dir='ltr'><strong>ejus</strong></span> <span class='ocrx_word' id='word_1_132' title='bbox 1091 1289 1630 1364; x_wconf 76' lang='lat' dir='ltr'><strong>manifestationem,</strong></span> <span class='ocrx_word' id='word_1_133' title='bbox 1662 1309 1791 1367; x_wconf 78' lang='lat' dir='ltr'><strong>quae</strong></span> <span class='ocrx_word' id='word_1_134' title='bbox 1832 1289 1895 1347; x_wconf 91' lang='lat' dir='ltr'><strong>in</strong></span> <span class='ocrx_word' id='word_1_135' title='bbox 1934 1288 2350 1348; x_wconf 88' lang='lat' dir='ltr'><strong>resurrectione</strong></span> <span class='ocrx_word' id='word_1_136' title='bbox 2391 1287 2518 1346; x_wconf 88' lang='lat' dir='ltr'><strong>fieri</strong></span> <span class='ocrx_word' id='word_1_137' title='bbox 2561 1287 2782 1346; x_wconf 83' lang='lat' dir='ltr'><strong>debuit.</strong></span> 
     </span>
     <span class='ocr_line' id='line_1_13' title="bbox 379 1366 2783 1446; baseline -0.001 -18"><span class='ocrx_word' id='word_1_138' title='bbox 379 1371 458 1428; x_wconf 87' lang='lat' dir='ltr'><strong>Et</strong></span> <span class='ocrx_word' id='word_1_139' title='bbox 487 1370 704 1430; x_wconf 87' lang='lat' dir='ltr'><strong>Paulus</strong></span> <span class='ocrx_word' id='word_1_140' title='bbox 731 1370 878 1428; x_wconf 90' lang='lat' dir='ltr'><strong>bene</strong></span> <span class='ocrx_word' id='word_1_141' title='bbox 905 1368 1048 1428; x_wconf 87' lang='lat' dir='ltr'><strong>dicit</strong></span> <span class='ocrx_word' id='word_1_142' title='bbox 1073 1369 1375 1446; x_wconf 89' lang='lat' dir='ltr'><strong>impletum</strong></span> <span class='ocrx_word' id='word_1_143' title='bbox 1401 1368 1580 1428; x_wconf 86' lang='lat' dir='ltr'><strong>fuisse</strong></span> <span class='ocrx_word' id='word_1_144' title='bbox 1609 1369 1936 1443; x_wconf 80' lang='lat' dir='ltr'><strong>Graculum,</strong></span> <span class='ocrx_word' id='word_1_145' title='bbox 1968 1368 2201 1446; x_wconf 89' lang='lat' dir='ltr'><strong>quando</strong></span> <span class='ocrx_word' id='word_1_146' title='bbox 2227 1366 2515 1445; x_wconf 75' lang='lat' dir='ltr'><strong>patefacta</strong></span> <span class='ocrx_word' id='word_1_147' title='bbox 2538 1375 2628 1425; x_wconf 79' lang='lat' dir='ltr'><strong>est</strong></span> <span class='ocrx_word' id='word_1_148' title='bbox 2656 1367 2783 1440; x_wconf 80' lang='lat' dir='ltr'><strong>ejus</strong></span> 
     </span>
     <span class='ocr_line' id='line_1_14' title="bbox 375 1444 2785 1526; baseline 0.001 -22"><span class='ocrx_word' id='word_1_149' title='bbox 375 1449 607 1524; x_wconf 68' lang='lat' dir='ltr'><strong>veritas,</strong></span> <span class='ocrx_word' id='word_1_150' title='bbox 639 1469 816 1526; x_wconf 89' lang='lat' dir='ltr'><strong>quum</strong></span> <span class='ocrx_word' id='word_1_151' title='bbox 843 1468 948 1526; x_wconf 89' lang='lat' dir='ltr'><strong>per</strong></span> <span class='ocrx_word' id='word_1_152' title='bbox 973 1449 1450 1508; x_wconf 72' lang='lat' dir='ltr'><strong>resurrectionem</strong></span> <span class='ocrx_word' id='word_1_153' title='bbox 1476 1448 1811 1525; x_wconf 75' lang='lat' dir='ltr'><strong>plenissime</strong></span> <span class='ocrx_word' id='word_1_154' title='bbox 1840 1448 2156 1508; x_wconf 85' lang='lat' dir='ltr'><strong>declaravit</strong></span> <span class='ocrx_word' id='word_1_155' title='bbox 2194 1448 2368 1506; x_wconf 86' lang='lat' dir='ltr'><strong>Pater</strong></span> <span class='ocrx_word' id='word_1_156' title='bbox 2392 1467 2526 1506; x_wconf 88' lang='lat' dir='ltr'><strong>eum</strong></span> <span class='ocrx_word' id='word_1_157' title='bbox 2554 1444 2695 1512; x_wconf 60' lang='grc' dir='ltr'><strong><em>ἔντος</em></strong></span> <span class='ocrx_word' id='word_1_158' title='bbox 2724 1454 2785 1506; x_wconf 92' lang='lat' dir='ltr'><strong>et</strong></span> 
     </span>
     <span class='ocr_line' id='line_1_15' title="bbox 375 1526 2781 1605; baseline -0.001 -18"><span class='ocrx_word' id='word_1_159' title='bbox 375 1526 503 1594; x_wconf 67' lang='grc' dir='ltr'><strong><em>ὶδιως</em></strong></span> <span class='ocrx_word' id='word_1_160' title='bbox 532 1548 658 1587; x_wconf 87' lang='lat' dir='ltr'><strong>esse</strong></span> <span class='ocrx_word' id='word_1_161' title='bbox 689 1528 904 1587; x_wconf 89' lang='lat' dir='ltr'><strong>Filium</strong></span> <span class='ocrx_word' id='word_1_162' title='bbox 933 1547 1139 1604; x_wconf 86' lang='lat' dir='ltr'><strong>suum;</strong></span> <span class='ocrx_word' id='word_1_163' title='bbox 1183 1537 1250 1588; x_wconf 89' lang='lat' dir='ltr'><strong>ut</strong></span> <span class='ocrx_word' id='word_1_164' title='bbox 1293 1528 1335 1588; x_wconf 90' lang='lat' dir='ltr'><strong>J</strong></span> <span class='ocrx_word' id='word_1_165' title='bbox 1337 1529 1570 1604; x_wconf 84' lang='lat' dir='ltr'><strong>acobus,</strong></span> <span class='ocrx_word' id='word_1_166' title='bbox 1601 1549 1653 1588; x_wconf 88' lang='lat' dir='ltr'><strong>c.</strong></span> <span class='ocrx_word' id='word_1_167' title='bbox 1682 1529 1743 1590; x_wconf 89' lang='lat' dir='ltr'><strong>ii.</strong></span> <span class='ocrx_word' id='word_1_168' title='bbox 1773 1531 1869 1603; x_wconf 87' lang='lat'><strong>23,</strong></span> <span class='ocrx_word' id='word_1_169' title='bbox 1915 1527 2057 1586; x_wconf 89' lang='lat' dir='ltr'><strong>dicit</strong></span> <span class='ocrx_word' id='word_1_170' title='bbox 2094 1527 2397 1605; x_wconf 85' lang='lat' dir='ltr'><strong>impletum</strong></span> <span class='ocrx_word' id='word_1_171' title='bbox 2432 1527 2611 1586; x_wconf 88' lang='lat' dir='ltr'><strong>fuisse</strong></span> <span class='ocrx_word' id='word_1_172' title='bbox 2638 1526 2781 1586; x_wconf 87' lang='lat' dir='ltr'><strong>Ora-</strong></span> 
     </span>
     <span class='ocr_line' id='line_1_16' title="bbox 376 1606 2788 1686; baseline -0.001 -20"><span class='ocrx_word' id='word_1_173' title='bbox 376 1611 570 1668; x_wconf 84' lang='lat' dir='ltr'><strong>eulum</strong></span> <span class='ocrx_word' id='word_1_174' title='bbox 597 1607 672 1666; x_wconf 83' lang='lat' dir='ltr'><strong>de</strong></span> <span class='ocrx_word' id='word_1_175' title='bbox 699 1608 743 1668; x_wconf 86' lang='lat' dir='ltr'><strong>J</strong></span> <span class='ocrx_word' id='word_1_176' title='bbox 745 1607 1128 1667; x_wconf 86' lang='lat' dir='ltr'><strong>ustificatione</strong></span> <span class='ocrx_word' id='word_1_177' title='bbox 1156 1608 1480 1666; x_wconf 86' lang='lat' dir='ltr'><strong>Abrahami</strong></span> <span class='ocrx_word' id='word_1_178' title='bbox 1505 1628 1610 1686; x_wconf 90' lang='lat' dir='ltr'><strong>per</strong></span> <span class='ocrx_word' id='word_1_179' title='bbox 1633 1607 1827 1682; x_wconf 85' lang='lat' dir='ltr'><strong>fidem,</strong></span> <span class='ocrx_word' id='word_1_180' title='bbox 1856 1608 2153 1666; x_wconf 72' lang='lat' dir='ltr'><strong>Abraham</strong></span> <span class='ocrx_word' id='word_1_181' title='bbox 2178 1607 2419 1666; x_wconf 78' lang='lat' dir='ltr'><strong>credidit</strong></span> <span class='ocrx_word' id='word_1_182' title='bbox 2443 1609 2589 1683; x_wconf 85' lang='lat' dir='ltr'><strong>De0,</strong></span> <span class='ocrx_word' id='word_1_183' title='bbox 2620 1616 2677 1664; x_wconf 78' lang='lat' dir='ltr'><strong>ct</strong></span> <span class='ocrx_word' id='word_1_184' title='bbox 2699 1606 2788 1664; x_wconf 71' lang='lat' dir='ltr'><strong>illi</strong></span> 
     </span>
     <span class='ocr_line' id='line_1_17' title="bbox 376 1686 2783 1765; baseline -0.002 -19"><span class='ocrx_word' id='word_1_185' title='bbox 376 1688 708 1765; x_wconf 77' lang='lat' dir='ltr'><strong>imputatum</strong></span> <span class='ocrx_word' id='word_1_186' title='bbox 735 1697 817 1746; x_wconf 71' lang='lat' dir='ltr'><strong>est</strong></span> <span class='ocrx_word' id='word_1_187' title='bbox 839 1689 1231 1764; x_wconf 72' lang='lat' dir='ltr'><strong>adjustitiam,</strong></span> <span class='ocrx_word' id='word_1_188' title='bbox 1277 1687 1511 1764; x_wconf 91' lang='lat' dir='ltr'><strong>quando</strong></span> <span class='ocrx_word' id='word_1_189' title='bbox 1553 1687 1766 1747; x_wconf 86' lang='lat' dir='ltr'><strong>obtulit</strong></span> <span class='ocrx_word' id='word_1_190' title='bbox 1815 1688 2031 1747; x_wconf 89' lang='lat' dir='ltr'><strong>Filium</strong></span> <span class='ocrx_word' id='word_1_191' title='bbox 2073 1705 2279 1762; x_wconf 82' lang='lat' dir='ltr'><strong>suum3</strong></span> <span class='ocrx_word' id='word_1_192' title='bbox 2322 1705 2440 1744; x_wconf 90' lang='lat' dir='ltr'><strong>non</strong></span> <span class='ocrx_word' id='word_1_193' title='bbox 2481 1686 2619 1762; x_wconf 86' lang='lat' dir='ltr'><strong>quia</strong></span> <span class='ocrx_word' id='word_1_194' title='bbox 2658 1693 2783 1744; x_wconf 90' lang='lat' dir='ltr'><strong>tum</strong></span> 
     </span>
     <span class='ocr_line' id='line_1_18' title="bbox 375 1763 2784 1846; baseline -0.002 -20"><span class='ocrx_word' id='word_1_195' title='bbox 375 1767 608 1826; x_wconf 88' lang='lat' dir='ltr'><strong>demum</strong></span> <span class='ocrx_word' id='word_1_196' title='bbox 635 1767 788 1827; x_wconf 81' lang='lat' dir='ltr'><strong>facta</strong></span> <span class='ocrx_word' id='word_1_197' title='bbox 813 1768 890 1827; x_wconf 88' lang='lat' dir='ltr'><strong>sit</strong></span> <span class='ocrx_word' id='word_1_198' title='bbox 916 1789 1019 1846; x_wconf 89' lang='lat' dir='ltr'><strong>per</strong></span> <span class='ocrx_word' id='word_1_199' title='bbox 1045 1768 1216 1826; x_wconf 87' lang='lat' dir='ltr'><strong>istam</strong></span> <span class='ocrx_word' id='word_1_200' title='bbox 1243 1768 1594 1828; x_wconf 85' lang='lat' dir='ltr'><strong>oblationem</strong></span> <span class='ocrx_word' id='word_1_201' title='bbox 1614 1765 1972 1846; x_wconf 85' lang='lat' dir='ltr'><strong>justificatio,</strong></span> <span class='ocrx_word' id='word_1_202' title='bbox 1992 1766 2098 1825; x_wconf 90' lang='lat' dir='ltr'><strong>sed</strong></span> <span class='ocrx_word' id='word_1_203' title='bbox 2125 1767 2261 1844; x_wconf 84' lang='lat' dir='ltr'><strong>quia</strong></span> <span class='ocrx_word' id='word_1_204' title='bbox 2282 1765 2587 1825; x_wconf 85' lang='lat' dir='ltr'><strong>declarata.</strong></span> <span class='ocrx_word' id='word_1_205' title='bbox 2672 1763 2784 1823; x_wconf 83' lang='lat' dir='ltr'><strong>At-</strong></span> 
     </span>
     <span class='ocr_line' id='line_1_19' title="bbox 373 1845 2785 1925; baseline -0.002 -19"><span class='ocrx_word' id='word_1_206' title='bbox 373 1867 488 1924; x_wconf 89' lang='lat' dir='ltr'><strong>que</strong></span> <span class='ocrx_word' id='word_1_207' title='bbox 517 1867 585 1906; x_wconf 92' lang='lat' dir='ltr'><strong>eo</strong></span> <span class='ocrx_word' id='word_1_208' title='bbox 613 1847 848 1925; x_wconf 73' lang='lat' dir='ltr'><strong>respicit</strong></span> <span class='ocrx_word' id='word_1_209' title='bbox 871 1847 1084 1906; x_wconf 85' lang='lat' dir='ltr'><strong>vocula</strong></span> <span class='ocrx_word' id='word_1_210' title='bbox 1109 1849 1288 1921; x_wconf 74' lang='lat' dir='ltr'><strong>hodie,</strong></span> <span class='ocrx_word' id='word_1_211' title='bbox 1317 1867 1447 1924; x_wconf 81' lang='lat' dir='ltr'><strong>quae</strong></span> <span class='ocrx_word' id='word_1_212' title='bbox 1473 1867 1592 1906; x_wconf 91' lang='lat' dir='ltr'><strong>non</strong></span> <span class='ocrx_word' id='word_1_213' title='bbox 1619 1847 1927 1925; x_wconf 88' lang='lat' dir='ltr'><strong>apponitur</strong></span> <span class='ocrx_word' id='word_1_214' title='bbox 1951 1846 2029 1905; x_wconf 90' lang='lat' dir='ltr'><strong>ad</strong></span> <span class='ocrx_word' id='word_1_215' title='bbox 2053 1845 2373 1905; x_wconf 88' lang='lat' dir='ltr'><strong>notandum</strong></span> <span class='ocrx_word' id='word_1_216' title='bbox 2400 1853 2619 1904; x_wconf 88' lang='lat' dir='ltr'><strong>eertum</strong></span> <span class='ocrx_word' id='word_1_217' title='bbox 2641 1852 2785 1903; x_wconf 88' lang='lat' dir='ltr'><strong>tem-</strong></span> 
     </span>
     <span class='ocr_line' id='line_1_20' title="bbox 375 1926 2783 2004; baseline -0.001 -19"><span class='ocrx_word' id='word_1_218' title='bbox 375 1947 486 2004; x_wconf 88' lang='lat' dir='ltr'><strong>pus</strong></span> <span class='ocrx_word' id='word_1_219' title='bbox 513 1947 628 2004; x_wconf 92' lang='lat' dir='ltr'><strong>quo</strong></span> <span class='ocrx_word' id='word_1_220' title='bbox 657 1927 770 1985; x_wconf 88' lang='lat' dir='ltr'><strong>ista</strong></span> <span class='ocrx_word' id='word_1_221' title='bbox 796 1927 1091 2002; x_wconf 87' lang='lat' dir='ltr'><strong>generatio</strong></span> <span class='ocrx_word' id='word_1_222' title='bbox 1119 1927 1356 2003; x_wconf 85' lang='lat' dir='ltr'><strong>coeperit</strong></span> <span class='ocrx_word' id='word_1_223' title='bbox 1379 1948 1393 2003; x_wconf 89' lang='lat'><strong>;</strong></span> <span class='ocrx_word' id='word_1_224' title='bbox 1440 1926 1544 1986; x_wconf 88' lang='lat' dir='ltr'><strong>sed</strong></span> <span class='ocrx_word' id='word_1_225' title='bbox 1568 1936 1636 1986; x_wconf 87' lang='lat' dir='ltr'><strong>ut</strong></span> <span class='ocrx_word' id='word_1_226' title='bbox 1662 1927 2055 2003; x_wconf 83' lang='lat' dir='ltr'><strong>intelligamus</strong></span> <span class='ocrx_word' id='word_1_227' title='bbox 2092 1927 2286 1984; x_wconf 86' lang='lat' dir='ltr'><strong>omnia</strong></span> <span class='ocrx_word' id='word_1_228' title='bbox 2312 1945 2439 1984; x_wconf 87' lang='lat' dir='ltr'><strong>esse</strong></span> <span class='ocrx_word' id='word_1_229' title='bbox 2470 1926 2597 1984; x_wconf 89' lang='lat' dir='ltr'><strong>Deo</strong></span> <span class='ocrx_word' id='word_1_230' title='bbox 2636 1943 2783 2001; x_wconf 77' lang='lat' dir='ltr'><strong>prae·</strong></span> 
     </span>
     <span class='ocr_line' id='line_1_21' title="bbox 375 2003 2787 2083; baseline -0.001 -18"><span class='ocrx_word' id='word_1_231' title='bbox 375 2007 580 2079; x_wconf 86' lang='lat' dir='ltr'><strong>sentia,</strong></span> <span class='ocrx_word' id='word_1_232' title='bbox 611 2013 671 2064; x_wconf 88' lang='lat' dir='ltr'><strong>et</strong></span> <span class='ocrx_word' id='word_1_233' title='bbox 697 2007 1084 2066; x_wconf 85' lang='lat' dir='ltr'><strong>successivam</strong></span> <span class='ocrx_word' id='word_1_234' title='bbox 1111 2025 1228 2063; x_wconf 90' lang='lat' dir='ltr'><strong>non</strong></span> <span class='ocrx_word' id='word_1_235' title='bbox 1269 2025 1396 2064; x_wconf 90' lang='lat' dir='ltr'><strong>esse</strong></span> <span class='ocrx_word' id='word_1_236' title='bbox 1432 2006 1603 2066; x_wconf 86' lang='lat' dir='ltr'><strong>istam</strong></span> <span class='ocrx_word' id='word_1_237' title='bbox 1646 2007 2092 2083; x_wconf 84' lang='lat' dir='ltr'><strong>generationem,</strong></span> <span class='ocrx_word' id='word_1_238' title='bbox 2124 2005 2229 2064; x_wconf 85' lang='lat' dir='ltr'><strong>sed</strong></span> <span class='ocrx_word' id='word_1_239' title='bbox 2254 2014 2683 2082; x_wconf 79' lang='lat' dir='ltr'><strong>permanentem</strong></span> <span class='ocrx_word' id='word_1_240' title='bbox 2724 2003 2787 2062; x_wconf 90' lang='lat' dir='ltr'><strong>in</strong></span> 
     </span>
     <span class='ocr_line' id='line_1_22' title="bbox 377 2083 2783 2162; baseline -0.002 -18"><span class='ocrx_word' id='word_1_241' title='bbox 377 2086 715 2160; x_wconf 59' lang='lat' dir='ltr'><strong>aeternitate,</strong></span> <span class='ocrx_word' id='word_1_242' title='bbox 745 2087 806 2143; x_wconf 91' lang='lat' dir='ltr'><strong>in</strong></span> <span class='ocrx_word' id='word_1_243' title='bbox 831 2105 946 2162; x_wconf 85' lang='lat' dir='ltr'><strong>qua</strong></span> <span class='ocrx_word' id='word_1_244' title='bbox 974 2085 1196 2144; x_wconf 89' lang='lat' dir='ltr'><strong>scilicet</strong></span> <span class='ocrx_word' id='word_1_245' title='bbox 1221 2085 1368 2142; x_wconf 87' lang='lat' dir='ltr'><strong>nihil</strong></span> <span class='ocrx_word' id='word_1_246' title='bbox 1396 2085 1747 2161; x_wconf 71' lang='lat' dir='ltr'><strong>praeteritum</strong></span> <span class='ocrx_word' id='word_1_247' title='bbox 1774 2094 1882 2159; x_wconf 88' lang='lat' dir='ltr'><strong>est,</strong></span> <span class='ocrx_word' id='word_1_248' title='bbox 1912 2094 2011 2144; x_wconf 86' lang='lat' dir='ltr'><strong>aut</strong></span> <span class='ocrx_word' id='word_1_249' title='bbox 2052 2085 2325 2158; x_wconf 77' lang='lat' dir='ltr'><strong>futurum,</strong></span> <span class='ocrx_word' id='word_1_250' title='bbox 2356 2083 2453 2142; x_wconf 89' lang='lat' dir='ltr'><strong>vel</strong></span> <span class='ocrx_word' id='word_1_251' title='bbox 2480 2084 2601 2142; x_wconf 88' lang='lat' dir='ltr'><strong>ulla</strong></span> <span class='ocrx_word' id='word_1_252' title='bbox 2640 2091 2783 2140; x_wconf 90' lang='lat' dir='ltr'><strong>tem-</strong></span> 
     </span>
     <span class='ocr_line' id='line_1_23' title="bbox 375 2162 2783 2242; baseline -0.001 -20"><span class='ocrx_word' id='word_1_253' title='bbox 375 2165 535 2242; x_wconf 87' lang='lat' dir='ltr'><strong>poris</strong></span> <span class='ocrx_word' id='word_1_254' title='bbox 561 2165 865 2240; x_wconf 88' lang='lat' dir='ltr'><strong>successi0‚</strong></span> <span class='ocrx_word' id='word_1_255' title='bbox 897 2164 1001 2223; x_wconf 85' lang='lat' dir='ltr'><strong>sed</strong></span> <span class='ocrx_word' id='word_1_256' title='bbox 1025 2169 1082 2222; x_wconf 68' lang='grc' dir='ltr'><strong>τὸ</strong></span> <span class='ocrx_word' id='word_1_257' title='bbox 1111 2165 1184 2222; x_wconf 68' lang='grc' dir='ltr'><strong>νῦν</strong></span> <span class='ocrx_word' id='word_1_258' title='bbox 1211 2164 1582 2239; x_wconf 85' lang='lat' dir='ltr'><strong>indivisibile,</strong></span> <span class='ocrx_word' id='word_1_259' title='bbox 1607 2163 1764 2241; x_wconf 88' lang='lat' dir='ltr'><strong>quod</strong></span> <span class='ocrx_word' id='word_1_260' title='bbox 1792 2183 1991 2222; x_wconf 88' lang='lat' dir='ltr'><strong>omnes</strong></span> <span class='ocrx_word' id='word_1_261' title='bbox 2016 2171 2212 2222; x_wconf 85' lang='lat' dir='ltr'><strong>tamen</strong></span> <span class='ocrx_word' id='word_1_262' title='bbox 2238 2163 2513 2240; x_wconf 90' lang='lat' dir='ltr'><strong>temporis</strong></span> <span class='ocrx_word' id='word_1_263' title='bbox 2540 2162 2783 2220; x_wconf 87' lang='lat' dir='ltr'><strong>circum-</strong></span> 
     </span>
     <span class='ocr_line' id='line_1_24' title="bbox 377 2243 2787 2321; baseline -0.002 -17"><span class='ocrx_word' id='word_1_264' title='bbox 377 2245 622 2304; x_wconf 81' lang='lat' dir='ltr'><strong>stantias</strong></span> <span class='ocrx_word' id='word_1_265' title='bbox 651 2243 1086 2321; x_wconf 82' lang='lat' dir='ltr'><strong>complectitur:</strong></span> <span class='ocrx_word' id='word_1_266' title='bbox 1131 2245 1217 2304; x_wconf 92' lang='lat' dir='ltr'><strong>Ut</strong></span> <span class='ocrx_word' id='word_1_267' title='bbox 1243 2263 1383 2320; x_wconf 88' lang='lat' dir='ltr'><strong>ergo</strong></span> <span class='ocrx_word' id='word_1_268' title='bbox 1423 2243 1576 2320; x_wconf 80' lang='lat' dir='ltr'><strong>apud</strong></span> <span class='ocrx_word' id='word_1_269' title='bbox 1608 2245 1797 2302; x_wconf 89' lang='lat' dir='ltr'><strong>Deum</strong></span> <span class='ocrx_word' id='word_1_270' title='bbox 1838 2262 2133 2320; x_wconf 86' lang='lat' dir='ltr'><strong>nunquam</strong></span> <span class='ocrx_word' id='word_1_271' title='bbox 2173 2243 2476 2301; x_wconf 87' lang='lat' dir='ltr'><strong>hesternus</strong></span> <span class='ocrx_word' id='word_1_272' title='bbox 2502 2249 2605 2300; x_wconf 89' lang='lat' dir='ltr'><strong>aut</strong></span> <span class='ocrx_word' id='word_1_273' title='bbox 2632 2261 2787 2299; x_wconf 81' lang='lat' dir='ltr'><strong>cras·-</strong></span> 
     </span>
     <span class='ocr_line' id='line_1_25' title="bbox 377 2322 2786 2401; baseline -0.001 -19"><span class='ocrx_word' id='word_1_274' title='bbox 377 2324 536 2382; x_wconf 85' lang='lat' dir='ltr'><strong>tinus</strong></span> <span class='ocrx_word' id='word_1_275' title='bbox 565 2323 689 2382; x_wconf 88' lang='lat' dir='ltr'><strong>dies</strong></span> <span class='ocrx_word' id='word_1_276' title='bbox 717 2331 822 2398; x_wconf 86' lang='lat' dir='ltr'><strong>est,</strong></span> <span class='ocrx_word' id='word_1_277' title='bbox 856 2323 959 2382; x_wconf 89' lang='lat' dir='ltr'><strong>sed</strong></span> <span class='ocrx_word' id='word_1_278' title='bbox 987 2342 1213 2401; x_wconf 87' lang='lat' dir='ltr'><strong>semper</strong></span> <span class='ocrx_word' id='word_1_279' title='bbox 1237 2323 1448 2399; x_wconf 79' lang='lat' dir='ltr'><strong>hodie3</strong></span> <span class='ocrx_word' id='word_1_280' title='bbox 1491 2323 1576 2382; x_wconf 89' lang='lat' dir='ltr'><strong>ita</strong></span> <span class='ocrx_word' id='word_1_281' title='bbox 1604 2322 1839 2382; x_wconf 82' lang='lat' dir='ltr'><strong>Filiatio</strong></span> <span class='ocrx_word' id='word_1_282' title='bbox 1866 2322 1980 2382; x_wconf 83' lang='lat' dir='ltr'><strong>ista</strong></span> <span class='ocrx_word' id='word_1_283' title='bbox 2005 2328 2205 2400; x_wconf 88' lang='lat' dir='ltr'><strong>utpote</strong></span> <span class='ocrx_word' id='word_1_284' title='bbox 2233 2330 2463 2396; x_wconf 73' lang='lat' dir='ltr'><strong>aeterna,</strong></span> <span class='ocrx_word' id='word_1_285' title='bbox 2494 2327 2649 2380; x_wconf 86' lang='lat' dir='ltr'><strong>recte</strong></span> <span class='ocrx_word' id='word_1_286' title='bbox 2682 2340 2786 2398; x_wconf 85' lang='lat' dir='ltr'><strong>per</strong></span> 
     </span>
     <span class='ocr_line' id='line_1_26' title="bbox 379 2402 1470 2480; baseline 0.002 -20"><span class='ocrx_word' id='word_1_287' title='bbox 379 2402 552 2462; x_wconf 88' lang='lat' dir='ltr'><strong>hodie</strong></span> <span class='ocrx_word' id='word_1_288' title='bbox 580 2403 918 2462; x_wconf 69' lang='lat' dir='ltr'><strong>aeternitatis</strong></span> <span class='ocrx_word' id='word_1_289' title='bbox 943 2403 1237 2480; x_wconf 85' lang='lat' dir='ltr'><strong>designari</strong></span> <span class='ocrx_word' id='word_1_290' title='bbox 1261 2402 1470 2480; x_wconf 88' lang='lat' dir='ltr'><strong>potuit.</strong></span> 
     </span>
    </p>

    <p class='ocr_par' dir='ltr' id='par_1_3' title="bbox 343 2478 2795 4229">
     <span class='ocr_line' id='line_1_27' title="bbox 463 2478 2787 2560; baseline -0.001 -20"><span class='ocrx_word' id='word_1_291' title='bbox 463 2482 582 2540; x_wconf 91' lang='lat' dir='ltr'><strong>IX.</strong></span> <span class='ocrx_word' id='word_1_292' title='bbox 647 2483 890 2541; x_wconf 89' lang='lat' dir='ltr'><strong>Frustra</strong></span> <span class='ocrx_word' id='word_1_293' title='bbox 931 2482 1106 2541; x_wconf 86' lang='lat' dir='ltr'><strong>etiam</strong></span> <span class='ocrx_word' id='word_1_294' title='bbox 1154 2481 1478 2560; x_wconf 84' lang='lat' dir='ltr'><strong>opponitur,</strong></span> <span class='ocrx_word' id='word_1_295' title='bbox 1515 2481 1691 2540; x_wconf 78' lang='lat' dir='ltr'><strong>talem</strong></span> <span class='ocrx_word' id='word_1_296' title='bbox 1738 2498 1866 2540; x_wconf 86' lang='lat' dir='ltr'><strong>esse</strong></span> <span class='ocrx_word' id='word_1_297' title='bbox 1908 2479 2335 2558; x_wconf 85' lang='lat' dir='ltr'><strong>generationem</strong></span> <span class='ocrx_word' id='word_1_298' title='bbox 2376 2499 2507 2556; x_wconf 76' lang='lat' dir='ltr'><strong>quse</strong></span> <span class='ocrx_word' id='word_1_299' title='bbox 2550 2478 2627 2538; x_wconf 90' lang='lat' dir='ltr'><strong>sit</strong></span> <span class='ocrx_word' id='word_1_300' title='bbox 2652 2498 2787 2556; x_wconf 84' lang='lat' dir='ltr'><strong>pars</strong></span> 
     </span>
     <span class='ocr_line' id='line_1_28' title="bbox 380 2559 2784 2640; baseline -0.001 -20"><span class='ocrx_word' id='word_1_301' title='bbox 380 2561 612 2639; x_wconf 81' lang='lat' dir='ltr'><strong>decreti,</strong></span> <span class='ocrx_word' id='word_1_302' title='bbox 645 2570 746 2623; x_wconf 86' lang='lat' dir='ltr'><strong>aut</strong></span> <span class='ocrx_word' id='word_1_303' title='bbox 793 2559 1061 2621; x_wconf 84' lang='lat' dir='ltr'><strong>effectum</strong></span> <span class='ocrx_word' id='word_1_304' title='bbox 1101 2562 1246 2640; x_wconf 87' lang='lat' dir='ltr'><strong>ejus,</strong></span> <span class='ocrx_word' id='word_1_305' title='bbox 1277 2567 1450 2639; x_wconf 88' lang='lat' dir='ltr'><strong>atque</strong></span> <span class='ocrx_word' id='word_1_306' title='bbox 1491 2560 1622 2620; x_wconf 87' lang='lat' dir='ltr'><strong>ideo</strong></span> <span class='ocrx_word' id='word_1_307' title='bbox 1668 2580 1813 2638; x_wconf 86' lang='lat' dir='ltr'><strong>opus</strong></span> <span class='ocrx_word' id='word_1_308' title='bbox 1853 2580 2009 2620; x_wconf 85' lang='lat' dir='ltr'><strong>mere</strong></span> <span class='ocrx_word' id='word_1_309' title='bbox 2042 2559 2445 2635; x_wconf 82' lang='lat' dir='ltr'><strong>arbitrarium3</strong></span> <span class='ocrx_word' id='word_1_310' title='bbox 2489 2560 2784 2635; x_wconf 79' lang='lat' dir='ltr'><strong>Narrabo,</strong></span> 
     </span>
     <span class='ocr_line' id='line_1_29' title="bbox 379 2640 2782 2719; baseline -0.002 -18"><span class='ocrx_word' id='word_1_311' title='bbox 379 2642 585 2719; x_wconf 87' lang='lat' dir='ltr'><strong>inquit,</strong></span> <span class='ocrx_word' id='word_1_312' title='bbox 637 2644 934 2717; x_wconf 78' lang='lat' dir='ltr'><strong>decretum,</strong></span> <span class='ocrx_word' id='word_1_313' title='bbox 965 2643 1245 2701; x_wconf 75' lang='lat' dir='ltr'><strong>Dominus</strong></span> <span class='ocrx_word' id='word_1_314' title='bbox 1286 2642 1424 2699; x_wconf 72' lang='lat' dir='ltr'><strong>milei</strong></span> <span class='ocrx_word' id='word_1_315' title='bbox 1463 2642 1624 2716; x_wconf 64' lang='lat' dir='ltr'><strong>dixit,</strong></span> <span class='ocrx_word' id='word_1_316' title='bbox 1662 2642 1749 2699; x_wconf 83' lang='lat' dir='ltr'><strong>Tu</strong></span> <span class='ocrx_word' id='word_1_317' title='bbox 1789 2660 1845 2700; x_wconf 80' lang='lat' dir='ltr'><strong>es</strong></span> <span class='ocrx_word' id='word_1_318' title='bbox 1872 2642 2055 2699; x_wconf 63' lang='lat' dir='ltr'><strong>Filiam</strong></span> <span class='ocrx_word' id='word_1_319' title='bbox 2100 2660 2269 2715; x_wconf 78' lang='lat' dir='ltr'><strong>meus,</strong></span> <span class='ocrx_word' id='word_1_320' title='bbox 2314 2640 2476 2697; x_wconf 74' lang='lat' dir='ltr'><strong>hodie</strong></span> <span class='ocrx_word' id='word_1_321' title='bbox 2517 2640 2692 2716; x_wconf 72' lang='lat' dir='ltr'><strong>qenai</strong></span> <span class='ocrx_word' id='word_1_322' title='bbox 2715 2650 2782 2714; x_wconf 83' lang='lat' dir='ltr'><strong>te,</strong></span> 
     </span>
     <span class='ocr_line' id='line_1_30' title="bbox 380 2718 2787 2797; baseline -0.002 -17"><span class='ocrx_word' id='word_1_323' title='bbox 380 2723 516 2780; x_wconf 71' lang='lat' dir='ltr'><strong>Pete</strong></span> <span class='ocrx_word' id='word_1_324' title='bbox 557 2742 598 2780; x_wconf 86' lang='lat' dir='ltr'><strong>a</strong></span> <span class='ocrx_word' id='word_1_325' title='bbox 639 2742 742 2797; x_wconf 83' lang='lat' dir='ltr'><strong>me,</strong></span> <span class='ocrx_word' id='word_1_326' title='bbox 774 2732 830 2780; x_wconf 83' lang='lat' dir='ltr'><strong>et</strong></span> <span class='ocrx_word' id='word_1_327' title='bbox 873 2722 1019 2781; x_wconf 83' lang='lat' dir='ltr'><strong>dabo</strong></span> <span class='ocrx_word' id='word_1_328' title='bbox 1047 2722 1146 2780; x_wconf 76' lang='lat' dir='ltr'><strong>tihi</strong></span> <span class='ocrx_word' id='word_1_329' title='bbox 1181 2722 1242 2780; x_wconf 78' lang='lat' dir='ltr'><strong>in</strong></span> <span class='ocrx_word' id='word_1_330' title='bbox 1283 2722 1664 2780; x_wconf 77' lang='lat' dir='ltr'><strong>haereditatem</strong></span> <span class='ocrx_word' id='word_1_331' title='bbox 1698 2730 1889 2797; x_wconf 70' lang='lat' dir='ltr'><strong>yeme-s</strong></span> <span class='ocrx_word' id='word_1_332' title='bbox 1907 2743 1933 2793; x_wconf 89' lang='lat'><strong>,·</strong></span> <span class='ocrx_word' id='word_1_333' title='bbox 1990 2720 2139 2777; x_wconf 87' lang='lat' dir='ltr'><strong>Nam</strong></span> <span class='ocrx_word' id='word_1_334' title='bbox 2182 2719 2479 2796; x_wconf 88' lang='lat' dir='ltr'><strong>generatio</strong></span> <span class='ocrx_word' id='word_1_335' title='bbox 2519 2718 2634 2777; x_wconf 89' lang='lat' dir='ltr'><strong>ista</strong></span> <span class='ocrx_word' id='word_1_336' title='bbox 2668 2738 2787 2776; x_wconf 91' lang='lat' dir='ltr'><strong>non</strong></span> 
     </span>
     <span class='ocr_line' id='line_1_31' title="bbox 343 2799 2785 2879; baseline -0.001 -21"><span class='ocrx_word' id='word_1_337' title='bbox 343 2856 352 2865; x_wconf 77' lang='grc'><strong><em>,</em></strong></span> <span class='ocrx_word' id='word_1_338' title='bbox 379 2802 718 2879; x_wconf 84' lang='lat' dir='ltr'><strong>proponitur</strong></span> <span class='ocrx_word' id='word_1_339' title='bbox 745 2810 810 2861; x_wconf 92' lang='lat' dir='ltr'><strong>ut</strong></span> <span class='ocrx_word' id='word_1_340' title='bbox 827 2822 976 2879; x_wconf 80' lang='lat' dir='ltr'><strong>pars</strong></span> <span class='ocrx_word' id='word_1_341' title='bbox 1001 2802 1214 2860; x_wconf 75' lang='lat' dir='ltr'><strong>decreti</strong></span> <span class='ocrx_word' id='word_1_342' title='bbox 1236 2801 1421 2875; x_wconf 88' lang='lat' dir='ltr'><strong>istius,</strong></span> <span class='ocrx_word' id='word_1_343' title='bbox 1452 2800 1556 2859; x_wconf 90' lang='lat' dir='ltr'><strong>sed</strong></span> <span class='ocrx_word' id='word_1_344' title='bbox 1581 2808 1811 2859; x_wconf 86' lang='lat' dir='ltr'><strong>tantum</strong></span> <span class='ocrx_word' id='word_1_345' title='bbox 1838 2808 1903 2859; x_wconf 90' lang='lat' dir='ltr'><strong>ut</strong></span> <span class='ocrx_word' id='word_1_346' title='bbox 1943 2800 2069 2877; x_wconf 87' lang='lat' dir='ltr'><strong>ejus</strong></span> <span class='ocrx_word' id='word_1_347' title='bbox 2080 2801 2534 2874; x_wconf 69' lang='lat' dir='ltr'><strong>fiaendamentum,</strong></span> <span class='ocrx_word' id='word_1_348' title='bbox 2554 2818 2670 2875; x_wconf 87' lang='lat' dir='ltr'><strong>qno</strong></span> <span class='ocrx_word' id='word_1_349' title='bbox 2696 2799 2785 2855; x_wconf 86' lang='lat' dir='ltr'><strong>ni-</strong></span> 
     </span>
     <span class='ocr_line' id='line_1_32' title="bbox 380 2878 2789 2959; baseline -0.001 -20"><span class='ocrx_word' id='word_1_350' title='bbox 380 2881 522 2939; x_wconf 87' lang='lat' dir='ltr'><strong>titur</strong></span> <span class='ocrx_word' id='word_1_351' title='bbox 551 2882 821 2959; x_wconf 74' lang='lat' dir='ltr'><strong>Regnum</strong></span> <span class='ocrx_word' id='word_1_352' title='bbox 847 2881 1174 2940; x_wconf 74' lang='lat' dir='ltr'><strong>universale</strong></span> <span class='ocrx_word' id='word_1_353' title='bbox 1217 2880 1376 2957; x_wconf 87' lang='lat' dir='ltr'><strong>quod</strong></span> <span class='ocrx_word' id='word_1_354' title='bbox 1402 2880 1490 2939; x_wconf 87' lang='lat' dir='ltr'><strong>illi</strong></span> <span class='ocrx_word' id='word_1_355' title='bbox 1531 2880 1897 2956; x_wconf 83' lang='lat' dir='ltr'><strong>conceditur3</strong></span> <span class='ocrx_word' id='word_1_356' title='bbox 1944 2879 2093 2937; x_wconf 89' lang='lat' dir='ltr'><strong>Nam</strong></span> <span class='ocrx_word' id='word_1_357' title='bbox 2136 2878 2250 2937; x_wconf 88' lang='lat' dir='ltr'><strong>nisi</strong></span> <span class='ocrx_word' id='word_1_358' title='bbox 2279 2878 2543 2937; x_wconf 83' lang='lat' dir='ltr'><strong>Christus</strong></span> <span class='ocrx_word' id='word_1_359' title='bbox 2582 2878 2789 2937; x_wconf 84' lang='lat' dir='ltr'><strong>fuisset</strong></span> 
     </span>
     <span class='ocr_line' id='line_1_33' title="bbox 381 2958 2789 3037; baseline 0 -20"><span class='ocrx_word' id='word_1_360' title='bbox 381 2980 554 3019; x_wconf 82' lang='lat' dir='ltr'><strong>verus</strong></span> <span class='ocrx_word' id='word_1_361' title='bbox 582 2970 641 3020; x_wconf 88' lang='lat' dir='ltr'><strong>et</strong></span> <span class='ocrx_word' id='word_1_362' title='bbox 669 2970 917 3019; x_wconf 77' lang='lat' dir='ltr'><strong>oeternus</strong></span> <span class='ocrx_word' id='word_1_363' title='bbox 948 2960 1060 3019; x_wconf 88' lang='lat' dir='ltr'><strong>Dei</strong></span> <span class='ocrx_word' id='word_1_364' title='bbox 1090 2960 1292 3036; x_wconf 78' lang='lat' dir='ltr'><strong>Filius,</strong></span> <span class='ocrx_word' id='word_1_365' title='bbox 1312 2961 1386 3018; x_wconf 89' lang='lat' dir='ltr'><strong>ab</strong></span> <span class='ocrx_word' id='word_1_366' title='bbox 1413 2960 1540 3037; x_wconf 88' lang='lat' dir='ltr'><strong>ipso</strong></span> <span class='ocrx_word' id='word_1_367' title='bbox 1569 2960 1643 3018; x_wconf 88' lang='lat' dir='ltr'><strong>ab</strong></span> <span class='ocrx_word' id='word_1_368' title='bbox 1670 2967 1886 3018; x_wconf 67' lang='lat' dir='ltr'><strong>veterno</strong></span> <span class='ocrx_word' id='word_1_369' title='bbox 1916 2958 2163 3036; x_wconf 77' lang='lat' dir='ltr'><strong>genituS,</strong></span> <span class='ocrx_word' id='word_1_370' title='bbox 2182 2978 2478 3034; x_wconf 86' lang='lat' dir='ltr'><strong>nunquam</strong></span> <span class='ocrx_word' id='word_1_371' title='bbox 2504 2958 2789 3035; x_wconf 81' lang='lat' dir='ltr'><strong>potuisset</strong></span> 
     </span>
     <span class='ocr_line' id='line_1_34' title="bbox 381 3037 2788 3116; baseline -0.001 -18"><span class='ocrx_word' id='word_1_372' title='bbox 381 3040 444 3098; x_wconf 89' lang='lat' dir='ltr'><strong>in</strong></span> <span class='ocrx_word' id='word_1_373' title='bbox 472 3040 854 3099; x_wconf 83' lang='lat' dir='ltr'><strong>Mediatorem</strong></span> <span class='ocrx_word' id='word_1_374' title='bbox 894 3040 1189 3115; x_wconf 82' lang='lat' dir='ltr'><strong>destinari,</strong></span> <span class='ocrx_word' id='word_1_375' title='bbox 1225 3048 1285 3098; x_wconf 90' lang='lat' dir='ltr'><strong>et</strong></span> <span class='ocrx_word' id='word_1_376' title='bbox 1325 3059 1571 3116; x_wconf 84' lang='lat' dir='ltr'><strong>regnum</strong></span> <span class='ocrx_word' id='word_1_377' title='bbox 1611 3039 1938 3107; x_wconf 82' lang='lat' dir='ltr'><strong>universale</strong></span> <span class='ocrx_word' id='word_1_378' title='bbox 1978 3037 2257 3097; x_wconf 89' lang='lat' dir='ltr'><strong>obtinere.</strong></span> <span class='ocrx_word' id='word_1_379' title='bbox 2343 3038 2625 3114; x_wconf 90' lang='lat' dir='ltr'><strong>Denique,</strong></span> <span class='ocrx_word' id='word_1_380' title='bbox 2668 3056 2788 3095; x_wconf 88' lang='lat' dir='ltr'><strong>non</strong></span> 
     </span>
     <span class='ocr_line' id='line_1_35' title="bbox 381 3116 2790 3196; baseline -0.001 -19"><span class='ocrx_word' id='word_1_381' title='bbox 381 3120 571 3196; x_wconf 84' lang='lat' dir='ltr'><strong>magis</strong></span> <span class='ocrx_word' id='word_1_382' title='bbox 597 3128 766 3195; x_wconf 85' lang='lat' dir='ltr'><strong>urget</strong></span> <span class='ocrx_word' id='word_1_383' title='bbox 793 3118 952 3195; x_wconf 89' lang='lat' dir='ltr'><strong>quod</strong></span> <span class='ocrx_word' id='word_1_384' title='bbox 975 3120 1102 3177; x_wconf 79' lang='lat' dir='ltr'><strong>haec</strong></span> <span class='ocrx_word' id='word_1_385' title='bbox 1143 3117 1220 3177; x_wconf 83' lang='lat' dir='ltr'><strong>ad</strong></span> <span class='ocrx_word' id='word_1_386' title='bbox 1248 3119 1535 3178; x_wconf 82' lang='lat' dir='ltr'><strong>Davidem</strong></span> <span class='ocrx_word' id='word_1_387' title='bbox 1573 3119 1859 3196; x_wconf 85' lang='lat' dir='ltr'><strong>pertinere</strong></span> <span class='ocrx_word' id='word_1_388' title='bbox 1899 3118 2122 3193; x_wconf 87' lang='lat' dir='ltr'><strong>volunt,</strong></span> <span class='ocrx_word' id='word_1_389' title='bbox 2152 3118 2254 3195; x_wconf 92' lang='lat' dir='ltr'><strong>qui</strong></span> <span class='ocrx_word' id='word_1_390' title='bbox 2292 3125 2488 3176; x_wconf 85' lang='lat' dir='ltr'><strong>tamen</strong></span> <span class='ocrx_word' id='word_1_391' title='bbox 2514 3116 2632 3175; x_wconf 84' lang='lat' dir='ltr'><strong>dici</strong></span> <span class='ocrx_word' id='word_1_392' title='bbox 2670 3136 2790 3175; x_wconf 89' lang='lat' dir='ltr'><strong>non</strong></span> 
     </span>
     <span class='ocr_line' id='line_1_36' title="bbox 381 3197 2788 3277; baseline -0.001 -21"><span class='ocrx_word' id='word_1_393' title='bbox 381 3199 568 3277; x_wconf 85' lang='lat' dir='ltr'><strong>possit</strong></span> <span class='ocrx_word' id='word_1_394' title='bbox 593 3199 668 3257; x_wconf 91' lang='lat' dir='ltr'><strong>ab</strong></span> <span class='ocrx_word' id='word_1_395' title='bbox 696 3206 908 3256; x_wconf 72' lang='lat' dir='ltr'><strong>aeterno</strong></span> <span class='ocrx_word' id='word_1_396' title='bbox 936 3218 972 3255; x_wconf 86' lang='lat' dir='ltr'><strong>a</strong></span> <span class='ocrx_word' id='word_1_397' title='bbox 1002 3198 1129 3256; x_wconf 85' lang='lat' dir='ltr'><strong>Deo</strong></span> <span class='ocrx_word' id='word_1_398' title='bbox 1157 3198 1406 3273; x_wconf 80' lang='lat' dir='ltr'><strong>genitus,</strong></span> <span class='ocrx_word' id='word_1_399' title='bbox 1491 3199 1640 3256; x_wconf 88' lang='lat' dir='ltr'><strong>Nam</strong></span> <span class='ocrx_word' id='word_1_400' title='bbox 1657 3198 1793 3257; x_wconf 90' lang='lat' dir='ltr'><strong>licet</strong></span> <span class='ocrx_word' id='word_1_401' title='bbox 1811 3199 1923 3258; x_wconf 84' lang='lat' dir='ltr'><strong>hoc</strong></span> <span class='ocrx_word' id='word_1_402' title='bbox 1944 3197 2256 3256; x_wconf 88' lang='lat' dir='ltr'><strong>Oracnlum</strong></span> <span class='ocrx_word' id='word_1_403' title='bbox 2271 3205 2468 3274; x_wconf 91' lang='lat' dir='ltr'><strong>posset</strong></span> <span class='ocrx_word' id='word_1_404' title='bbox 2492 3204 2788 3273; x_wconf 88' lang='lat' dir='ltr'><strong>utcunque</strong></span> 
     </span>
     <span class='ocr_line' id='line_1_37' title="bbox 383 3276 2785 3354; baseline -0.001 -18"><span class='ocrx_word' id='word_1_405' title='bbox 383 3277 462 3336; x_wconf 84' lang='lat' dir='ltr'><strong>ad</strong></span> <span class='ocrx_word' id='word_1_406' title='bbox 508 3277 794 3335; x_wconf 82' lang='lat' dir='ltr'><strong>Davidem</strong></span> <span class='ocrx_word' id='word_1_407' title='bbox 840 3278 1126 3353; x_wconf 87' lang='lat' dir='ltr'><strong>pertinere</strong></span> <span class='ocrx_word' id='word_1_408' title='bbox 1169 3276 1233 3333; x_wconf 86' lang='lat' dir='ltr'><strong>in</strong></span> <span class='ocrx_word' id='word_1_409' title='bbox 1278 3284 1437 3353; x_wconf 80' lang='lat' dir='ltr'><strong>typo,</strong></span> <span class='ocrx_word' id='word_1_410' title='bbox 1487 3278 1709 3336; x_wconf 87' lang='lat' dir='ltr'><strong>ratione</strong></span> <span class='ocrx_word' id='word_1_411' title='bbox 1753 3277 2054 3354; x_wconf 83' lang='lat' dir='ltr'><strong>dignitatis</strong></span> <span class='ocrx_word' id='word_1_412' title='bbox 2092 3276 2171 3335; x_wconf 85' lang='lat' dir='ltr'><strong>ad</strong></span> <span class='ocrx_word' id='word_1_413' title='bbox 2196 3296 2371 3353; x_wconf 87' lang='lat' dir='ltr'><strong>quam</strong></span> <span class='ocrx_word' id='word_1_414' title='bbox 2398 3284 2636 3335; x_wconf 84' lang='lat' dir='ltr'><strong>evectus</strong></span> <span class='ocrx_word' id='word_1_415' title='bbox 2678 3284 2785 3350; x_wconf 85' lang='lat' dir='ltr'><strong>est,</strong></span> 
     </span>
     <span class='ocr_line' id='line_1_38' title="bbox 383 3354 2793 3433; baseline -0 -19"><span class='ocrx_word' id='word_1_416' title='bbox 383 3357 560 3433; x_wconf 85' lang='lat' dir='ltr'><strong>longe</strong></span> <span class='ocrx_word' id='word_1_417' title='bbox 588 3354 804 3433; x_wconf 87' lang='lat' dir='ltr'><strong>dispari</strong></span> <span class='ocrx_word' id='word_1_418' title='bbox 830 3363 1024 3414; x_wconf 87' lang='lat' dir='ltr'><strong>tamen</strong></span> <span class='ocrx_word' id='word_1_419' title='bbox 1049 3356 1272 3414; x_wconf 87' lang='lat' dir='ltr'><strong>ratione</strong></span> <span class='ocrx_word' id='word_1_420' title='bbox 1299 3364 1648 3433; x_wconf 83' lang='lat' dir='ltr'><strong>competeret</strong></span> <span class='ocrx_word' id='word_1_421' title='bbox 1676 3356 1921 3430; x_wconf 78' lang='lat' dir='ltr'><strong>Christo,</strong></span> <span class='ocrx_word' id='word_1_422' title='bbox 1952 3356 2013 3413; x_wconf 91' lang='lat' dir='ltr'><strong>in</strong></span> <span class='ocrx_word' id='word_1_423' title='bbox 2040 3375 2155 3431; x_wconf 88' lang='lat' dir='ltr'><strong>quo</strong></span> <span class='ocrx_word' id='word_1_424' title='bbox 2178 3356 2303 3414; x_wconf 86' lang='lat' dir='ltr'><strong>solo</strong></span> <span class='ocrx_word' id='word_1_425' title='bbox 2329 3354 2580 3431; x_wconf 85' lang='lat' dir='ltr'><strong>perfecte</strong></span> <span class='ocrx_word' id='word_1_426' title='bbox 2600 3355 2793 3433; x_wconf 91' lang='lat' dir='ltr'><strong>potuit</strong></span> 
     </span>
     <span class='ocr_line' id='line_1_39' title="bbox 385 3433 2788 3513; baseline -0.001 -21"><span class='ocrx_word' id='word_1_427' title='bbox 385 3435 628 3511; x_wconf 87' lang='lat' dir='ltr'><strong>impleri,</strong></span> <span class='ocrx_word' id='word_1_428' title='bbox 660 3444 719 3494; x_wconf 88' lang='lat' dir='ltr'><strong>et</strong></span> <span class='ocrx_word' id='word_1_429' title='bbox 745 3435 820 3494; x_wconf 87' lang='lat' dir='ltr'><strong>ad</strong></span> <span class='ocrx_word' id='word_1_430' title='bbox 847 3455 1020 3511; x_wconf 87' lang='lat' dir='ltr'><strong>quem</strong></span> <span class='ocrx_word' id='word_1_431' title='bbox 1063 3435 1349 3512; x_wconf 70' lang='lat' dir='ltr'><strong>praecipue</strong></span> <span class='ocrx_word' id='word_1_432' title='bbox 1379 3434 1573 3493; x_wconf 82' lang='lat' dir='ltr'><strong>David</strong></span> <span class='ocrx_word' id='word_1_433' title='bbox 1618 3435 1837 3513; x_wconf 81' lang='lat' dir='ltr'><strong>Spiritu</strong></span> <span class='ocrx_word' id='word_1_434' title='bbox 1879 3435 2227 3512; x_wconf 87' lang='lat' dir='ltr'><strong>Prophetico</strong></span> <span class='ocrx_word' id='word_1_435' title='bbox 2258 3435 2549 3510; x_wconf 80' lang='lat' dir='ltr'><strong>respexit3</strong></span> <span class='ocrx_word' id='word_1_436' title='bbox 2592 3434 2675 3491; x_wconf 81' lang='lat' dir='ltr'><strong>ita</strong></span> <span class='ocrx_word' id='word_1_437' title='bbox 2716 3433 2788 3490; x_wconf 81' lang='lat' dir='ltr'><strong>de</strong></span> 
     </span>
     <span class='ocr_line' id='line_1_40' title="bbox 387 3512 2787 3607; baseline -0 -37"><span class='ocrx_word' id='word_1_438' title='bbox 387 3514 806 3607; x_wconf 73' lang='lat' dir='ltr'><strong>Melchisideeq</strong></span> <span class='ocrx_word' id='word_1_439' title='bbox 849 3524 910 3607; x_wconf 73' lang='lat' dir='ltr'><strong>et</strong></span> <span class='ocrx_word' id='word_1_440' title='bbox 953 3514 1026 3573; x_wconf 91' lang='lat' dir='ltr'><strong>de</strong></span> <span class='ocrx_word' id='word_1_441' title='bbox 1055 3514 1285 3573; x_wconf 86' lang='lat' dir='ltr'><strong>Christo</strong></span> <span class='ocrx_word' id='word_1_442' title='bbox 1329 3513 1482 3571; x_wconf 87' lang='lat' dir='ltr'><strong>idem</strong></span> <span class='ocrx_word' id='word_1_443' title='bbox 1525 3513 1760 3605; x_wconf 69' lang='lat' dir='ltr'><strong>dicitur,</strong></span> <span class='ocrx_word' id='word_1_444' title='bbox 1808 3514 1961 3572; x_wconf 90' lang='lat' dir='ltr'><strong>Heb.</strong></span> <span class='ocrx_word' id='word_1_445' title='bbox 1990 3514 2095 3572; x_wconf 87' lang='lat' dir='ltr'><strong>vii.</strong></span> <span class='ocrx_word' id='word_1_446' title='bbox 2142 3517 2197 3587; x_wconf 88' lang='lat'><strong>3,</strong></span> <span class='ocrx_word' id='word_1_447' title='bbox 2241 3512 2400 3589; x_wconf 89' lang='lat' dir='ltr'><strong>quod</strong></span> <span class='ocrx_word' id='word_1_448' title='bbox 2443 3514 2521 3571; x_wconf 89' lang='lat' dir='ltr'><strong>sit</strong></span> <span class='ocrx_word' id='word_1_449' title='bbox 2554 3515 2787 3593; x_wconf 62' lang='grc' dir='ltr'><strong>εἱσι-ἄτας,</strong></span> 
     </span>
     <span class='ocr_line' id='line_1_41' title="bbox 385 3592 2795 3751; baseline -0.001 -20"><span class='ocrx_word' id='word_1_450' title='bbox 385 3603 1020 3751; x_wconf 54' lang='grc' dir='ltr'><strong>ἷζῃῖἒᾏιῗέἒέῃῗὲᾟῗ</strong></span> <span class='ocrx_word' id='word_1_451' title='bbox 1037 3594 1455 3732; x_wconf 51' lang='grc' dir='ltr'><strong>ἒέᾏᾞῒέἒὲἓ</strong></span> <span class='ocrx_word' id='word_1_452' title='bbox 1481 3592 2334 3730; x_wconf 55' lang='grc' dir='ltr'><strong>ἷιῗὲῗοὴῗῖῑῗιῖοέἓῗὲῗᾝιῖῗῗ</strong></span> <span class='ocrx_word' id='word_1_453' title='bbox 2350 3600 2585 3747; x_wconf 59' lang='grc' dir='ltr'><strong>Ρξῖᾞῑῖιῖ</strong></span> <span class='ocrx_word' id='word_1_454' title='bbox 2612 3599 2795 3729; x_wconf 63' lang='grc' dir='ltr'><strong>3ξὲζὲ</strong></span> 
     </span>
     <span class='ocr_line' id='line_1_42' title="bbox 387 3747 2793 3830; baseline -0.001 -18"><span class='ocrx_word' id='word_1_455' title='bbox 387 3752 790 3830; x_wconf 80' lang='lat' dir='ltr'><strong>expendantur</strong></span> <span class='ocrx_word' id='word_1_456' title='bbox 815 3752 982 3811; x_wconf 83' lang='lat' dir='ltr'><strong>facile</strong></span> <span class='ocrx_word' id='word_1_457' title='bbox 1009 3753 1247 3830; x_wconf 86' lang='lat' dir='ltr'><strong>patebit,</strong></span> <span class='ocrx_word' id='word_1_458' title='bbox 1278 3751 1546 3829; x_wconf 83' lang='lat' dir='ltr'><strong>quamvis</strong></span> <span class='ocrx_word' id='word_1_459' title='bbox 1572 3751 1758 3809; x_wconf 89' lang='lat' dir='ltr'><strong>multa</strong></span> <span class='ocrx_word' id='word_1_460' title='bbox 1784 3750 1845 3807; x_wconf 91' lang='lat' dir='ltr'><strong>in</strong></span> <span class='ocrx_word' id='word_1_461' title='bbox 1871 3751 1983 3809; x_wconf 90' lang='lat' dir='ltr'><strong>hoc</strong></span> <span class='ocrx_word' id='word_1_462' title='bbox 2013 3750 2246 3809; x_wconf 83' lang='lat' dir='ltr'><strong>Psalmo</strong></span> <span class='ocrx_word' id='word_1_463' title='bbox 2274 3748 2349 3805; x_wconf 76' lang='lat' dir='ltr'><strong>ad</strong></span> <span class='ocrx_word' id='word_1_464' title='bbox 2381 3747 2683 3825; x_wconf 86' lang='lat' dir='ltr'><strong>Davidem,</strong></span> <span class='ocrx_word' id='word_1_465' title='bbox 2726 3758 2793 3809; x_wconf 87' lang='lat' dir='ltr'><strong>ut</strong></span> 
     </span>
     <span class='ocr_line' id='line_1_43' title="bbox 386 3828 2790 3910; baseline -0.002 -17"><span class='ocrx_word' id='word_1_466' title='bbox 386 3842 592 3910; x_wconf 88' lang='lat' dir='ltr'><strong>typum</strong></span> <span class='ocrx_word' id='word_1_467' title='bbox 618 3832 958 3908; x_wconf 85' lang='lat' dir='ltr'><strong>pertineant,</strong></span> <span class='ocrx_word' id='word_1_468' title='bbox 991 3832 1101 3891; x_wconf 90' lang='lat' dir='ltr'><strong>hoc</strong></span> <span class='ocrx_word' id='word_1_469' title='bbox 1139 3840 1334 3891; x_wconf 85' lang='lat' dir='ltr'><strong>tamen</strong></span> <span class='ocrx_word' id='word_1_470' title='bbox 1369 3830 1679 3890; x_wconf 78' lang='lat' dir='ltr'><strong>oraculum</strong></span> <span class='ocrx_word' id='word_1_471' title='bbox 1708 3830 2073 3906; x_wconf 84' lang='lat' dir='ltr'><strong>peculiariter</strong></span> <span class='ocrx_word' id='word_1_472' title='bbox 2094 3838 2157 3887; x_wconf 89' lang='lat' dir='ltr'><strong>et</strong></span> <span class='ocrx_word' id='word_1_473' title='bbox 2184 3830 2359 3905; x_wconf 68' lang='grc' dir='ltr'><strong>ὶξδχως</strong></span> <span class='ocrx_word' id='word_1_474' title='bbox 2390 3828 2619 3886; x_wconf 84' lang='lat' dir='ltr'><strong>Christo</strong></span> <span class='ocrx_word' id='word_1_475' title='bbox 2662 3848 2790 3905; x_wconf 86' lang='lat' dir='ltr'><strong>pro-</strong></span> 
     </span>
     <span class='ocr_line' id='line_1_44' title="bbox 387 3908 2793 3989; baseline -0.002 -18"><span class='ocrx_word' id='word_1_476' title='bbox 387 3914 577 3989; x_wconf 89' lang='lat' dir='ltr'><strong>prium</strong></span> <span class='ocrx_word' id='word_1_477' title='bbox 605 3931 748 3986; x_wconf 86' lang='lat' dir='ltr'><strong>esse,</strong></span> <span class='ocrx_word' id='word_1_478' title='bbox 780 3912 918 3989; x_wconf 86' lang='lat' dir='ltr'><strong>quia</strong></span> <span class='ocrx_word' id='word_1_479' title='bbox 943 3912 1016 3971; x_wconf 90' lang='lat' dir='ltr'><strong>de</strong></span> <span class='ocrx_word' id='word_1_480' title='bbox 1044 3932 1114 3970; x_wconf 90' lang='lat' dir='ltr'><strong>eo</strong></span> <span class='ocrx_word' id='word_1_481' title='bbox 1141 3912 1281 3971; x_wconf 87' lang='lat' dir='ltr'><strong>talia</strong></span> <span class='ocrx_word' id='word_1_482' title='bbox 1296 3910 1698 3987; x_wconf 73' lang='lat' dir='ltr'><strong>praedicantur,</strong></span> <span class='ocrx_word' id='word_1_483' title='bbox 1719 3928 1849 3986; x_wconf 82' lang='lat' dir='ltr'><strong>quae</strong></span> <span class='ocrx_word' id='word_1_484' title='bbox 1870 3910 1931 3966; x_wconf 92' lang='lat' dir='ltr'><strong>in</strong></span> <span class='ocrx_word' id='word_1_485' title='bbox 1950 3908 2242 3967; x_wconf 90' lang='lat' dir='ltr'><strong>hominem</strong></span> <span class='ocrx_word' id='word_1_486' title='bbox 2260 3908 2560 3987; x_wconf 83' lang='lat' dir='ltr'><strong>mortalem</strong></span> <span class='ocrx_word' id='word_1_487' title='bbox 2587 3908 2793 3967; x_wconf 85' lang='lat' dir='ltr'><strong>cadere</strong></span> 
     </span>
     <span class='ocr_line' id='line_1_45' title="bbox 387 3988 2792 4069; baseline -0.002 -19"><span class='ocrx_word' id='word_1_488' title='bbox 387 3999 716 4069; x_wconf 76' lang='lat' dir='ltr'><strong>nequeant:</strong></span> <span class='ocrx_word' id='word_1_489' title='bbox 761 3992 846 4051; x_wconf 92' lang='lat' dir='ltr'><strong>Ut</strong></span> <span class='ocrx_word' id='word_1_490' title='bbox 874 4012 1026 4068; x_wconf 75' lang='lat' dir='ltr'><strong>saepe</strong></span> <span class='ocrx_word' id='word_1_491' title='bbox 1055 3992 1301 4050; x_wconf 86' lang='lat' dir='ltr'><strong>occurrit</strong></span> <span class='ocrx_word' id='word_1_492' title='bbox 1327 3990 1390 4047; x_wconf 91' lang='lat' dir='ltr'><strong>in</strong></span> <span class='ocrx_word' id='word_1_493' title='bbox 1417 3989 1680 4049; x_wconf 85' lang='lat' dir='ltr'><strong>Oraculis</strong></span> <span class='ocrx_word' id='word_1_494' title='bbox 1722 3989 2071 4066; x_wconf 88' lang='lat' dir='ltr'><strong>compositis,</strong></span> <span class='ocrx_word' id='word_1_495' title='bbox 2102 3996 2168 4047; x_wconf 88' lang='lat' dir='ltr'><strong>ut</strong></span> <span class='ocrx_word' id='word_1_496' title='bbox 2214 3988 2479 4065; x_wconf 71' lang='lat' dir='ltr'><strong>quaedam</strong></span> <span class='ocrx_word' id='word_1_497' title='bbox 2522 3988 2792 4047; x_wconf 87' lang='lat' dir='ltr'><strong>conveni-</strong></span> 
     </span>
     <span class='ocr_line' id='line_1_46' title="bbox 387 4067 2793 4147; baseline -0.001 -18"><span class='ocrx_word' id='word_1_498' title='bbox 387 4080 506 4146; x_wconf 85' lang='lat' dir='ltr'><strong>ant,</strong></span> <span class='ocrx_word' id='word_1_499' title='bbox 537 4079 596 4129; x_wconf 89' lang='lat' dir='ltr'><strong>et</strong></span> <span class='ocrx_word' id='word_1_500' title='bbox 637 4079 778 4147; x_wconf 84' lang='lat' dir='ltr'><strong>typo</strong></span> <span class='ocrx_word' id='word_1_501' title='bbox 807 4080 866 4130; x_wconf 90' lang='lat' dir='ltr'><strong>et</strong></span> <span class='ocrx_word' id='word_1_502' title='bbox 891 4072 1172 4147; x_wconf 80' lang='lat' dir='ltr'><strong>antitypo,</strong></span> <span class='ocrx_word' id='word_1_503' title='bbox 1203 4070 1470 4147; x_wconf 79' lang='lat' dir='ltr'><strong>quaedam</strong></span> <span class='ocrx_word' id='word_1_504' title='bbox 1511 4089 1668 4144; x_wconf 83' lang='lat' dir='ltr'><strong>vero,</strong></span> <span class='ocrx_word' id='word_1_505' title='bbox 1712 4068 1811 4127; x_wconf 90' lang='lat' dir='ltr'><strong>vel</strong></span> <span class='ocrx_word' id='word_1_506' title='bbox 1854 4069 1965 4127; x_wconf 88' lang='lat' dir='ltr'><strong>soli</strong></span> <span class='ocrx_word' id='word_1_507' title='bbox 2006 4076 2165 4145; x_wconf 86' lang='lat' dir='ltr'><strong>typo,</strong></span> <span class='ocrx_word' id='word_1_508' title='bbox 2197 4067 2295 4126; x_wconf 87' lang='lat' dir='ltr'><strong>vel</strong></span> <span class='ocrx_word' id='word_1_509' title='bbox 2338 4068 2448 4127; x_wconf 88' lang='lat' dir='ltr'><strong>soli</strong></span> <span class='ocrx_word' id='word_1_510' title='bbox 2490 4068 2793 4146; x_wconf 81' lang='lat' dir='ltr'><strong>antitypo;</strong></span> 
     </span>
     <span class='ocr_line' id='line_1_47' title="bbox 389 4148 2264 4229; baseline -0.003 -18"><span class='ocrx_word' id='word_1_511' title='bbox 389 4150 548 4229; x_wconf 90' lang='lat' dir='ltr'><strong>quod</strong></span> <span class='ocrx_word' id='word_1_512' title='bbox 575 4151 670 4209; x_wconf 92' lang='lat' dir='ltr'><strong>hic</strong></span> <span class='ocrx_word' id='word_1_513' title='bbox 695 4150 822 4209; x_wconf 88' lang='lat' dir='ltr'><strong>fieri</strong></span> <span class='ocrx_word' id='word_1_514' title='bbox 849 4170 925 4209; x_wconf 87' lang='lat' dir='ltr'><strong>ex</strong></span> <span class='ocrx_word' id='word_1_515' title='bbox 951 4149 1398 4209; x_wconf 86' lang='lat' dir='ltr'><strong>circumstantiis</strong></span> <span class='ocrx_word' id='word_1_516' title='bbox 1425 4156 1622 4208; x_wconf 88' lang='lat' dir='ltr'><strong>textus</strong></span> <span class='ocrx_word' id='word_1_517' title='bbox 1648 4168 1767 4206; x_wconf 89' lang='lat' dir='ltr'><strong>non</strong></span> <span class='ocrx_word' id='word_1_518' title='bbox 1795 4148 2037 4207; x_wconf 86' lang='lat' dir='ltr'><strong>obscure</strong></span> <span class='ocrx_word' id='word_1_519' title='bbox 2063 4148 2264 4224; x_wconf 87' lang='lat' dir='ltr'><strong>liquet.</strong></span> 
     </span>
    </p>

    <p class='ocr_par' dir='ltr' id='par_1_4' title="bbox 712 4226 2799 4307">
     <span class='ocr_line' id='line_1_48' title="bbox 995 4226 2799 4305; baseline -0.002 -15.678"><span class='ocrx_word' id='word_1_520' title='bbox 995 4230 1080 4289; x_wconf 84' lang='lat' dir='ltr'><strong>X.</strong></span> <span class='ocrx_word' id='word_1_521' title='bbox 1127 4228 1410 4305; x_wconf 85' lang='lat' dir='ltr'><strong>Secund0,</strong></span> <span class='ocrx_word' id='word_1_522' title='bbox 1443 4229 1596 4287; x_wconf 88' lang='lat' dir='ltr'><strong>idem</strong></span> <span class='ocrx_word' id='word_1_523' title='bbox 1635 4228 1933 4304; x_wconf 86' lang='lat' dir='ltr'><strong>colligitur</strong></span> <span class='ocrx_word' id='word_1_524' title='bbox 1958 4246 2035 4286; x_wconf 83' lang='lat' dir='ltr'><strong>ex</strong></span> <span class='ocrx_word' id='word_1_525' title='bbox 2060 4226 2207 4301; x_wconf 93' lang='lat' dir='ltr'><strong>loco,</strong></span> <span class='ocrx_word' id='word_1_526' title='bbox 2241 4226 2416 4285; x_wconf 86' lang='lat' dir='ltr'><strong>Prov.</strong></span> <span class='ocrx_word' id='word_1_527' title='bbox 2442 4226 2566 4286; x_wconf 86' lang='lat' dir='ltr'><strong>viii.</strong></span> <span class='ocrx_word' id='word_1_528' title='bbox 2596 4230 2692 4301; x_wconf 88' lang='grc'><strong>22,</strong></span> <span class='ocrx_word' id='word_1_529' title='bbox 2737 4226 2799 4285; x_wconf 88' lang='lat' dir='ltr'><strong>in</strong></span> 
     </span>
    </p>

    <p class='ocr_par' dir='ltr' id='par_1_5' title="bbox 387 4294 2803 4707">
     <span class='ocr_line' id='line_1_49' title="bbox 387 4294 2796 4386; baseline -0.002 -18"><span class='ocrx_word' id='word_1_530' title='bbox 387 4296 480 4343; x_wconf 54' lang='grc' dir='ltr'><strong>ΕΣ·</strong></span> <span class='ocrx_word' id='word_1_531' title='bbox 512 4296 657 4341; x_wconf 59' lang='lat' dir='ltr'><strong>va·</strong></span> <span class='ocrx_word' id='word_1_532' title='bbox 676 4309 782 4339; x_wconf 58' lang='lat'>&#39;¹¹¹&#39;</span> <span class='ocrx_word' id='word_1_533' title='bbox 800 4294 874 4349; x_wconf 77' lang='lat'><strong>22,</strong></span> <span class='ocrx_word' id='word_1_534' title='bbox 913 4329 1030 4386; x_wconf 91' lang='lat' dir='ltr'><strong>quo</strong></span> <span class='ocrx_word' id='word_1_535' title='bbox 1058 4309 1144 4368; x_wconf 88' lang='lat' dir='ltr'><strong>sic</strong></span> <span class='ocrx_word' id='word_1_536' title='bbox 1176 4309 1470 4386; x_wconf 85' lang='lat' dir='ltr'><strong>Sapientia</strong></span> <span class='ocrx_word' id='word_1_537' title='bbox 1495 4308 1879 4367; x_wconf 85' lang='lat' dir='ltr'><strong>introducitur</strong></span> <span class='ocrx_word' id='word_1_538' title='bbox 1903 4307 2147 4384; x_wconf 86' lang='lat' dir='ltr'><strong>loquens</strong></span> <span class='ocrx_word' id='word_1_539' title='bbox 2213 4308 2249 4341; x_wconf 75' lang='lat'><strong>‘⁴</strong></span> <span class='ocrx_word' id='word_1_540' title='bbox 2270 4306 2314 4366; x_wconf 86' lang='lat' dir='ltr'><strong>J</strong></span> <span class='ocrx_word' id='word_1_541' title='bbox 2316 4307 2560 4382; x_wconf 77' lang='lat' dir='ltr'><strong>ehova,&#39;&#39;</strong></span> <span class='ocrx_word' id='word_1_542' title='bbox 2592 4306 2796 4383; x_wconf 88' lang='lat' dir='ltr'><strong>inquit,</strong></span> 
     </span>
     <span class='ocr_line' id='line_1_50' title="bbox 545 4352 2801 4466; baseline -0.001 -18"><span class='ocrx_word' id='word_1_543' title='bbox 545 4354 618 4410; x_wconf 72' lang='lat'><strong>23,</strong></span> <span class='ocrx_word' id='word_1_544' title='bbox 639 4356 719 4399; x_wconf 49' lang='grc' dir='ltr'><strong>ἅθ’</strong></span> <span class='ocrx_word' id='word_1_545' title='bbox 915 4391 956 4423; x_wconf 84' lang='grc'>“</span> <span class='ocrx_word' id='word_1_546' title='bbox 983 4388 1317 4466; x_wconf 84' lang='lat' dir='ltr'><strong>possidebat</strong></span> <span class='ocrx_word' id='word_1_547' title='bbox 1340 4410 1434 4447; x_wconf 85' lang='lat' dir='ltr'><strong>me</strong></span> <span class='ocrx_word' id='word_1_548' title='bbox 1460 4387 1743 4465; x_wconf 89' lang='lat' dir='ltr'><strong>principio</strong></span> <span class='ocrx_word' id='word_1_549' title='bbox 1771 4387 1883 4445; x_wconf 72' lang='lat' dir='ltr'><strong>vite</strong></span> <span class='ocrx_word' id='word_1_550' title='bbox 1932 4406 2067 4462; x_wconf 83' lang='lat' dir='ltr'><strong>suae,</strong></span> <span class='ocrx_word' id='word_1_551' title='bbox 2098 4352 2233 4445; x_wconf 69' lang='lat' dir='ltr'><strong>alite</strong></span> <span class='ocrx_word' id='word_1_552' title='bbox 2279 4406 2456 4463; x_wconf 87' lang='lat' dir='ltr'><strong>opera</strong></span> <span class='ocrx_word' id='word_1_553' title='bbox 2502 4405 2622 4461; x_wconf 86' lang='lat' dir='ltr'><strong>sua,</strong></span> <span class='ocrx_word' id='word_1_554' title='bbox 2667 4394 2801 4445; x_wconf 84' lang='lat' dir='ltr'><strong>ante</strong></span> 
     </span>
     <span class='ocr_line' id='line_1_51' title="bbox 387 4466 2803 4545; baseline -0.003 -16"><span class='ocrx_word' id='word_1_555' title='bbox 387 4470 574 4529; x_wconf 89' lang='lat' dir='ltr'><strong>ullum</strong></span> <span class='ocrx_word' id='word_1_556' title='bbox 602 4477 848 4545; x_wconf 86' lang='lat' dir='ltr'><strong>tempus,</strong></span> <span class='ocrx_word' id='word_1_557' title='bbox 879 4478 1012 4527; x_wconf 88' lang='lat' dir='ltr'><strong>ante</strong></span> <span class='ocrx_word' id='word_1_558' title='bbox 1053 4470 1310 4527; x_wconf 83' lang='lat' dir='ltr'><strong>seculum</strong></span> <span class='ocrx_word' id='word_1_559' title='bbox 1354 4470 1591 4527; x_wconf 89' lang='lat' dir='ltr'><strong>inuncta</strong></span> <span class='ocrx_word' id='word_1_560' title='bbox 1615 4468 1717 4543; x_wconf 83' lang='lat' dir='ltr'><strong>fui,</strong></span> <span class='ocrx_word' id='word_1_561' title='bbox 1757 4476 1891 4525; x_wconf 88' lang='lat' dir='ltr'><strong>ante</strong></span> <span class='ocrx_word' id='word_1_562' title='bbox 1938 4467 2298 4545; x_wconf 87' lang='lat' dir='ltr'><strong>principium,</strong></span> <span class='ocrx_word' id='word_1_563' title='bbox 2328 4474 2463 4525; x_wconf 86' lang='lat' dir='ltr'><strong>ante</strong></span> <span class='ocrx_word' id='word_1_564' title='bbox 2490 4466 2803 4542; x_wconf 86' lang='lat' dir='ltr'><strong>primordia</strong></span> 
     </span>
     <span class='ocr_line' id='line_1_52' title="bbox 390 4544 2800 4625; baseline -0.002 -18"><span class='ocrx_word' id='word_1_565' title='bbox 390 4557 576 4625; x_wconf 86' lang='lat' dir='ltr'><strong>terrae,</strong></span> <span class='ocrx_word' id='word_1_566' title='bbox 609 4568 790 4625; x_wconf 88' lang='lat' dir='ltr'><strong>quum</strong></span> <span class='ocrx_word' id='word_1_567' title='bbox 817 4548 994 4607; x_wconf 76' lang='lat' dir='ltr'><strong>nullae</strong></span> <span class='ocrx_word' id='word_1_568' title='bbox 1021 4557 1215 4608; x_wconf 85' lang='lat' dir='ltr'><strong>essent</strong></span> <span class='ocrx_word' id='word_1_569' title='bbox 1241 4548 1456 4625; x_wconf 81' lang='lat' dir='ltr'><strong>abyssi,</strong></span> <span class='ocrx_word' id='word_1_570' title='bbox 1487 4548 1662 4623; x_wconf 86' lang='lat' dir='ltr'><strong>edita,</strong></span> <span class='ocrx_word' id='word_1_571' title='bbox 1694 4546 1791 4604; x_wconf 89' lang='lat' dir='ltr'><strong>vel</strong></span> <span class='ocrx_word' id='word_1_572' title='bbox 1820 4547 2017 4624; x_wconf 87' lang='lat' dir='ltr'><strong>genita</strong></span> <span class='ocrx_word' id='word_1_573' title='bbox 2042 4566 2215 4623; x_wconf 87' lang='lat' dir='ltr'><strong>eram,</strong></span> <span class='ocrx_word' id='word_1_574' title='bbox 2248 4544 2376 4621; x_wconf 79' lang='lat' dir='ltr'><strong>&amp;c.,</strong></span> <span class='ocrx_word' id='word_1_575' title='bbox 2420 4565 2599 4622; x_wconf 91' lang='lat' dir='ltr'><strong>quum</strong></span> <span class='ocrx_word' id='word_1_576' title='bbox 2640 4552 2800 4621; x_wconf 85' lang='lat' dir='ltr'><strong>apta-</strong></span> 
     </span>
     <span class='ocr_line' id='line_1_53' title="bbox 390 4623 2801 4707; baseline -0.002 -20"><span class='ocrx_word' id='word_1_577' title='bbox 390 4638 482 4689; x_wconf 90' lang='lat' dir='ltr'><strong>ret</strong></span> <span class='ocrx_word' id='word_1_578' title='bbox 498 4629 698 4707; x_wconf 84' lang='lat' dir='ltr'><strong>coelos,</strong></span> <span class='ocrx_word' id='word_1_579' title='bbox 721 4629 807 4689; x_wconf 87' lang='lat' dir='ltr'><strong>ibi</strong></span> <span class='ocrx_word' id='word_1_580' title='bbox 832 4648 1006 4704; x_wconf 81' lang='lat' dir='ltr'><strong>eram,</strong></span> <span class='ocrx_word' id='word_1_581' title='bbox 1029 4629 1364 4707; x_wconf 85' lang='lat' dir='ltr'><strong>priusquam</strong></span> <span class='ocrx_word' id='word_1_582' title='bbox 1393 4635 1672 4687; x_wconf 83' lang='lat' dir='ltr'><strong>statueret</strong></span> <span class='ocrx_word' id='word_1_583' title='bbox 1696 4626 2071 4687; x_wconf 74' lang='lat' dir='ltr'><strong>fundamenta</strong></span> <span class='ocrx_word' id='word_1_584' title='bbox 2094 4632 2282 4701; x_wconf 82' lang='lat' dir='ltr'><strong>terrae,</strong></span> <span class='ocrx_word' id='word_1_585' title='bbox 2312 4644 2467 4684; x_wconf 86' lang='lat' dir='ltr'><strong>eram</strong></span> <span class='ocrx_word' id='word_1_586' title='bbox 2488 4623 2641 4701; x_wconf 87' lang='lat' dir='ltr'><strong>apud</strong></span> <span class='ocrx_word' id='word_1_587' title='bbox 2670 4642 2801 4681; x_wconf 88' lang='lat' dir='ltr'><strong>eum</strong></span> 
     </span>
    </p>
   </div>
  </div>
 </body>
</html>
