3300 5225
32 0 382 235 1..ae

388 370 586 421 maer.
618 352 734 434 vu]
1335 371 1415 410 nr:
1444 372 1788 414 scmrrnas.
2687 352 2764 411 86

395 519 548 570 otest
593 508 797 585 facere,
846 509 1003 587 quod
1044 509 1121 567 ad
1168 510 1357 568 Deum
1402 512 1590 570 solum
1639 512 1950 589 Scripturae
1993 512 2292 571 authorem
2335 508 2617 589 pertinet3
2663 508 2768 569 sed

396 592 494 649 icit
536 598 759 649 tantum
802 590 979 667 prius,
1010 588 1169 666 quod
1210 589 1515 649 ministerii
1557 598 1647 650 est
1689 612 1808 650 non
1849 590 2208 669 magisterii:
2269 590 2356 650 Ut
2397 588 2624 649 aurifex
2664 588 2768 665 qui

396 670 600 729 soriam
632 671 707 728 ab
751 688 891 728 auro
919 669 1181 743 secernit,
1210 669 1309 728 vel
1335 670 1437 747 qui
1479 670 1645 748 lydio
1687 670 1880 749 lapide
1923 672 2191 749 explorat
2231 686 2456 745 aurum,
2489 667 2768 727 discernit

396 749 591 808 uidem
618 768 826 807 verum
852 748 927 807 ab
954 747 1295 824 adulterine,
1327 748 1433 808 sed
1464 768 1580 815 non
1623 749 1764 810 facit
1805 770 1934 810 esse
1961 768 2180 824 verum,
2213 768 2320 808 nec
2347 747 2541 826 quoad
2567 767 2631 807 se
2659 766 2768 805 nec

400 829 553 887 uoad
580 848 725 887 nos:
769 828 865 887 Ita
892 826 1159 886 Ecclesia
1182 846 1287 903 per
1328 846 1573 887 examen
1618 848 1787 889 suum
1814 830 2090 889 discernit
2115 828 2350 907 quidem
2375 828 2556 886 libros
2585 827 2768 886 Cano-

400 906 521 967 icos
566 928 604 965 a
646 928 763 965 non
793 906 1099 965 Canonicis
1127 914 1186 965 et
1214 905 1601 984 Apocryphis,
1633 909 1736 967 sed
1779 910 1928 969 tales
1971 929 2088 968 non
2125 908 2295 984 facit3
2339 927 2448 967 nec
2483 906 2771 985 judicium

396 986 639 1047 {eclesiae
665 994 858 1064 potest
884 986 1293 1045 authoritatem
1319 986 1485 1045 libris
1512 1006 1686 1063 quam
1713 1008 1816 1065 per
1859 1006 1922 1047 se
1963 1008 2080 1047 non
2123 987 2416 1047 habebant
2443 986 2768 1061 conciliare,

277 1110 281 1113 -
389 1066 455 1124 ed
480 1066 885 1125 authoritatem
907 1067 1031 1143 jam
1060 1065 1406 1124 existentem
1432 1064 1688 1126 declarat
1713 1068 2070 1145 argumentis
2097 1087 2133 1126 a
2158 1067 2323 1126 libris
2349 1065 2492 1144 ipsis
2517 1066 2734 1144 petitis.

432 1146 622 1205 XXI.
668 1144 805 1203 Alia
832 1154 922 1204 est
950 1144 1220 1222 Cognitio
1247 1144 1333 1204 rei
1352 1144 1607 1221 confusa,
1634 1145 1776 1204 Alia
1791 1146 2080 1206 distincta.
2165 1146 2509 1224 cognitione
2531 1145 2774 1204 confusa

392 1222 619 1283 {eclesia
644 1233 835 1303 potest
862 1224 1137 1301 cognosci
1176 1233 1313 1283 ante
1342 1224 1714 1303 scripturam,
1747 1226 1849 1284 sed
1876 1226 2154 1285 distincta
2180 1225 2489 1302 Scripturas
2517 1223 2774 1301 cognitio

393 1304 675 1363 raecedere
702 1303 890 1379 debet,
936 1304 1077 1381 quia
1115 1304 1331 1363 veritas
1380 1304 1662 1364 Ecclesiae
1705 1306 1936 1364 nonnisi
1976 1306 2038 1363 in
2085 1305 2382 1383 Scriptura
2421 1302 2776 1380 deprehendi

392 1392 559 1443 otest.
644 1383 908 1442 Ecclesia
932 1392 1124 1460 potest
1150 1403 1187 1442 a
1212 1382 1381 1443 nobis
1422 1385 1778 1461 apprehendi
1799 1388 1924 1465 fide
1950 1386 2202 1443 humana
2241 1392 2374 1444 ante
2419 1383 2776 1460 Scripturam

388 1480 625 1540 mquam
654 1463 851 1522 Coetus
878 1462 1177 1521 hominum
1202 1462 1410 1522 iisdem
1438 1464 1617 1523 sacris
1636 1466 1922 1524 utentium
1946 1486 1960 1541 3
2009 1464 2127 1523 Sed
2145 1482 2264 1521 non
2289 1470 2482 1541 potest
2501 1460 2776 1538 cognosci

388 1546 409 1601 t
436 1542 608 1615 credi,
640 1550 706 1601 ut
734 1542 932 1601 Coetus
958 1541 1217 1601 fidelium
1257 1550 1317 1601 et
1357 1542 1698 1602 communio
1745 1544 2086 1603 Sanctorum
2249 1543 2456 1617 divina,
2488 1542 2601 1599 nisi
2641 1549 2776 1619 post

388 1623 641 1699 agnitam
673 1622 1029 1699 Scripturam
1055 1642 1186 1699 quae
1214 1622 1495 1681 Ecclesiae
1520 1631 1689 1683 notas
1717 1624 1886 1683 nobis
1913 1643 2094 1701 suppe
2139 1624 2260 1682 ‘tat.

432 1701 657 1760 XXII.
702 1702 895 1775 Quum
922 1701 1261 1778 Apostolus,
1294 1702 1463 1761 Rom.
1494 1723 1554 1760 x.
1590 1706 1684 1779 17,
1715 1702 1858 1762 dicit
1880 1706 2062 1783 fidem
2089 1724 2203 1762 ease
2229 1722 2304 1763 ex
2335 1701 2552 1777 audiat,
2583 1700 2774 1758 innuit

30 1750 55 1921 k
389 1780 584 1839 uidem
613 1780 893 1839 Ecclesiae
918 1781 1300 1840 ministerium
1327 1781 1682 1843 intercedere
1709 1782 1920 1843 debere
1947 1791 2222 1859 tanquam
2261 1780 2516 1841 medium
2543 1779 2772 1839 ordina-

390 1859 499 1917 Lum
527 1860 602 1918 ad
628 1860 802 1919 fidem
829 1860 893 1917 in
919 1859 1133 1919 adultis
1153 1861 1604 1937 ingenerandam
1630 1884 1647 1921 ι
1676 1861 1780 1921 sed
1800 1882 1918 1921 non
1939 1862 2110 1921 docet
2127 1868 2431 1941 propterea
2451 1859 2776 1920 Ecclesiam

390 1936 650 1997 lariorem
678 1948 738 1998 et
763 1939 1047 1998 notiorem
1074 1958 1203 1999 esse
1234 1940 1546 2016 Scriptura.

436 2018 698 2077 XXIII.
742 2017 927 2076 Aliud
954 2026 1044 2077 est
1084 2038 1339 2095 quaerere
1368 2018 1441 2076 de
1468 2019 1748 2078 librorum
1789 2040 2083 2079 sacrorum
2125 2040 2382 2094 numer0,
2413 2018 2772 2092 authoribus,

392 2096 628 2173 artibus,
674 2105 734 2156 et
774 2096 1023 2172 singulis
1064 2098 1297 2173 verbis3
1342 2096 1527 2156 Aliud
1570 2098 1643 2156 de
1685 2098 1948 2156 doctrina
1980 2098 2399 2157 fundamentali
2437 2097 2605 2155 libris
2643 2096 2776 2156 istis

31 2192 36 2253 J
394 2183 625 2234 ontenta
648 2197 662 2233 :
746 2175 1015 2251 Cognitio
1042 2176 1156 2233 ista
1182 2175 1257 2233 ad
1285 2176 1603 2252 quemlibet
1642 2176 1874 2235 fidelem
1913 2178 2178 2255 pertinet,
2210 2177 2314 2235 sed
2340 2196 2458 2235 non
2484 2177 2622 2250 illa3
2666 2194 2774 2235 nec

31 2272 34 2329 ι
394 2255 772 2314 ericlitabitur
827 2254 983 2313 salus
1036 2254 1193 2313 illius
1249 2255 1351 2331 qui
1398 2255 1645 2314 nesciret
1699 2275 1734 2313 a
1781 2256 1897 2332 quo
1941 2257 2216 2333 scriptum
2265 2256 2342 2313 sit
2389 2254 2778 2333 Evangelium

31 2334 33 2337 ’
358 2334 637 2411 Matthaei,
682 2334 855 2393 modo
896 2333 1157 2393 crederet
1194 2334 1406 2393 librum
1451 2354 1579 2393 esse
1618 2334 2016 2394 authenticum
2053 2342 2112 2394 et
2139 2334 2420 2393 divinum.
2505 2333 2646 2395 Alia
2685 2342 2777 2393 est

354 2414 609 2491 cognitio
636 2414 895 2473 authoris
920 2414 1176 2489 primarii
1203 2414 1451 2491 alicujus
1466 2414 1601 2472 libri
1624 2436 1640 2489 3
1685 2413 1800 2473 alia
1815 2434 1955 2473 vero
1981 2415 2112 2493 ejus
2128 2414 2494 2474 amanuensis
2513 2420 2776 2473 tantum:

358 2494 481 2552 Ista
508 2502 597 2552 est
624 2502 849 2553 tantum
876 2493 1013 2551 fidei
1038 2493 1327 2552 historicae
1350 2516 1365 2569 3
1412 2493 1525 2551 Illa
1552 2513 1692 2552 vero
1720 2493 1952 2552 divinae.

434 2572 685 2632 XXIV.
730 2574 877 2633 Cum
926 2573 1184 2634 Cir-culus
1218 2574 1393 2652 juxta
1438 2573 1826 2651 Philosophos
1859 2572 1937 2633 sit
1979 2572 2401 2652 argumentatio
2441 2571 2774 2652 sophistica,

351 2673 469 2730 qua
494 2652 649 2712 idem
678 2654 957 2732 probatur
981 2673 1087 2732 per
1112 2653 1381 2731 seipsum,
1412 2673 1543 2731 quae
1570 2661 1838 2713 versatur
1864 2654 2018 2713 circa
2044 2653 2196 2712 idem
2224 2673 2414 2712 causae
2443 2671 2629 2730 genus
2655 2672 2773 2711 am—

350 2733 478 2792 bitu
506 2733 756 2810 quodam
784 2734 908 2792 sine
936 2733 1051 2792 fine
1074 2734 1139 2790 in
1168 2753 1229 2792 se
1256 2743 1583 2792 recurrente
1607 2757 1621 2810 ;
1666 2753 1786 2792 non
1811 2741 2005 2811 potest
2030 2733 2200 2792 nobis
2227 2733 2472 2812 impingi
2489 2732 2769 2808 Circulus,

350 2832 531 2888 quum
564 2812 915 2890 Scripturam
956 2813 1265 2891 probamus
1293 2833 1397 2892 per
1440 2813 1735 2891 Spiritum,
1781 2820 1841 2872 et
1886 2809 2164 2891 Spiritum
2190 2813 2448 2872 vicissim
2476 2832 2552 2872 ex
2583 2812 2774 2890 Serip-

350 2900 518 2951 turat
602 2893 752 2951 Nam
778 2892 875 2951 hic
902 2893 1145 2969 quaestio
1188 2892 1419 2951 diversa
1446 2901 1552 2968 est,
1599 2901 1661 2952 et
1697 2892 1858 2951 aliud
1891 2893 2144 2952 medium
2185 2912 2288 2950 seu
2329 2911 2520 2950 causae
2547 2909 2772 2968 genum

350 2971 563 3050 quippe
589 2973 901 3050 probamus
932 2972 1285 3050 Scripturam
1312 2992 1417 3050 per
1447 2972 1726 3048 Spiritum
1747 2981 2022 3049 tanquam
2043 2992 2148 3051 per
2174 2991 2407 3031 eausam
2435 2971 2776 3031 efficientem

349 3069 465 3128 qua
492 3051 813 3129 credimus3
858 3052 963 3111 sed
996 3052 1308 3128 probamus
1352 3052 1631 3129 Spiritum
1671 3073 1748 3112 ex
1793 3051 2104 3130 Scriptura,
2135 3061 2410 3129 tanquam
2438 3071 2514 3110 ex
2543 3050 2776 3128 objecto

349 3139 409 3189 et
448 3141 787 3207 argumento
828 3139 1063 3209 propter
1109 3131 1266 3208 quod
1313 3131 1618 3190 credimus.
1705 3133 1776 3189 In
1820 3132 2006 3210 primo
2047 3131 2426 3209 respondetur
2467 3130 2544 3188 ad
2585 3149 2772 3208 quaes-

348 3210 582 3286 tionem,
622 3211 799 3287 Unde,
828 3231 927 3269 aea
952 3231 1067 3287 qua
1091 3211 1292 3270 virtute
1318 3211 1506 3270 credis
1530 3210 1884 3288 Scripturam
1925 3231 2052 3270 esse
2085 3211 2360 3269 Divinam
2379 3215 2408 3268 Ρ
2435 3210 2656 3269 scilicet
2671 3229 2776 3288 per

356 3289 652 3366 Spiritum.
739 3292 812 3348 In
840 3290 1094 3350 secundo
1122 3310 1263 3350 vero
1290 3291 1673 3369 respondetur
1697 3291 1774 3348 ad
1799 3291 2196 3368 quaestionem,
2233 3293 2447 3365 Quare,
2476 3309 2574 3349 seu
2590 3309 2772 3368 prop-

351 3378 437 3427 ter
464 3370 605 3446 quid
638 3371 827 3430 credis
874 3371 1150 3448 Spiritum
1193 3371 1295 3447 qui
1321 3380 1411 3430 est
1437 3372 1499 3429 in
1526 3379 1602 3446 tc,
1634 3390 1764 3429 esse
1811 3370 2090 3449 Spiritum
2139 3371 2416 3431 Sanctum
2431 3373 2462 3428 P
2501 3369 2774 3428 nimirum

348 3459 582 3525 propter
608 3458 777 3509 notas
809 3450 1057 3528 Spiritus
1102 3451 1299 3509 Sancti
1341 3470 1469 3528 quae
1497 3458 1633 3510 sunt
1673 3450 1736 3507 in
1781 3449 2093 3528 Scriptura.
2181 3449 2298 3509 Sed
2341 3449 2632 3508 Pontificii
2671 3449 2775 3525 qui

352 3528 641 3588 Cir-culum
670 3531 839 3590 nobis
880 3530 1180 3608 objiciunt,
1224 3530 1283 3588 in
1325 3530 1490 3588 illum
1531 3528 1833 3588 manifeste
1873 3531 2174 3588 incurrunt
2201 3530 2261 3587 in
2289 3529 2399 3588 hac
2432 3527 2771 3606 quaestione,

350 3627 527 3683 quum
556 3611 803 3688 probant
834 3609 1187 3688 Scripturam
1207 3629 1282 3667 ex
1305 3609 1570 3667 Ecclesia
1586 3617 1645 3667 et
1668 3607 1992 3667 Ecclesiam
2019 3627 2095 3665 ex
2127 3607 2456 3684 Scriptura3
2486 3607 2598 3664 hoc
2618 3605 2773 3664 enim

352 3685 418 3744 fit
444 3707 547 3764 per
573 3689 727 3746 idem
754 3689 1025 3765 medium,
1058 3695 1117 3748 et
1143 3689 1297 3747 idem
1326 3707 1515 3746 causae
1543 3706 1746 3764 genus.
1834 3687 1897 3745 Si
1925 3686 2252 3764 quaerimus,
2273 3685 2392 3744 Cur
2415 3685 2514 3744 vel
2539 3693 2775 3763 propter

350 3767 492 3842 quid
518 3768 757 3827 credant
800 3769 1155 3846 Scripturam
1198 3787 1327 3826 esse
1371 3767 1629 3825 divinam
1644 3769 1675 3824 ?
1713 3765 1852 3843 quia
1896 3764 2162 3840 Ecclesia
2195 3765 2308 3825 hoc
2333 3764 2492 3840 dicit,
2535 3783 2770 3841 respon-

350 3845 491 3905 dent
511 3870 526 3922 ;
576 3847 640 3906 Si
664 3847 915 3924 petimus
940 3867 1156 3923 rursus,
1191 3847 1309 3906 Cur
1336 3845 1617 3906 Ecclesiae
1644 3844 1882 3904 credant
1901 3848 1932 3904 Ρ
1971 3844 2110 3922 quia
2129 3844 2424 3924 Scriptura
2449 3844 2538 3902 illi
2556 3844 2770 3904 infalli-

350 3925 633 3986 bilitatem
661 3927 881 4002 tribuit,
912 3935 1203 4004 regerunt,
1234 3926 1373 3984 dum
1400 3945 1528 3984 eam
1554 3934 1729 3985 vocat
1755 3924 2081 3985 columnam
2098 3933 2158 3985 et
2175 3925 2598 3998 firmamentum
2619 3927 2769 3984 veri-

348 4007 522 4066 tatis:
609 4007 672 4066 Si
698 4006 997 4082 instamus,
1018 4006 1173 4065 unde
1192 4006 1377 4065 sciant
1392 4007 1502 4065 hoc
1524 4005 1834 4084 Scripturas
1863 4005 2254 4066 testimonium
2281 4025 2410 4075 ‚esse
2431 4004 2730 4065 αὐτάς-σπου
2743 4010 2774 4066 P

348 4087 487 4164 quia
516 4087 779 4145 Ecclesia
807 4085 879 4144 de
908 4105 978 4146 eo
1006 4105 1113 4145 nos
1141 4087 1411 4145 certiores
1452 4085 1605 4161 facit,
1636 4085 1894 4146 addunt:
1979 4087 2074 4146 Ita
2113 4087 2494 4145 revolvuntur
2519 4105 2589 4145 eo
2616 4085 2772 4146 unde

349 4167 603 4226 fecerant
630 4165 963 4243 disputandi
991 4166 1237 4241 initium,
1268 4175 1327 4225 et
1354 4165 1414 4224 in
1430 4166 1720 4225 infinitum
1742 4165 2208 4244 progrediuntur,
2231 4185 2340 4225 nec
2360 4165 2422 4223 in
2443 4166 2564 4224 ullo
2583 4167 2770 4245 primo

346 4246 611 4306 credibili
639 4247 841 4306 sistere
869 4254 1129 4324 possunt.
1214 4246 1417 4324 Neque
1443 4247 1539 4305 hic
1567 4246 1800 4306 diversa
1837 4246 2084 4324 quaestio
2111 4252 2201 4306 est
2223 4269 2238 4322 3
2280 4245 2587 4322 utrobique
2615 4246 2770 4304 enim

348 4327 625 4403 quaeritur
651 4325 723 4384 de
752 4326 973 4386 ratione
1014 4335 1074 4386 et
1101 4334 1440 4403 argumento
1478 4335 1716 4406 propter
1739 4326 1900 4405 quod
1939 4325 2130 4402 credo,
2173 4345 2290 4384 non
2319 4344 2460 4384 vero
2487 4325 2562 4384 de
2590 4325 2766 4385 facul-

352 4414 471 4465 tate
500 4415 600 4465 aut
626 4405 906 4484 principio
935 4427 1040 4484 per
1064 4407 1223 4484 quod
1250 4405 1439 4465 credo.

434 4487 648 4546 XXV.
693 4488 952 4546 Ecclesia
991 4486 1203 4546 dicitur
1243 4485 1423 4551 πῦλος
1449 4490 1541 4544 καὶ
1564 4483 1812 4567 &etlapsa
1837 4491 1920 4551 τῗῖς
1949 4486 2190 4562 knustius,
2240 4487 2269 4543 1
2315 4484 2527 4543 Timot.
2557 4484 2638 4542 ἰή.
2674 4485 2768 4559 15,

352 4585 467 4624 non
496 4567 652 4642 quod
680 4567 1001 4626 Veritatem
1030 4567 1231 4626 fulciat
1258 4575 1317 4626 et
1343 4567 1429 4624 illi
1458 4567 1863 4626 authoritatem
1881 4565 2183 4638 conciliet;
2227 4585 2360 4624 cum
2387 4563 2581 4642 potius
2599 4563 2766 4622 Veri-

352 4655 443 4704 tas
486 4646 561 4706 sit
589 4647 867 4706 Ecclesiae
895 4647 1332 4708 fundamentum
1375 4646 1467 4706 cui
1508 4647 1936 4724 superstruitur,
1970 4645 2119 4723 Eph.
2151 4645 2210 4704 ii.
2241 4647 2357 4721 20;
2403 4643 2508 4702 sed
2533 4642 2669 4720 quia
2709 4643 2770 4702 in
