3300 5225
515 306 592 366 42
1431 321 1614 365 Locus
1643 320 1885 365 rmus.
2520 300 2769 383 [ouAEs'r.
2798 323 2929 364 1111.

507 466 610 541 dit,
641 465 716 525 de
743 484 926 543 regno
955 484 1078 541 suo,
1107 472 1168 524 et
1193 463 1486 532 decausis
1505 462 1867 525 naturalibus
1894 460 2335 541 intelligendum
2368 471 2473 539 est,
2504 482 2623 523 non
2649 461 2723 523 de
2749 484 2929 542 regno

507 547 710 623 gratiae
737 553 797 604 et
823 546 885 603 in
911 544 1112 603 ordine
1141 544 1600 623 supernaturali„
1641 544 1893 603 Peccant
1912 562 2052 621 ergo
2073 542 2174 620 qui
2200 542 2335 603 hino
2361 551 2704 621 argutantur
2730 553 2931 603 contra

509 626 870 686 creationem
897 624 1114 699 mundi,
1141 624 1622 701 Inearnationem,
1647 632 1707 683 et
1728 623 2229 683 Resurrectionem
2254 630 2627 699 mortuorum,
2651 623 2788 700 quia
2804 624 2929 682 haec

511 706 810 783 Scriptura
827 703 951 763 fieri
973 705 1158 780 docet,
1177 724 1295 764 non
1315 724 1419 782 per
1434 705 1709 763 virtutem
1730 722 2031 763 causarum
2052 703 2415 778 naturalium,
2430 702 2533 762 sed
2548 722 2652 779 per
2668 704 2925 781 omnipo-

507 786 748 845 tentiam
773 785 901 843 Dei.
972 788 1029 844 2.
1061 784 1252 859 Quum
1279 792 1566 863 praetextu
1594 782 2001 861 Philosophiae,
2032 782 2177 841 falsa
2202 782 2416 860 placita
2444 782 2927 859 Philosophorum

508 872 894 939 assumuntur,
915 872 974 922 et
994 884 1070 923 ex
1085 864 1202 923 illis
1222 884 1444 924 errores
1463 864 1526 922 in
1546 862 1867 940 Tbeologia
1884 870 2231 923 extruuntur
2245 861 2343 923 vel
2364 861 2765 938 defenduntur,
2784 883 2927 940 qua-

505 944 582 1003 lis
609 953 698 1004 est
725 944 918 1021 opinio
947 943 1283 1004 Aristotelis
1310 944 1384 1003 de
1411 943 1729 1003 aeternitate
1754 942 1974 1018 mundi,
2007 942 2269 1001 Platonis
2294 941 2368 1002 de
2398 942 2545 1019 Igne
2572 944 2925 1020 purgatorio,

513 1024 835 1083 Stoicorum
857 1024 930 1083 de
957 1024 1118 1083 fatali
1145 1044 1336 1083 rernm
1363 1024 1721 1098 necessitate,
1753 1020 1861 1081 &c.
1926 1022 2015 1082 At
2035 1022 2276 1081 Errores
2306 1022 2789 1101 Philosophorum
2808 1042 2929 1082 non

507 1114 644 1163 sunt
669 1105 900 1164 decreta
923 1103 1330 1181 Philosophiae,
1349 1112 1417 1163 ut
1435 1111 1625 1162 errata
1649 1102 1962 1163 Artificum
1988 1122 2105 1161 non
2132 1110 2270 1163 sunt
2294 1102 2632 1180 imputanda
2656 1102 2771 1180 ipsi
2796 1102 2924 1162 arti.

461 1236 470 1244 .
505 1183 886 1261 Philosophia,
911 1183 1101 1260 inquit
1127 1183 1309 1243 Clem.
1341 1183 1494 1243 stro.
1529 1187 1580 1259 1,
1605 1204 1719 1243 non
1744 1192 1826 1243 est
1852 1183 2093 1242 dicenda
2118 1182 2327 1259 Stoica,
2356 1202 2459 1242 nee
2483 1184 2801 1258 Platonica,
2824 1192 2929 1243 aut

505 1264 814 1339 Epicurea,
860 1273 964 1323 aut
986 1263 1363 1339 Aristoteliea,
1391 1266 1497 1322 sed
1533 1283 1877 1341 quaecunque
1902 1264 1973 1322 ab
2002 1263 2086 1321 his
2111 1263 2271 1322 sectis
2296 1271 2445 1322 recte
2472 1262 2625 1321 dicta
2648 1272 2793 1339 sunt,
2822 1264 2929 1323 hoc

506 1352 680 1402 totum
705 1346 967 1403 selectum
995 1344 1290 1402 dicendum
1317 1353 1400 1402 est
1423 1344 1806 1419 Philosophia.
1890 1346 1948 1402 3.
1992 1342 2184 1417 Quum
2207 1342 2583 1419 Philosophia
2609 1342 2762 1401 circa
2787 1343 2922 1403 arti-

506 1424 668 1483 culos
695 1422 832 1482 fidei
857 1422 1256 1501 magisterium
1286 1423 1398 1483 sibi
1426 1424 1685 1497 assumit,
1717 1442 1835 1481 non
1862 1430 2134 1481 contenta
2158 1422 2493 1495 ministeri0‚
2524 1422 2683 1499 quod
2708 1420 2925 1482 factum

505 1522 542 1561 a
572 1503 945 1563 Scholasticis
985 1503 1088 1580 qui
1115 1502 1494 1562 Aristotelem
1521 1503 1582 1561 in
1617 1502 1827 1562 throno
1868 1502 2238 1579 collocarunt,
2283 1510 2343 1561 et
2382 1521 2419 1559 a
2460 1501 2785 1561 Soeinianis
2824 1501 2926 1580 qui

505 1584 783 1659 mysteria
809 1583 1126 1657 TrinitatiS,
1160 1582 1599 1658 Inoarnationis,
1631 1579 1741 1641 &c.
1771 1581 1977 1642 nolunt
2004 1581 2325 1658 admittere,
2355 1581 2493 1660 quia
2533 1581 2925 1659 Philosophiae

506 1662 802 1740 principiis
829 1682 946 1723 non
973 1662 1246 1721 videntur
1271 1681 1604 1740 congruere.
1649 1666 1706 1721 4.
1738 1662 1929 1737 Quum
1956 1662 2095 1721 novi
2122 1662 2353 1722 termini
2378 1670 2439 1722 et
2464 1662 2703 1739 phrases
2729 1681 2761 1720 e
2786 1661 2921 1721 Phi·
2941 1694 2958 1703 —

507 1742 770 1821 losophia
785 1743 848 1801 in
868 1742 1246 1819 Theologiam
1273 1741 1596 1802 inseruntur
1622 1742 1767 1802 eitra
1791 1741 2211 1819 necessitatem,
2234 1740 2345 1803 snb
2364 1741 2575 1819 quibus
2594 1761 2751 1801 nova
2768 1761 2927 1820 saepe

507 1830 568 1881 et
593 1823 918 1901 periculosa
941 1822 1126 1882 latent
1153 1822 1442 1900 dogmata.

1114 1901 1262 1961 VII.
1306 1901 1492 1961 Aliud
1518 1910 1608 1961 est
1634 1921 1673 1961 a
1700 1900 2075 1979 Philosophia
2099 1901 2299 1979 negari
2320 1923 2335 1975 ς
2381 1899 2567 1960 Aliud
2606 1900 2683 1961 ab
2708 1920 2779 1961 ea
2804 1920 2923 1961 non

1031 1980 1261 2041 doceri:
1305 1982 1438 2041 Non
1477 2000 1759 2059 negamus
1785 1981 1948 2041 varia
1984 1982 2264 2061 mysteria
2290 1980 2649 2059 Theologica
2674 2001 2791 2041 non
2818 1981 2921 2041 do-

1031 2061 1148 2121 ceri
1181 2061 1241 2119 in
1273 2062 1678 2139 Philosophia3
1722 2060 1827 2121 sed
1866 2081 1983 2120 non
2024 2062 2284 2139 sequitur
2310 2080 2380 2119 ea
2418 2060 2621 2139 negari
2659 2060 2735 2121 ab
2774 2061 2921 2139 ipsa,

505 2138 643 2215 quia
669 2137 882 2199 limites
911 2138 1280 2200 scientiarum
1333 2160 1452 2199 non
1477 2149 1613 2201 sunt
1639 2139 2064 2217 confundendi;
2112 2140 2196 2201 Ut
2224 2140 2589 2202 Geometrica
2626 2160 2746 2200 non
2771 2150 2920 2200 trac-

504 2226 592 2277 tat
621 2218 904 2295 Medicus,
935 2239 1043 2279 nec
1075 2220 1328 2298 Physica
1353 2221 1396 2281 J
1399 2221 1837 2297 urisconsultus,
1870 2221 1965 2281 Ita
1996 2221 2149 2281 intra
2174 2220 2450 2281 terminos
2478 2240 2613 2280 suos
2640 2220 2921 2280 contineri

505 2296 679 2357 debet
721 2298 1112 2377 Philosophia,
1144 2320 1251 2361 nec
1291 2301 1498 2360 falcem
1538 2301 1600 2360 in
1641 2302 1890 2361 alienam
1928 2320 2177 2361 messem
2218 2299 2559 2376 immittere3
2602 2300 2739 2361 licet
2778 2320 2919 2378 ergo

503 2377 651 2437 nihil
675 2377 1052 2517 dammam
1080 2390 1140 2440 et
1161 2381 1565 2441 Incarnatione
1585 2380 1793 2458 tradat,
1818 2400 1937 2440 non
1962 2388 2266 2460 propterea
2290 2380 2395 2439 illa
2412 2380 2687 2459 mysteria
2706 2400 2923 2457 negare

505 2476 717 2517 censen
821 2467 928 2519 est.

585 2536 771 2596 VIII.
815 2538 1034 2599 Paulus
1073 2538 1197 2599 Col.
1227 2539 1287 2601 ii.
1318 2540 1374 2616 8,
1404 2558 1602 2599 veram
1631 2538 2065 2620 Philosophiam
2092 2539 2153 2599 in
2180 2559 2244 2599 se
2272 2546 2587 2620 spectatam
2614 2558 2731 2599 non
2758 2538 2916 2599 dam-

507 2624 623 2692 nat,
655 2615 760 2675 sed
787 2637 998 2677 vanam
1025 2626 1086 2679 et
1112 2619 1331 2696 falsam,
1356 2639 1487 2697 quae
1514 2629 1638 2681 erat
1666 2621 1725 2678 in
1749 2620 2118 2698 Philosophia
2144 2619 2303 2679 illius
2330 2621 2458 2696 sevi,
2482 2640 2519 2680 a
2544 2621 2755 2699 quibus
2782 2619 2917 2680 doe-

505 2695 658 2755 trina
685 2697 994 2776 Evangelii
1035 2699 1522 2778 corrumpebatur,
1551 2700 1741 2778 qualis
1780 2720 2006 2779 semper
2032 2700 2313 2778 reperitur
2336 2700 2399 2762 in
2426 2707 2710 2776 concreto,
2740 2719 2919 2778 quum

506 2775 688 2836 fertur
713 2785 881 2836 extra
904 2778 1166 2858 proprios
1193 2779 1424 2856 limites,
1453 2788 1514 2840 et
1532 2779 1819 2858 judicium
1848 2780 1959 2840 sibi
1986 2780 2163 2840 sumit
2188 2779 2263 2839 de
2302 2779 2476 2840 rebus
2518 2789 2917 2859 supernatura-

505 2854 660 2916 libus
687 2863 747 2916 et
773 2856 1006 2936 divinis,
1037 2878 1152 2937 quo
1179 2859 1494 2937 respiciunt
1519 2860 1632 2919 ista
1658 2861 1973 2937 Pmdentii,
2002 2859 2105 2920 lib.
2134 2863 2191 2936 2,
2222 2867 2397 2920 contr.
2427 2861 2677 2937 Symma.

915 2975 1141 3052 Quippe
1167 2974 1353 3035 minor
1377 2985 1590 3036 natura
1617 2977 1795 3038 aciem
1819 2977 1872 3038 si
1896 2977 2181 3038 irwenden-e
2208 2986 2376 3038 tentet

907 3055 1131 3130 Acrius,
1161 3074 1232 3114 ac
1246 3066 1555 3132 penetrare
1581 3058 1702 3116 Dei
1725 3061 1949 3116 decreta
1975 3059 2240 3134 supremi,

916 3135 1058 3202 Quis
1085 3136 1292 3194 dubitet
1315 3137 1455 3196 victo
1465 3138 1747 3215 fiayilem
1775 3141 2071 3197 lassescere
2097 3138 2234 3213 visu,

921 3215 1154 3294 Vimque
1161 3215 1433 3293 fatigatos
1458 3219 1654 3278 mentae's
1680 3219 1779 3276 sub
1794 3227 2028 3296 pectore
2043 3237 2236 3294 parvo

917 3295 1168 3353 Pur-bari
1191 3295 1558 3374 invalidisque
1585 3299 1823 3357 hebetem
1849 3298 2200 3357 succumbere
2226 3297 2377 3356 curis
2394 3299 2423 3355 ,ἲ

912 3373 1030 3433 Sed
1037 3373 1237 3450 facilis
1243 3376 1395 3454 fidei
1417 3377 1528 3453 via,
1560 3377 1653 3452 ᾇσ.

511 3491 712 3550 Talem
753 3497 946 3550 autem
988 3491 1423 3572 Philosophiam
1465 3493 1715 3554 Paulum
1753 3494 2077 3572 intelligere
2117 3502 2277 3573 patet
2322 3497 2374 3556 1.
2416 3514 2493 3554 ex
2534 3493 2921 3572 descriptione

509 3570 724 3646 addita,
764 3569 902 3647 quia
941 3591 1070 3632 eam
1104 3582 1278 3634 vocat
1319 3573 1450 3644 wir
1475 3573 1679 3643 εὶς-ατὰ,
1716 3595 1927 3636 vanam
1966 3576 2357 3652 deceptionem.
2440 3578 2498 3634 2.
2540 3574 2615 3634 ab
2650 3573 2921 3652 exemplo

509 3649 583 3710 de
609 3652 956 3729 Anqelorum
982 3655 1148 3730 culm,
1178 3673 1238 3714 v.
1273 3657 1364 3731 18,
1394 3656 1495 3733 qui
1521 3675 1677 3715 verse
1706 3653 2097 3733 Philosophiae
2136 3655 2350 3731 dogma
2384 3673 2503 3713 non
2528 3663 2635 3730 est,
2666 3653 2771 3714 sed
2796 3674 2919 3714 car-

509 3731 753 3790 cinoma.
835 3735 894 3791 3.
937 3752 974 3790 a
1011 3735 1152 3811 pari,
1195 3735 1334 3812 quia
1375 3735 1593 3796 Paulus
1632 3735 1873 3796 damnat
1910 3736 2290 3809 racanas-yla»,
2323 3753 2381 3793 v.
2412 3737 2467 3810 4,
2511 3753 2631 3792 non
2670 3753 2917 3810 omnem,

510 3809 795 3885 siquidem
835 3820 896 3869 et
933 3812 1058 3889 ipse
1099 3833 1169 3872 ea
1207 3834 1348 3874 usus
1387 3814 1602 3893 legitur
1639 3833 1758 3874 non
1794 3816 1992 3892 semel,
2024 3814 2129 3874 sed
2154 3814 2635 3895 πεςκλογίζουσως
2682 3814 2777 3872 Ita
2804 3833 2921 3872 non

510 3887 747 3946 damnat
773 3907 1000 3948 omnem
1029 3891 1477 3969 Philosophiam,
1502 3894 1606 3954 sed
1627 3901 1852 3954 tantum
1877 3895 2030 3954 male
2056 3913 2255 3954 sanam
2282 3903 2343 3953 et
2360 3892 2761 3971 deceptricem,
2780 3911 2919 3968 qua-

509 3966 624 4024 lem
654 3966 874 4038 silicet
895 3969 1334 4047 Pseudapostoli
1359 3973 1632 4032 invehere
1654 3973 2027 4050 conabantur,
2050 3982 2117 4033 ut
2143 3974 2227 4033 sio
2248 3994 2285 4032 a
2304 3973 2671 4050 simplicitate
2690 3981 2749 4031 et
2772 3971 2919 4030 veri-

509 4053 628 4105 tate
677 4043 988 4124 Evangelii
1032 4047 1234 4108 fideles
1279 4050 1645 4126 abducerent,
1690 4051 1831 4110 dum
1878 4053 1987 4112 sub
2026 4060 2315 4131 praetextu
2354 4071 2578 4112 aroanae
2618 4050 2921 4129 cujusdam

508 4124 806 4201 sapientise
846 4126 1154 4188 obtrudere
1193 4129 1534 4206 satagebant
1561 4130 2001 4191 Colossensibus
2037 4152 2221 4193 novas
2248 4142 2309 4192 et
2334 4152 2602 4192 erroneas
2629 4131 2922 4191 doctrinas

506 4205 580 4263 de
609 4205 769 4264 cultu
798 4203 1176 4284 Angelorum,
1207 4229 1284 4268 ex
1313 4209 1741 4268 Platonicorum
1767 4210 1990 4270 lacunis
2016 4212 2163 4271 forte
2190 4212 2518 4288 traductas;
2562 4210 2657 4270 vel
2684 4225 2920 4289 ragnac-

506 4288 705 4359 γιηιοῒς
735 4291 793 4344 et
821 4287 1267 4364 sophismatibus
1295 4287 1606 4349 studebant
1626 4289 2109 4350 Caeremoniarum
2126 4293 2422 4369 legalium,
2442 4300 2503 4352 et
2519 4289 2919 4349 Traditionum

505 4365 886 4424 humanarum
913 4385 1082 4426 usum
1121 4374 1182 4428 et
1221 4367 1622 4429 necessitatem
1662 4369 2079 4448 commendare,
2110 4380 2171 4433 et
2209 4373 2295 4432 sic
2320 4370 2600 4450 paulatim
2626 4391 2661 4428 a
2690 4369 2921 4428 Christo

506 4445 582 4504 ad
611 4445 838 4504 Mosem
865 4465 968 4504 eos
993 4445 1283 4508 reducere.

588 4524 707 4584 IX.
753 4524 1074 4603 Apostolus
1115 4527 1285 4588 Rom.
1329 4529 1366 4588 i.
1411 4531 1508 4604 21,
1552 4533 1648 4604 22,
1692 4549 1809 4588 non
1838 4529 2073 4590 damnat
2100 4550 2296 4590 veram
2328 4529 2782 4607 Philosophiam,
2814 4527 2920 4588 sed

505 4611 728 4664 tantum
755 4605 1000 4666 abusum
1027 4607 1189 4688 ejus;
1231 4628 1338 4669 nec
1365 4608 1621 4686 loquitur
1647 4609 1721 4669 de
1752 4609 2142 4687 Philosophia,
2174 4609 2279 4669 sed
2306 4610 2379 4670 de
2402 4610 2791 4687 Philosophia,
2815 4607 2917 4686 qui

593 1960 774 2007 Fontes
797 1962 931 2007 Solu-

651 2020 856 2066 tionum.

809 4773 858 4810 θ
