<?xml version="1.0" encoding="UTF-8"?>
<!DOCTYPE html PUBLIC "-//W3C//DTD XHTML 1.0 Transitional//EN"
    "http://www.w3.org/TR/xhtml1/DTD/xhtml1-transitional.dtd">
<html xmlns="http://www.w3.org/1999/xhtml" xml:lang="en" lang="en">
 <head>
  <title>
</title>
<meta http-equiv="Content-Type" content="text/html;charset=utf-8" />
  <meta name='ocr-system' content='tesseract 3.04.00' />
  <meta name='ocr-capabilities' content='ocr_page ocr_carea ocr_par ocr_line ocrx_word'/>
</head>
<body>
  <div class='ocr_page' id='page_1' title='image "./institutiotheol00turrgoog_0128.png"; bbox 0 0 3300 5225; ppageno 0'>
   <div class='ocr_carea' id='block_1_1' title="bbox 508 358 2922 441">
    <p class='ocr_par' dir='ltr' id='par_1_1' title="bbox 508 358 2922 441">
     <span class='ocr_line' id='line_1_1' title="bbox 508 358 2922 441; baseline -0.002 -16"><span class='ocrx_word' id='word_1_1' title='bbox 508 366 598 425; x_wconf 73' lang='grc'><strong>·76</strong></span> <span class='ocrx_word' id='word_1_2' title='bbox 1461 380 1642 425; x_wconf 64' lang='lat' dir='ltr'><strong>Locos</strong></span> <span class='ocrx_word' id='word_1_3' title='bbox 1672 381 1989 425; x_wconf 71' lang='lat' dir='ltr'><strong>secunnus.</strong></span> <span class='ocrx_word' id='word_1_4' title='bbox 2585 358 2832 441; x_wconf 63' lang='lat' dir='ltr'><strong>[Qua-:sn</strong></span> <span class='ocrx_word' id='word_1_5' title='bbox 2865 376 2922 419; x_wconf 82' lang='lat' dir='ltr'><strong>v.</strong></span> 
     </span>
    </p>
   </div>
   <div class='ocr_carea' id='block_1_2' title="bbox 522 521 2930 1235">
    <p class='ocr_par' dir='ltr' id='par_1_2' title="bbox 522 521 2930 1235">
     <span class='ocr_line' id='line_1_2' title="bbox 522 521 2924 603; baseline -0.003 -19"><span class='ocrx_word' id='word_1_6' title='bbox 522 524 842 603; x_wconf 86' lang='lat' dir='ltr'><strong>profectum</strong></span> <span class='ocrx_word' id='word_1_7' title='bbox 886 523 1061 583; x_wconf 84' lang='lat' dir='ltr'><strong>fuisse</strong></span> <span class='ocrx_word' id='word_1_8' title='bbox 1106 522 1395 581; x_wconf 86' lang='lat' dir='ltr'><strong>Charrane</strong></span> <span class='ocrx_word' id='word_1_9' title='bbox 1441 524 1628 583; x_wconf 76' lang='lat' dir='ltr'><strong>aetatis</strong></span> <span class='ocrx_word' id='word_1_10' title='bbox 1673 543 1822 582; x_wconf 87' lang='lat' dir='ltr'><strong>anno</strong></span> <span class='ocrx_word' id='word_1_11' title='bbox 1867 521 2289 600; x_wconf 87' lang='lat' dir='ltr'><strong>septuagesimo</strong></span> <span class='ocrx_word' id='word_1_12' title='bbox 2333 521 2552 597; x_wconf 88' lang='lat' dir='ltr'><strong>quint0,</strong></span> <span class='ocrx_word' id='word_1_13' title='bbox 2601 529 2660 579; x_wconf 89' lang='lat' dir='ltr'><strong>et</strong></span> <span class='ocrx_word' id='word_1_14' title='bbox 2703 528 2924 597; x_wconf 89' lang='lat' dir='ltr'><strong>patrem</strong></span> 
     </span>
     <span class='ocr_line' id='line_1_3' title="bbox 526 599 2922 678; baseline -0.003 -15"><span class='ocrx_word' id='word_1_15' title='bbox 526 606 715 663; x_wconf 85' lang='lat' dir='ltr'><strong>Thare</strong></span> <span class='ocrx_word' id='word_1_16' title='bbox 743 603 961 661; x_wconf 78' lang='lat' dir='ltr'><strong>vixisse</strong></span> <span class='ocrx_word' id='word_1_17' title='bbox 990 603 1065 661; x_wconf 87' lang='lat' dir='ltr'><strong>ad</strong></span> <span class='ocrx_word' id='word_1_18' title='bbox 1097 605 1234 678; x_wconf 80' lang='lat'><strong>205,</strong></span> <span class='ocrx_word' id='word_1_19' title='bbox 1265 622 1340 661; x_wconf 85' lang='lat' dir='ltr'><strong>ex</strong></span> <span class='ocrx_word' id='word_1_20' title='bbox 1370 604 1520 663; x_wconf 84' lang='lat' dir='ltr'><strong>Gen.</strong></span> <span class='ocrx_word' id='word_1_21' title='bbox 1550 604 1630 661; x_wconf 85' lang='lat' dir='ltr'><strong>xi.</strong></span> <span class='ocrx_word' id='word_1_22' title='bbox 1661 606 1756 661; x_wconf 84' lang='lat'><strong>32.</strong></span> <span class='ocrx_word' id='word_1_23' title='bbox 1840 604 1883 663; x_wconf 85' lang='lat' dir='ltr'>J</span> <span class='ocrx_word' id='word_1_24' title='bbox 1887 622 1980 660; x_wconf 87' lang='lat' dir='ltr'><strong>am</strong></span> <span class='ocrx_word' id='word_1_25' title='bbox 2024 602 2073 661; x_wconf 91' lang='lat' dir='ltr'><strong>si</strong></span> <span class='ocrx_word' id='word_1_26' title='bbox 2119 609 2343 659; x_wconf 86' lang='lat' dir='ltr'><strong>constat</strong></span> <span class='ocrx_word' id='word_1_27' title='bbox 2380 599 2778 658; x_wconf 87' lang='lat' dir='ltr'><strong>Abrahamum</strong></span> <span class='ocrx_word' id='word_1_28' title='bbox 2821 619 2922 657; x_wconf 89' lang='lat' dir='ltr'><strong>na-</strong></span> 
     </span>
     <span class='ocr_line' id='line_1_4' title="bbox 526 680 2926 759; baseline -0.003 -16"><span class='ocrx_word' id='word_1_29' title='bbox 526 694 654 743; x_wconf 89' lang='lat' dir='ltr'><strong>tum</strong></span> <span class='ocrx_word' id='word_1_30' title='bbox 699 702 853 741; x_wconf 88' lang='lat' dir='ltr'><strong>anno</strong></span> <span class='ocrx_word' id='word_1_31' title='bbox 896 685 973 741; x_wconf 93' lang='grc'>70</span> <span class='ocrx_word' id='word_1_32' title='bbox 1015 682 1237 758; x_wconf 65' lang='lat' dir='ltr'><strong>Thatae,</strong></span> <span class='ocrx_word' id='word_1_33' title='bbox 1283 689 1342 740; x_wconf 90' lang='lat' dir='ltr'><strong>et</strong></span> <span class='ocrx_word' id='word_1_34' title='bbox 1381 681 1702 759; x_wconf 82' lang='lat' dir='ltr'><strong>profectum</strong></span> <span class='ocrx_word' id='word_1_35' title='bbox 1741 682 2028 741; x_wconf 86' lang='lat' dir='ltr'><strong>Charrane</strong></span> <span class='ocrx_word' id='word_1_36' title='bbox 2072 700 2223 739; x_wconf 90' lang='lat' dir='ltr'><strong>anno</strong></span> <span class='ocrx_word' id='word_1_37' title='bbox 2267 680 2453 738; x_wconf 82' lang='lat' dir='ltr'><strong>aetatis</strong></span> <span class='ocrx_word' id='word_1_38' title='bbox 2497 700 2617 739; x_wconf 79' lang='lat' dir='ltr'><strong>suae</strong></span> <span class='ocrx_word' id='word_1_39' title='bbox 2662 682 2757 753; x_wconf 89' lang='grc'>75,</span> <span class='ocrx_word' id='word_1_40' title='bbox 2808 698 2926 736; x_wconf 85' lang='grc'>11011</span> 
     </span>
     <span class='ocr_line' id='line_1_5' title="bbox 528 758 2924 841; baseline -0.001 -21"><span class='ocrx_word' id='word_1_41' title='bbox 528 763 818 841; x_wconf 84' lang='lat' dir='ltr'><strong>profectus</strong></span> <span class='ocrx_word' id='word_1_42' title='bbox 846 762 955 821; x_wconf 85' lang='lat' dir='ltr'><strong>erit</strong></span> <span class='ocrx_word' id='word_1_43' title='bbox 979 769 1112 838; x_wconf 88' lang='lat' dir='ltr'><strong>post</strong></span> <span class='ocrx_word' id='word_1_44' title='bbox 1136 768 1381 820; x_wconf 89' lang='lat' dir='ltr'><strong>mortem</strong></span> <span class='ocrx_word' id='word_1_45' title='bbox 1404 761 1610 837; x_wconf 89' lang='lat' dir='ltr'><strong>Patris,</strong></span> <span class='ocrx_word' id='word_1_46' title='bbox 1640 770 1707 821; x_wconf 90' lang='lat' dir='ltr'><strong>ut</strong></span> <span class='ocrx_word' id='word_1_47' title='bbox 1735 761 1816 820; x_wconf 89' lang='lat' dir='ltr'><strong>ait</strong></span> <span class='ocrx_word' id='word_1_48' title='bbox 1847 760 2186 837; x_wconf 85' lang='lat' dir='ltr'><strong>Stephanus,</strong></span> <span class='ocrx_word' id='word_1_49' title='bbox 2219 758 2324 817; x_wconf 91' lang='lat' dir='ltr'><strong>sed</strong></span> <span class='ocrx_word' id='word_1_50' title='bbox 2349 761 2428 817; x_wconf 82' lang='lat'><strong>60</strong></span> <span class='ocrx_word' id='word_1_51' title='bbox 2469 758 2635 817; x_wconf 88' lang='lat' dir='ltr'><strong>annis</strong></span> <span class='ocrx_word' id='word_1_52' title='bbox 2663 764 2814 833; x_wconf 87' lang='lat' dir='ltr'><strong>ante,</strong></span> <span class='ocrx_word' id='word_1_53' title='bbox 2845 758 2924 817; x_wconf 91' lang='lat' dir='ltr'><strong>id.</strong></span> 
     </span>
     <span class='ocr_line' id='line_1_6' title="bbox 534 838 2928 917; baseline -0.002 -17"><span class='ocrx_word' id='word_1_54' title='bbox 534 846 647 900; x_wconf 87' lang='lat'><strong>145</strong></span> <span class='ocrx_word' id='word_1_55' title='bbox 693 860 843 899; x_wconf 89' lang='lat' dir='ltr'><strong>anno</strong></span> <span class='ocrx_word' id='word_1_56' title='bbox 887 841 1075 899; x_wconf 75' lang='lat' dir='ltr'><strong>aetatis</strong></span> <span class='ocrx_word' id='word_1_57' title='bbox 1102 840 1325 898; x_wconf 84' lang='lat' dir='ltr'><strong>Tharse.</strong></span> <span class='ocrx_word' id='word_1_58' title='bbox 1423 840 1570 899; x_wconf 84' lang='lat' dir='ltr'><strong>Sunt</strong></span> <span class='ocrx_word' id='word_1_59' title='bbox 1610 841 1710 917; x_wconf 88' lang='lat' dir='ltr'><strong>qui</strong></span> <span class='ocrx_word' id='word_1_60' title='bbox 1740 840 1943 899; x_wconf 87' lang='lat' dir='ltr'><strong>volunt</strong></span> <span class='ocrx_word' id='word_1_61' title='bbox 1991 839 2344 915; x_wconf 80' lang='lat' dir='ltr'><strong>Stephanum</strong></span> <span class='ocrx_word' id='word_1_62' title='bbox 2387 838 2661 896; x_wconf 85' lang='lat' dir='ltr'><strong>memoria</strong></span> <span class='ocrx_word' id='word_1_63' title='bbox 2699 838 2928 915; x_wconf 90' lang='lat' dir='ltr'><strong>lapsum</strong></span> 
     </span>
     <span class='ocr_line' id='line_1_7' title="bbox 529 918 2928 996; baseline -0.002 -17"><span class='ocrx_word' id='word_1_64' title='bbox 529 922 625 979; x_wconf 86' lang='lat' dir='ltr'><strong>hic</strong></span> <span class='ocrx_word' id='word_1_65' title='bbox 652 920 829 978; x_wconf 86' lang='lat' dir='ltr'><strong>fuisse</strong></span> <span class='ocrx_word' id='word_1_66' title='bbox 856 921 917 977; x_wconf 93' lang='lat' dir='ltr'><strong>in</strong></span> <span class='ocrx_word' id='word_1_67' title='bbox 946 918 1220 996; x_wconf 87' lang='lat' dir='ltr'><strong>temporis</strong></span> <span class='ocrx_word' id='word_1_68' title='bbox 1248 920 1688 995; x_wconf 86' lang='lat' dir='ltr'><strong>computatione,</strong></span> <span class='ocrx_word' id='word_1_69' title='bbox 1719 938 1825 977; x_wconf 88' lang='lat' dir='ltr'><strong>nec</strong></span> <span class='ocrx_word' id='word_1_70' title='bbox 1867 928 2169 995; x_wconf 86' lang='lat' dir='ltr'><strong>propterea</strong></span> <span class='ocrx_word' id='word_1_71' title='bbox 2207 918 2506 975; x_wconf 80' lang='lat' dir='ltr'>historiam</span> <span class='ocrx_word' id='word_1_72' title='bbox 2536 918 2709 975; x_wconf 75' lang='lat' dir='ltr'><strong>Lucae</strong></span> <span class='ocrx_word' id='word_1_73' title='bbox 2736 918 2928 975; x_wconf 84' lang='lat' dir='ltr'><strong>minus</strong></span> 
     </span>
     <span class='ocr_line' id='line_1_8' title="bbox 530 996 2930 1075; baseline -0.002 -16"><span class='ocrx_word' id='word_1_74' title='bbox 530 1020 660 1059; x_wconf 87' lang='lat' dir='ltr'><strong>esse</strong></span> <span class='ocrx_word' id='word_1_75' title='bbox 703 999 1017 1066; x_wconf 70' lang='grc' dir='ltr'><strong>αὖτδπιστοι,</strong></span> <span class='ocrx_word' id='word_1_76' title='bbox 1047 999 1184 1075; x_wconf 88' lang='lat' dir='ltr'><strong>quia</strong></span> <span class='ocrx_word' id='word_1_77' title='bbox 1226 1006 1315 1055; x_wconf 88' lang='lat' dir='ltr'><strong>sat</strong></span> <span class='ocrx_word' id='word_1_78' title='bbox 1358 998 1445 1055; x_wconf 90' lang='lat' dir='ltr'><strong>illi</strong></span> <span class='ocrx_word' id='word_1_79' title='bbox 1486 998 1595 1057; x_wconf 79' lang='lat' dir='ltr'><strong>fuit</strong></span> <span class='ocrx_word' id='word_1_80' title='bbox 1638 998 1848 1056; x_wconf 88' lang='lat' dir='ltr'><strong>referre</strong></span> <span class='ocrx_word' id='word_1_81' title='bbox 1891 997 2158 1067; x_wconf 35' lang='lat' dir='ltr'><strong>fideliter·</strong></span> <span class='ocrx_word' id='word_1_82' title='bbox 2180 1017 2310 1074; x_wconf 77' lang='lat' dir='ltr'><strong>quse</strong></span> <span class='ocrx_word' id='word_1_83' title='bbox 2355 1016 2390 1055; x_wconf 97' lang='lat' dir='ltr'><strong>a</strong></span> <span class='ocrx_word' id='word_1_84' title='bbox 2437 996 2728 1074; x_wconf 90' lang='lat' dir='ltr'><strong>Stephano</strong></span> <span class='ocrx_word' id='word_1_85' title='bbox 2772 996 2930 1055; x_wconf 85' lang='lat' dir='ltr'><strong>dicta</strong></span> 
     </span>
     <span class='ocr_line' id='line_1_9' title="bbox 531 1075 2929 1156; baseline -0.001 -18"><span class='ocrx_word' id='word_1_86' title='bbox 531 1080 774 1156; x_wconf 83' lang='lat' dir='ltr'><strong>fuerant,</strong></span> <span class='ocrx_word' id='word_1_87' title='bbox 805 1100 911 1138; x_wconf 89' lang='lat' dir='ltr'><strong>nec</strong></span> <span class='ocrx_word' id='word_1_88' title='bbox 937 1078 1011 1137; x_wconf 87' lang='lat' dir='ltr'><strong>de</strong></span> <span class='ocrx_word' id='word_1_89' title='bbox 1040 1077 1379 1155; x_wconf 86' lang='lat' dir='ltr'><strong>corrigendo</strong></span> <span class='ocrx_word' id='word_1_90' title='bbox 1405 1078 1533 1154; x_wconf 88' lang='lat' dir='ltr'><strong>ejus</strong></span> <span class='ocrx_word' id='word_1_91' title='bbox 1560 1096 1750 1135; x_wconf 87' lang='lat' dir='ltr'><strong>errore</strong></span> <span class='ocrx_word' id='word_1_92' title='bbox 1778 1076 1887 1136; x_wconf 90' lang='lat' dir='ltr'><strong>fuit</strong></span> <span class='ocrx_word' id='word_1_93' title='bbox 1915 1076 2214 1134; x_wconf 79' lang='lat' dir='ltr'><strong>sollicitus,</strong></span> <span class='ocrx_word' id='word_1_94' title='bbox 2302 1075 2419 1134; x_wconf 90' lang='lat' dir='ltr'><strong>Sed</strong></span> <span class='ocrx_word' id='word_1_95' title='bbox 2445 1096 2576 1134; x_wconf 91' lang='lat' dir='ltr'><strong>cum</strong></span> <span class='ocrx_word' id='word_1_96' title='bbox 2605 1084 2821 1135; x_wconf 90' lang='lat' dir='ltr'><strong>certum</strong></span> <span class='ocrx_word' id='word_1_97' title='bbox 2853 1076 2929 1135; x_wconf 88' lang='lat' dir='ltr'><strong>sit</strong></span> 
     </span>
     <span class='ocr_line' id='line_1_10' title="bbox 536 1155 2929 1235; baseline -0.002 -18"><span class='ocrx_word' id='word_1_98' title='bbox 536 1158 889 1235; x_wconf 83' lang='lat' dir='ltr'><strong>Stephanum</strong></span> <span class='ocrx_word' id='word_1_99' title='bbox 939 1158 1157 1235; x_wconf 78' lang='lat' dir='ltr'><strong>Spiritu</strong></span> <span class='ocrx_word' id='word_1_100' title='bbox 1209 1156 1441 1233; x_wconf 87' lang='lat' dir='ltr'><strong>plenum</strong></span> <span class='ocrx_word' id='word_1_101' title='bbox 1485 1156 1679 1232; x_wconf 85' lang='lat' dir='ltr'><strong>fuisse,</strong></span> <span class='ocrx_word' id='word_1_102' title='bbox 1711 1156 1884 1215; x_wconf 88' lang='lat' dir='ltr'><strong>etiam</strong></span> <span class='ocrx_word' id='word_1_103' title='bbox 1926 1156 2262 1229; x_wconf 64' lang='grc' dir='ltr'><strong>θἰἐτηυστοι,</strong></span> <span class='ocrx_word' id='word_1_104' title='bbox 2305 1175 2423 1213; x_wconf 85' lang='grc'>11011</span> <span class='ocrx_word' id='word_1_105' title='bbox 2476 1162 2666 1232; x_wconf 88' lang='lat' dir='ltr'><strong>potest</strong></span> <span class='ocrx_word' id='word_1_106' title='bbox 2721 1155 2929 1213; x_wconf 87' lang='lat' dir='ltr'><strong>erroris</strong></span> 
     </span>
    </p>
   </div>
   <div class='ocr_carea' id='block_1_3' title="bbox 530 1230 2964 1315">
    <p class='ocr_par' dir='ltr' id='par_1_3' title="bbox 530 1230 2964 1315">
     <span class='ocr_line' id='line_1_11' title="bbox 530 1230 2964 1315; baseline -0.002 -18"><span class='ocrx_word' id='word_1_107' title='bbox 530 1256 715 1315; x_wconf 79' lang='lat' dir='ltr'><strong>argui,</strong></span> <span class='ocrx_word' id='word_1_108' title='bbox 746 1238 887 1313; x_wconf 89' lang='lat' dir='ltr'><strong>quin</strong></span> <span class='ocrx_word' id='word_1_109' title='bbox 913 1237 1097 1296; x_wconf 82' lang='lat' dir='ltr'><strong>Verbi</strong></span> <span class='ocrx_word' id='word_1_110' title='bbox 1135 1237 1441 1294; x_wconf 62' lang='grc' dir='ltr'><strong>αὖτοπιπία</strong></span> <span class='ocrx_word' id='word_1_111' title='bbox 1482 1244 1664 1294; x_wconf 85' lang='lat' dir='ltr'><strong>nutet.</strong></span> <span class='ocrx_word' id='word_1_112' title='bbox 1747 1236 1874 1293; x_wconf 85' lang='lat' dir='ltr'><strong>Alii</strong></span> <span class='ocrx_word' id='word_1_113' title='bbox 1917 1244 2176 1294; x_wconf 86' lang='lat' dir='ltr'><strong>statuunt</strong></span> <span class='ocrx_word' id='word_1_114' title='bbox 2204 1234 2523 1293; x_wconf 87' lang='lat' dir='ltr'><strong>Abrahami</strong></span> <span class='ocrx_word' id='word_1_115' title='bbox 2566 1234 2929 1293; x_wconf 80' lang='lat' dir='ltr'><strong>nativitatem</strong></span> <span class='ocrx_word' id='word_1_116' title='bbox 2957 1230 2964 1236; x_wconf 79' lang='grc'><strong>’</strong></span> 
     </span>
    </p>
   </div>
   <div class='ocr_carea' id='block_1_4' title="bbox 522 1312 2936 3533">
    <p class='ocr_par' dir='ltr' id='par_1_4' title="bbox 522 1312 2936 3533">
     <span class='ocr_line' id='line_1_12' title="bbox 531 1312 2928 1393; baseline 0 -20"><span class='ocrx_word' id='word_1_117' title='bbox 531 1336 649 1375; x_wconf 84' lang='grc'>11011</span> <span class='ocrx_word' id='word_1_118' title='bbox 689 1317 925 1393; x_wconf 72' lang='lat' dir='ltr'><strong>praecise</strong></span> <span class='ocrx_word' id='word_1_119' title='bbox 954 1316 1361 1392; x_wconf 78' lang='lat' dir='ltr'><strong>assignandam</strong></span> <span class='ocrx_word' id='word_1_120' title='bbox 1405 1334 1532 1374; x_wconf 89' lang='lat' dir='ltr'><strong>esse</strong></span> <span class='ocrx_word' id='word_1_121' title='bbox 1575 1334 1728 1373; x_wconf 89' lang='lat' dir='ltr'><strong>anno</strong></span> <span class='ocrx_word' id='word_1_122' title='bbox 1756 1318 1834 1375; x_wconf 92' lang='grc'>70</span> <span class='ocrx_word' id='word_1_123' title='bbox 1879 1316 2065 1374; x_wconf 79' lang='lat' dir='ltr'><strong>aetatis</strong></span> <span class='ocrx_word' id='word_1_124' title='bbox 2093 1315 2315 1391; x_wconf 82' lang='lat' dir='ltr'><strong>Tharae,</strong></span> <span class='ocrx_word' id='word_1_125' title='bbox 2365 1312 2467 1372; x_wconf 89' lang='lat' dir='ltr'><strong>sed</strong></span> <span class='ocrx_word' id='word_1_126' title='bbox 2509 1321 2734 1373; x_wconf 88' lang='lat' dir='ltr'><strong>tantum</strong></span> <span class='ocrx_word' id='word_1_127' title='bbox 2777 1333 2928 1373; x_wconf 89' lang='lat' dir='ltr'><strong>anno</strong></span> 
     </span>
     <span class='ocr_line' id='line_1_13' title="bbox 534 1393 2932 1471; baseline -0.001 -18"><span class='ocrx_word' id='word_1_128' title='bbox 534 1399 667 1470; x_wconf 88' lang='grc'>130,</span> <span class='ocrx_word' id='word_1_129' title='bbox 698 1415 807 1454; x_wconf 92' lang='lat' dir='ltr'><strong>nec</strong></span> <span class='ocrx_word' id='word_1_130' title='bbox 832 1396 1179 1454; x_wconf 88' lang='lat' dir='ltr'><strong>contrarium</strong></span> <span class='ocrx_word' id='word_1_131' title='bbox 1204 1414 1375 1471; x_wconf 87' lang='lat' dir='ltr'><strong>posse</strong></span> <span class='ocrx_word' id='word_1_132' title='bbox 1418 1394 1614 1453; x_wconf 87' lang='lat' dir='ltr'><strong>inferri</strong></span> <span class='ocrx_word' id='word_1_133' title='bbox 1659 1414 1734 1451; x_wconf 88' lang='lat' dir='ltr'><strong>ex</strong></span> <span class='ocrx_word' id='word_1_134' title='bbox 1771 1413 1841 1453; x_wconf 90' lang='lat' dir='ltr'><strong>eo</strong></span> <span class='ocrx_word' id='word_1_135' title='bbox 1869 1393 2041 1470; x_wconf 89' lang='lat' dir='ltr'><strong>quod,</strong></span> <span class='ocrx_word' id='word_1_136' title='bbox 2074 1394 2223 1453; x_wconf 86' lang='lat' dir='ltr'><strong>Gen.</strong></span> <span class='ocrx_word' id='word_1_137' title='bbox 2253 1394 2334 1451; x_wconf 84' lang='lat' dir='ltr'><strong>xi.</strong></span> <span class='ocrx_word' id='word_1_138' title='bbox 2365 1394 2460 1468; x_wconf 79' lang='lat'><strong>26,</strong></span> <span class='ocrx_word' id='word_1_139' title='bbox 2492 1393 2703 1451; x_wconf 90' lang='lat' dir='ltr'><strong>dicitur</strong></span> <span class='ocrx_word' id='word_1_140' title='bbox 2733 1395 2932 1451; x_wconf 76' lang='lat' dir='ltr'><strong>Tkara</strong></span> 
     </span>
     <span class='ocr_line' id='line_1_14' title="bbox 532 1472 2927 1551; baseline -0.002 -17"><span class='ocrx_word' id='word_1_141' title='bbox 532 1496 684 1534; x_wconf 79' lang='lat' dir='ltr'><strong>anno</strong></span> <span class='ocrx_word' id='word_1_142' title='bbox 713 1477 791 1533; x_wconf 91' lang='grc'>70</span> <span class='ocrx_word' id='word_1_143' title='bbox 828 1475 1081 1551; x_wconf 71' lang='lat' dir='ltr'><strong>yenuisse</strong></span> <span class='ocrx_word' id='word_1_144' title='bbox 1108 1475 1418 1549; x_wconf 72' lang='lat' dir='ltr'><strong>Abraham,</strong></span> <span class='ocrx_word' id='word_1_145' title='bbox 1450 1476 1689 1533; x_wconf 75' lang='lat' dir='ltr'><strong>Nachor</strong></span> <span class='ocrx_word' id='word_1_146' title='bbox 1716 1483 1769 1531; x_wconf 82' lang='lat' dir='ltr'><strong>et</strong></span> <span class='ocrx_word' id='word_1_147' title='bbox 1793 1476 2025 1547; x_wconf 82' lang='lat' dir='ltr'><strong>Haran,</strong></span> <span class='ocrx_word' id='word_1_148' title='bbox 2057 1472 2193 1549; x_wconf 87' lang='lat' dir='ltr'><strong>quia</strong></span> <span class='ocrx_word' id='word_1_149' title='bbox 2234 1472 2371 1532; x_wconf 89' lang='lat' dir='ltr'><strong>licet</strong></span> <span class='ocrx_word' id='word_1_150' title='bbox 2413 1472 2632 1549; x_wconf 89' lang='lat' dir='ltr'><strong>primus</strong></span> <span class='ocrx_word' id='word_1_151' title='bbox 2664 1481 2927 1550; x_wconf 87' lang='lat' dir='ltr'><strong>ponatur,</strong></span> 
     </span>
     <span class='ocr_line' id='line_1_15' title="bbox 530 1552 2927 1630; baseline -0.001 -18"><span class='ocrx_word' id='word_1_152' title='bbox 530 1574 649 1613; x_wconf 88' lang='lat' dir='ltr'><strong>non</strong></span> <span class='ocrx_word' id='word_1_153' title='bbox 688 1554 800 1612; x_wconf 90' lang='lat' dir='ltr'><strong>hoc</strong></span> <span class='ocrx_word' id='word_1_154' title='bbox 838 1554 941 1612; x_wconf 91' lang='lat' dir='ltr'><strong>fiat</strong></span> <span class='ocrx_word' id='word_1_155' title='bbox 982 1562 1175 1612; x_wconf 90' lang='lat' dir='ltr'><strong>tamen</strong></span> <span class='ocrx_word' id='word_1_156' title='bbox 1216 1554 1397 1611; x_wconf 77' lang='lat' dir='ltr'><strong>oetatis</strong></span> <span class='ocrx_word' id='word_1_157' title='bbox 1440 1553 1543 1611; x_wconf 90' lang='lat' dir='ltr'><strong>sed</strong></span> <span class='ocrx_word' id='word_1_158' title='bbox 1586 1554 1872 1630; x_wconf 71' lang='lat' dir='ltr'><strong>diqnitatis</strong></span> <span class='ocrx_word' id='word_1_159' title='bbox 1911 1552 2234 1629; x_wconf 86' lang='lat' dir='ltr'><strong>privilegio,</strong></span> <span class='ocrx_word' id='word_1_160' title='bbox 2265 1561 2331 1611; x_wconf 85' lang='lat' dir='ltr'><strong>ut</strong></span> <span class='ocrx_word' id='word_1_161' title='bbox 2359 1552 2507 1611; x_wconf 86' lang='lat' dir='ltr'><strong>Gen.</strong></span> <span class='ocrx_word' id='word_1_162' title='bbox 2537 1572 2594 1609; x_wconf 91' lang='lat' dir='ltr'><strong>v.</strong></span> <span class='ocrx_word' id='word_1_163' title='bbox 2627 1554 2722 1627; x_wconf 84' lang='lat'><strong>32,</strong></span> <span class='ocrx_word' id='word_1_164' title='bbox 2767 1552 2927 1610; x_wconf 84' lang='lat' dir='ltr'><strong>Noa-</strong></span> 
     </span>
     <span class='ocr_line' id='line_1_16' title="bbox 532 1630 2930 1710; baseline -0.002 -16"><span class='ocrx_word' id='word_1_165' title='bbox 532 1635 665 1694; x_wconf 71' lang='lat' dir='ltr'><strong>clzus</strong></span> <span class='ocrx_word' id='word_1_166' title='bbox 733 1632 943 1691; x_wconf 88' lang='lat' dir='ltr'><strong>dicitur</strong></span> <span class='ocrx_word' id='word_1_167' title='bbox 1003 1634 1257 1710; x_wconf 71' lang='lat' dir='ltr'><strong>qenais-se</strong></span> <span class='ocrx_word' id='word_1_168' title='bbox 1298 1652 1449 1691; x_wconf 82' lang='lat' dir='ltr'><strong>anno</strong></span> <span class='ocrx_word' id='word_1_169' title='bbox 1504 1635 1621 1691; x_wconf 88' lang='lat'><strong>500</strong></span> <span class='ocrx_word' id='word_1_170' title='bbox 1683 1633 1828 1708; x_wconf 80' lang='lat' dir='ltr'><strong>Sem,</strong></span> <span class='ocrx_word' id='word_1_171' title='bbox 1880 1633 2060 1693; x_wconf 73' lang='lat' dir='ltr'><strong>G&#39;ham</strong></span> <span class='ocrx_word' id='word_1_172' title='bbox 2127 1641 2181 1689; x_wconf 80' lang='lat' dir='ltr'><strong>et</strong></span> <span class='ocrx_word' id='word_1_173' title='bbox 2236 1632 2465 1707; x_wconf 73' lang='lat' dir='ltr'><strong>Japhet,</strong></span> <span class='ocrx_word' id='word_1_174' title='bbox 2523 1630 2601 1689; x_wconf 90' lang='lat' dir='ltr'><strong>id.</strong></span> <span class='ocrx_word' id='word_1_175' title='bbox 2657 1650 2930 1707; x_wconf 85' lang='lat' dir='ltr'><strong>generare</strong></span> 
     </span>
     <span class='ocr_line' id='line_1_17' title="bbox 532 1711 2933 1789; baseline -0.001 -19"><span class='ocrx_word' id='word_1_176' title='bbox 532 1713 777 1789; x_wconf 87' lang='lat' dir='ltr'><strong>coepisse</strong></span> <span class='ocrx_word' id='word_1_177' title='bbox 802 1720 920 1771; x_wconf 88' lang='lat' dir='ltr'><strong>tres</strong></span> <span class='ocrx_word' id='word_1_178' title='bbox 949 1731 1083 1771; x_wconf 89' lang='lat' dir='ltr'><strong>suos</strong></span> <span class='ocrx_word' id='word_1_179' title='bbox 1108 1712 1277 1787; x_wconf 86' lang='lat' dir='ltr'><strong>filios,</strong></span> <span class='ocrx_word' id='word_1_180' title='bbox 1308 1730 1551 1789; x_wconf 89' lang='lat' dir='ltr'><strong>quorum</strong></span> <span class='ocrx_word' id='word_1_181' title='bbox 1578 1711 1953 1789; x_wconf 86' lang='lat' dir='ltr'><strong>dignissimus</strong></span> <span class='ocrx_word' id='word_1_182' title='bbox 1995 1711 2104 1769; x_wconf 86' lang='lat' dir='ltr'><strong>fuit</strong></span> <span class='ocrx_word' id='word_1_183' title='bbox 2149 1711 2300 1785; x_wconf 85' lang='lat' dir='ltr'><strong>Sem,</strong></span> <span class='ocrx_word' id='word_1_184' title='bbox 2330 1711 2466 1768; x_wconf 90' lang='lat' dir='ltr'><strong>licet</strong></span> <span class='ocrx_word' id='word_1_185' title='bbox 2510 1730 2660 1769; x_wconf 90' lang='lat' dir='ltr'><strong>anno</strong></span> <span class='ocrx_word' id='word_1_186' title='bbox 2687 1729 2804 1768; x_wconf 92' lang='lat' dir='ltr'><strong>uno</strong></span> <span class='ocrx_word' id='word_1_187' title='bbox 2831 1718 2933 1768; x_wconf 89' lang='lat' dir='ltr'><strong>aut</strong></span> 
     </span>
     <span class='ocr_line' id='line_1_18' title="bbox 534 1790 2930 1870; baseline -0.001 -21"><span class='ocrx_word' id='word_1_188' title='bbox 534 1792 763 1851; x_wconf 88' lang='lat' dir='ltr'><strong>duobus</strong></span> <span class='ocrx_word' id='word_1_189' title='bbox 787 1799 920 1870; x_wconf 89' lang='lat' dir='ltr'><strong>post</strong></span> <span class='ocrx_word' id='word_1_190' title='bbox 946 1792 989 1851; x_wconf 89' lang='lat' dir='ltr'><strong>J</strong></span> <span class='ocrx_word' id='word_1_191' title='bbox 990 1791 1261 1869; x_wconf 81' lang='lat' dir='ltr'><strong>aphetum</strong></span> <span class='ocrx_word' id='word_1_192' title='bbox 1306 1792 1581 1868; x_wconf 89' lang='lat' dir='ltr'><strong>majorem</strong></span> <span class='ocrx_word' id='word_1_193' title='bbox 1618 1791 1884 1867; x_wconf 84' lang='lat' dir='ltr'><strong>genitus:</strong></span> <span class='ocrx_word' id='word_1_194' title='bbox 1930 1792 2023 1849; x_wconf 89' lang='lat' dir='ltr'><strong>Ita</strong></span> <span class='ocrx_word' id='word_1_195' title='bbox 2049 1790 2298 1848; x_wconf 87' lang='lat' dir='ltr'><strong>Tharam</strong></span> <span class='ocrx_word' id='word_1_196' title='bbox 2341 1810 2494 1849; x_wconf 89' lang='lat' dir='ltr'><strong>anno</strong></span> <span class='ocrx_word' id='word_1_197' title='bbox 2523 1792 2618 1864; x_wconf 99' lang='grc'><strong>70,</strong></span> <span class='ocrx_word' id='word_1_198' title='bbox 2656 1808 2930 1866; x_wconf 88' lang='lat' dir='ltr'><strong>generare</strong></span> 
     </span>
     <span class='ocr_line' id='line_1_19' title="bbox 534 1868 2932 1949; baseline -0.002 -20"><span class='ocrx_word' id='word_1_199' title='bbox 534 1870 777 1949; x_wconf 83' lang='lat' dir='ltr'><strong>coepisse</strong></span> <span class='ocrx_word' id='word_1_200' title='bbox 804 1880 921 1930; x_wconf 88' lang='lat' dir='ltr'><strong>tres</strong></span> <span class='ocrx_word' id='word_1_201' title='bbox 950 1889 1085 1930; x_wconf 86' lang='lat' dir='ltr'><strong>suos</strong></span> <span class='ocrx_word' id='word_1_202' title='bbox 1110 1870 1279 1945; x_wconf 87' lang='lat' dir='ltr'><strong>filios,</strong></span> <span class='ocrx_word' id='word_1_203' title='bbox 1308 1888 1553 1947; x_wconf 89' lang='lat' dir='ltr'><strong>quorum</strong></span> <span class='ocrx_word' id='word_1_204' title='bbox 1581 1870 1880 1929; x_wconf 86' lang='lat' dir='ltr'><strong>Abraham</strong></span> <span class='ocrx_word' id='word_1_205' title='bbox 1908 1870 2281 1946; x_wconf 88' lang='lat' dir='ltr'><strong>dignissimus</strong></span> <span class='ocrx_word' id='word_1_206' title='bbox 2307 1868 2432 1944; x_wconf 85' lang='lat' dir='ltr'><strong>fuit,</strong></span> <span class='ocrx_word' id='word_1_207' title='bbox 2477 1868 2720 1945; x_wconf 89' lang='lat' dir='ltr'><strong>ideoque</strong></span> <span class='ocrx_word' id='word_1_208' title='bbox 2747 1869 2932 1945; x_wconf 89' lang='lat' dir='ltr'><strong>primo</strong></span> 
     </span>
     <span class='ocr_line' id='line_1_20' title="bbox 532 1946 2930 2027; baseline -0.001 -20"><span class='ocrx_word' id='word_1_209' title='bbox 532 1950 663 2008; x_wconf 93' lang='lat' dir='ltr'><strong>loco</strong></span> <span class='ocrx_word' id='word_1_210' title='bbox 706 1949 943 2027; x_wconf 77' lang='lat' dir='ltr'><strong>posituS,</strong></span> <span class='ocrx_word' id='word_1_211' title='bbox 990 1969 1108 2007; x_wconf 89' lang='lat' dir='ltr'><strong>non</strong></span> <span class='ocrx_word' id='word_1_212' title='bbox 1150 1957 1343 2008; x_wconf 90' lang='lat' dir='ltr'><strong>tamen</strong></span> <span class='ocrx_word' id='word_1_213' title='bbox 1386 1950 1839 2026; x_wconf 86' lang='lat' dir='ltr'><strong>primogenitus:</strong></span> <span class='ocrx_word' id='word_1_214' title='bbox 1897 1950 2087 2009; x_wconf 79' lang='lat' dir='ltr'><strong>Juxta</strong></span> <span class='ocrx_word' id='word_1_215' title='bbox 2129 1948 2278 2006; x_wconf 89' lang='lat' dir='ltr'><strong>hanc</strong></span> <span class='ocrx_word' id='word_1_216' title='bbox 2323 1947 2664 2007; x_wconf 87' lang='lat' dir='ltr'><strong>sententiam</strong></span> <span class='ocrx_word' id='word_1_217' title='bbox 2709 1946 2930 2005; x_wconf 86' lang='lat' dir='ltr'><strong>Abram</strong></span> 
     </span>
     <span class='ocr_line' id='line_1_21' title="bbox 532 2027 2932 2106; baseline -0.001 -19"><span class='ocrx_word' id='word_1_218' title='bbox 532 2037 704 2087; x_wconf 88' lang='lat' dir='ltr'><strong>natus</strong></span> <span class='ocrx_word' id='word_1_219' title='bbox 740 2048 891 2087; x_wconf 88' lang='lat' dir='ltr'><strong>anno</strong></span> <span class='ocrx_word' id='word_1_220' title='bbox 925 2032 1040 2088; x_wconf 87' lang='lat'><strong>130</strong></span> <span class='ocrx_word' id='word_1_221' title='bbox 1081 2029 1269 2088; x_wconf 81' lang='lat' dir='ltr'><strong>aetatis</strong></span> <span class='ocrx_word' id='word_1_222' title='bbox 1296 2029 1517 2102; x_wconf 75' lang='lat' dir='ltr'><strong>Thatae,</strong></span> <span class='ocrx_word' id='word_1_223' title='bbox 1550 2029 1701 2089; x_wconf 84' lang='lat' dir='ltr'><strong>vixit</strong></span> <span class='ocrx_word' id='word_1_224' title='bbox 1728 2048 1859 2087; x_wconf 91' lang='lat' dir='ltr'><strong>cum</strong></span> <span class='ocrx_word' id='word_1_225' title='bbox 1888 2029 2014 2106; x_wconf 91' lang='lat' dir='ltr'><strong>ipso</strong></span> <span class='ocrx_word' id='word_1_226' title='bbox 2057 2028 2266 2105; x_wconf 83' lang='lat' dir='ltr'><strong>partim</strong></span> <span class='ocrx_word' id='word_1_227' title='bbox 2314 2028 2376 2085; x_wconf 89' lang='lat' dir='ltr'><strong>in</strong></span> <span class='ocrx_word' id='word_1_228' title='bbox 2405 2027 2692 2101; x_wconf 79' lang='lat' dir='ltr'><strong>Chaldaea,</strong></span> <span class='ocrx_word' id='word_1_229' title='bbox 2723 2027 2932 2104; x_wconf 85' lang='lat' dir='ltr'><strong>partim</strong></span> 
     </span>
     <span class='ocr_line' id='line_1_22' title="bbox 532 2102 2932 2185; baseline -0.003 -14"><span class='ocrx_word' id='word_1_230' title='bbox 532 2107 593 2171; x_wconf 82' lang='lat' dir='ltr'><strong>in</strong></span> <span class='ocrx_word' id='word_1_231' title='bbox 624 2108 849 2166; x_wconf 88' lang='lat' dir='ltr'><strong>Charan</strong></span> <span class='ocrx_word' id='word_1_232' title='bbox 878 2112 911 2166; x_wconf 92' lang='grc'>7</span> <span class='ocrx_word' id='word_1_233' title='bbox 919 2111 955 2167; x_wconf 87' lang='grc'>5</span> <span class='ocrx_word' id='word_1_234' title='bbox 997 2127 1196 2184; x_wconf 76' lang='lat' dir='ltr'><strong>armoe,</strong></span> <span class='ocrx_word' id='word_1_235' title='bbox 1228 2127 1411 2185; x_wconf 88' lang='lat' dir='ltr'><strong>usque</strong></span> <span class='ocrx_word' id='word_1_236' title='bbox 1438 2108 1513 2166; x_wconf 88' lang='lat' dir='ltr'><strong>ad</strong></span> <span class='ocrx_word' id='word_1_237' title='bbox 1540 2107 1761 2167; x_wconf 91' lang='lat' dir='ltr'><strong>obitum</strong></span> <span class='ocrx_word' id='word_1_238' title='bbox 1790 2109 1933 2185; x_wconf 87' lang='lat' dir='ltr'><strong>ejus,</strong></span> <span class='ocrx_word' id='word_1_239' title='bbox 1978 2116 2110 2185; x_wconf 88' lang='lat' dir='ltr'><strong>post</strong></span> <span class='ocrx_word' id='word_1_240' title='bbox 2137 2126 2309 2184; x_wconf 89' lang='lat' dir='ltr'><strong>quem</strong></span> <span class='ocrx_word' id='word_1_241' title='bbox 2339 2105 2450 2165; x_wconf 92' lang='lat' dir='ltr'><strong>Dei</strong></span> <span class='ocrx_word' id='word_1_242' title='bbox 2478 2106 2748 2165; x_wconf 89' lang='lat' dir='ltr'><strong>mandato</strong></span> <span class='ocrx_word' id='word_1_243' title='bbox 2775 2102 2932 2183; x_wconf 79' lang='lat' dir='ltr'><strong>q&#39;uod</strong></span> 
     </span>
     <span class='ocr_line' id='line_1_23' title="bbox 530 2186 2932 2265; baseline -0.002 -19"><span class='ocrx_word' id='word_1_244' title='bbox 530 2187 593 2247; x_wconf 86' lang='lat' dir='ltr'><strong>in</strong></span> <span class='ocrx_word' id='word_1_245' title='bbox 622 2186 894 2245; x_wconf 75' lang='lat' dir='ltr'><strong>Chaldaea</strong></span> <span class='ocrx_word' id='word_1_246' title='bbox 920 2195 1218 2264; x_wconf 85' lang='lat' dir='ltr'><strong>acceperat</strong></span> <span class='ocrx_word' id='word_1_247' title='bbox 1246 2187 1740 2265; x_wconf 79' lang='lat' dir='ltr'><strong>obtemperaturus</strong></span> <span class='ocrx_word' id='word_1_248' title='bbox 1784 2206 1860 2245; x_wconf 84' lang='lat' dir='ltr'><strong>ex</strong></span> <span class='ocrx_word' id='word_1_249' title='bbox 1889 2187 2116 2246; x_wconf 85' lang='lat' dir='ltr'><strong>Charan</strong></span> <span class='ocrx_word' id='word_1_250' title='bbox 2159 2188 2220 2244; x_wconf 90' lang='lat' dir='ltr'><strong>in</strong></span> <span class='ocrx_word' id='word_1_251' title='bbox 2249 2188 2591 2245; x_wconf 84' lang='lat' dir='ltr'><strong>Cananaeam</strong></span> <span class='ocrx_word' id='word_1_252' title='bbox 2636 2206 2766 2244; x_wconf 88' lang='lat' dir='ltr'><strong>cum</strong></span> <span class='ocrx_word' id='word_1_253' title='bbox 2811 2186 2932 2244; x_wconf 87' lang='lat' dir='ltr'><strong>suis</strong></span> 
     </span>
     <span class='ocr_line' id='line_1_24' title="bbox 527 2264 2932 2343; baseline -0.001 -20"><span class='ocrx_word' id='word_1_254' title='bbox 527 2264 853 2343; x_wconf 86' lang='lat' dir='ltr'><strong>emigravit.</strong></span> <span class='ocrx_word' id='word_1_255' title='bbox 958 2267 1177 2326; x_wconf 90' lang='lat' dir='ltr'><strong>Verum</strong></span> <span class='ocrx_word' id='word_1_256' title='bbox 1245 2267 1345 2326; x_wconf 89' lang='lat' dir='ltr'><strong>alii</strong></span> <span class='ocrx_word' id='word_1_257' title='bbox 1400 2267 1610 2343; x_wconf 89' lang='lat' dir='ltr'><strong>quibus</strong></span> <span class='ocrx_word' id='word_1_258' title='bbox 1665 2267 1872 2327; x_wconf 88' lang='lat' dir='ltr'><strong>durum</strong></span> <span class='ocrx_word' id='word_1_259' title='bbox 1926 2266 2158 2325; x_wconf 89' lang='lat' dir='ltr'><strong>videtur</strong></span> <span class='ocrx_word' id='word_1_260' title='bbox 2210 2266 2437 2324; x_wconf 84' lang='lat' dir='ltr'><strong>differre</strong></span> <span class='ocrx_word' id='word_1_261' title='bbox 2506 2265 2932 2342; x_wconf 85' lang='lat' dir='ltr'><strong>generationem</strong></span> 
     </span>
     <span class='ocr_line' id='line_1_25' title="bbox 528 2344 2934 2423; baseline -0 -20"><span class='ocrx_word' id='word_1_262' title='bbox 528 2345 775 2403; x_wconf 85' lang='lat' dir='ltr'><strong>Abrami</strong></span> <span class='ocrx_word' id='word_1_263' title='bbox 816 2345 892 2403; x_wconf 89' lang='lat' dir='ltr'><strong>ad</strong></span> <span class='ocrx_word' id='word_1_264' title='bbox 928 2366 1021 2405; x_wconf 86' lang='lat' dir='ltr'><strong>an.</strong></span> <span class='ocrx_word' id='word_1_265' title='bbox 1056 2348 1172 2405; x_wconf 88' lang='lat'><strong>130</strong></span> <span class='ocrx_word' id='word_1_266' title='bbox 1200 2345 1422 2419; x_wconf 78' lang='lat' dir='ltr'><strong>Tharae,</strong></span> <span class='ocrx_word' id='word_1_267' title='bbox 1454 2347 1589 2423; x_wconf 89' lang='lat' dir='ltr'><strong>quia</strong></span> <span class='ocrx_word' id='word_1_268' title='bbox 1616 2345 1690 2405; x_wconf 88' lang='lat' dir='ltr'><strong>de</strong></span> <span class='ocrx_word' id='word_1_269' title='bbox 1731 2365 1802 2405; x_wconf 88' lang='lat' dir='ltr'><strong>eo</strong></span> <span class='ocrx_word' id='word_1_270' title='bbox 1841 2346 1988 2403; x_wconf 86' lang='lat' dir='ltr'><strong>nihil</strong></span> <span class='ocrx_word' id='word_1_271' title='bbox 2027 2345 2203 2404; x_wconf 87' lang='lat' dir='ltr'><strong>habet</strong></span> <span class='ocrx_word' id='word_1_272' title='bbox 2234 2344 2543 2422; x_wconf 83' lang='lat' dir='ltr'><strong>Scriptura,</strong></span> <span class='ocrx_word' id='word_1_273' title='bbox 2589 2352 2647 2403; x_wconf 91' lang='lat' dir='ltr'><strong>et</strong></span> <span class='ocrx_word' id='word_1_274' title='bbox 2689 2344 2770 2402; x_wconf 89' lang='grc'><strong>810</strong></span> <span class='ocrx_word' id='word_1_275' title='bbox 2811 2352 2934 2402; x_wconf 86' lang='lat' dir='ltr'><strong>tota</strong></span> 
     </span>
     <span class='ocr_line' id='line_1_26' title="bbox 528 2423 2933 2502; baseline -0.001 -19"><span class='ocrx_word' id='word_1_276' title='bbox 528 2423 777 2483; x_wconf 88' lang='lat' dir='ltr'><strong>Abrami</strong></span> <span class='ocrx_word' id='word_1_277' title='bbox 818 2426 1161 2502; x_wconf 85' lang='lat' dir='ltr'><strong>genealogia</strong></span> <span class='ocrx_word' id='word_1_278' title='bbox 1203 2425 1421 2484; x_wconf 86' lang='lat' dir='ltr'><strong>incerta</strong></span> <span class='ocrx_word' id='word_1_279' title='bbox 1462 2425 1738 2501; x_wconf 84' lang='lat' dir='ltr'><strong>redditur,</strong></span> <span class='ocrx_word' id='word_1_280' title='bbox 1785 2443 1959 2502; x_wconf 89' lang='lat' dir='ltr'><strong>quam</strong></span> <span class='ocrx_word' id='word_1_281' title='bbox 2003 2432 2195 2483; x_wconf 86' lang='lat' dir='ltr'><strong>tamen</strong></span> <span class='ocrx_word' id='word_1_282' title='bbox 2238 2444 2413 2501; x_wconf 86' lang='lat' dir='ltr'><strong>supra</strong></span> <span class='ocrx_word' id='word_1_283' title='bbox 2455 2432 2690 2481; x_wconf 78' lang='lat' dir='ltr'><strong>caeteras</strong></span> <span class='ocrx_word' id='word_1_284' title='bbox 2733 2442 2933 2481; x_wconf 88' lang='lat' dir='ltr'><strong>omnes</strong></span> 
     </span>
     <span class='ocr_line' id='line_1_27' title="bbox 529 2502 2934 2580; baseline 0 -20"><span class='ocrx_word' id='word_1_285' title='bbox 529 2502 729 2561; x_wconf 86' lang='lat' dir='ltr'><strong>Moses</strong></span> <span class='ocrx_word' id='word_1_286' title='bbox 754 2523 1051 2563; x_wconf 87' lang='lat' dir='ltr'><strong>recensere</strong></span> <span class='ocrx_word' id='word_1_287' title='bbox 1078 2504 1344 2580; x_wconf 89' lang='lat' dir='ltr'><strong>instituit,</strong></span> <span class='ocrx_word' id='word_1_288' title='bbox 1376 2504 1543 2563; x_wconf 86' lang='lat' dir='ltr'><strong>aliter</strong></span> <span class='ocrx_word' id='word_1_289' title='bbox 1570 2505 1805 2564; x_wconf 87' lang='lat' dir='ltr'><strong>solvunt</strong></span> <span class='ocrx_word' id='word_1_290' title='bbox 1831 2504 2063 2579; x_wconf 90' lang='lat' dir='ltr'><strong>nodum,</strong></span> <span class='ocrx_word' id='word_1_291' title='bbox 2085 2503 2229 2563; x_wconf 88' lang='lat' dir='ltr'><strong>duas</strong></span> <span class='ocrx_word' id='word_1_292' title='bbox 2257 2511 2573 2562; x_wconf 83' lang='lat' dir='ltr'><strong>statuentes</strong></span> <span class='ocrx_word' id='word_1_293' title='bbox 2601 2502 2934 2560; x_wconf 85' lang='lat' dir='ltr'><strong>vocationes</strong></span> 
     </span>
     <span class='ocr_line' id='line_1_28' title="bbox 532 2581 2931 2660; baseline -0.001 -18"><span class='ocrx_word' id='word_1_294' title='bbox 532 2581 795 2658; x_wconf 88' lang='lat' dir='ltr'><strong>Abrami,</strong></span> <span class='ocrx_word' id='word_1_295' title='bbox 847 2584 1092 2660; x_wconf 85' lang='lat' dir='ltr'><strong>primam</strong></span> <span class='ocrx_word' id='word_1_296' title='bbox 1131 2602 1205 2641; x_wconf 87' lang='lat' dir='ltr'><strong>ex</strong></span> <span class='ocrx_word' id='word_1_297' title='bbox 1252 2583 1342 2643; x_wconf 91' lang='lat' dir='ltr'><strong>Ur</strong></span> <span class='ocrx_word' id='word_1_298' title='bbox 1369 2583 1770 2643; x_wconf 76' lang='lat' dir='ltr'><strong>Chaldaeorum</strong></span> <span class='ocrx_word' id='word_1_299' title='bbox 1817 2583 2111 2659; x_wconf 88' lang='lat' dir='ltr'><strong>Caranem,</strong></span> <span class='ocrx_word' id='word_1_300' title='bbox 2143 2584 2377 2643; x_wconf 83' lang='lat' dir='ltr'><strong>vivente</strong></span> <span class='ocrx_word' id='word_1_301' title='bbox 2420 2581 2606 2642; x_wconf 86' lang='lat' dir='ltr'><strong>adhuc</strong></span> <span class='ocrx_word' id='word_1_302' title='bbox 2661 2589 2822 2659; x_wconf 88' lang='lat' dir='ltr'><strong>patre</strong></span> <span class='ocrx_word' id='word_1_303' title='bbox 2871 2588 2931 2640; x_wconf 91' lang='lat' dir='ltr'><strong>et</strong></span> 
     </span>
     <span class='ocr_line' id='line_1_29' title="bbox 532 2661 2930 2740; baseline -0.001 -20"><span class='ocrx_word' id='word_1_304' title='bbox 532 2669 743 2738; x_wconf 81' lang='lat' dir='ltr'><strong>agente</strong></span> <span class='ocrx_word' id='word_1_305' title='bbox 788 2681 1003 2720; x_wconf 88' lang='lat' dir='ltr'><strong>annum</strong></span> <span class='ocrx_word' id='word_1_306' title='bbox 1035 2664 1167 2738; x_wconf 85' lang='lat'><strong>145,</strong></span> <span class='ocrx_word' id='word_1_307' title='bbox 1214 2662 1341 2740; x_wconf 89' lang='lat' dir='ltr'><strong>ipso</strong></span> <span class='ocrx_word' id='word_1_308' title='bbox 1369 2681 1512 2720; x_wconf 88' lang='lat' dir='ltr'><strong>vero·</strong></span> <span class='ocrx_word' id='word_1_309' title='bbox 1537 2662 1796 2722; x_wconf 86' lang='lat' dir='ltr'><strong>Abramo</strong></span> <span class='ocrx_word' id='word_1_310' title='bbox 1825 2666 1901 2722; x_wconf 87' lang='grc'><strong>75</strong></span> <span class='ocrx_word' id='word_1_311' title='bbox 1943 2683 2036 2722; x_wconf 89' lang='lat' dir='ltr'><strong>an.</strong></span> <span class='ocrx_word' id='word_1_312' title='bbox 2067 2671 2219 2738; x_wconf 88' lang='lat' dir='ltr'><strong>nat0,</strong></span> <span class='ocrx_word' id='word_1_313' title='bbox 2251 2662 2324 2721; x_wconf 90' lang='lat' dir='ltr'><strong>de</strong></span> <span class='ocrx_word' id='word_1_314' title='bbox 2353 2683 2467 2739; x_wconf 91' lang='lat' dir='ltr'><strong>qua</strong></span> <span class='ocrx_word' id='word_1_315' title='bbox 2493 2662 2692 2720; x_wconf 90' lang='lat' dir='ltr'><strong>Moses</strong></span> <span class='ocrx_word' id='word_1_316' title='bbox 2731 2661 2930 2738; x_wconf 90' lang='lat' dir='ltr'><strong>loqua-</strong></span> 
     </span>
     <span class='ocr_line' id='line_1_30' title="bbox 529 2739 2932 2820; baseline -0.001 -20"><span class='ocrx_word' id='word_1_317' title='bbox 529 2749 641 2815; x_wconf 85' lang='lat' dir='ltr'><strong>tur,</strong></span> <span class='ocrx_word' id='word_1_318' title='bbox 675 2740 823 2799; x_wconf 87' lang='lat' dir='ltr'><strong>Gen.</strong></span> <span class='ocrx_word' id='word_1_319' title='bbox 854 2741 934 2798; x_wconf 88' lang='lat' dir='ltr'><strong>xi.</strong></span> <span class='ocrx_word' id='word_1_320' title='bbox 966 2743 1020 2816; x_wconf 88' lang='lat'><strong>3,</strong></span> <span class='ocrx_word' id='word_1_321' title='bbox 1068 2750 1127 2800; x_wconf 89' lang='lat' dir='ltr'><strong>et</strong></span> <span class='ocrx_word' id='word_1_322' title='bbox 1169 2739 1270 2799; x_wconf 80' lang='lat' dir='ltr'><strong>x‘ii.</strong></span> <span class='ocrx_word' id='word_1_323' title='bbox 1304 2744 1357 2799; x_wconf 93' lang='lat'><strong>1.</strong></span> <span class='ocrx_word' id='word_1_324' title='bbox 1442 2741 1706 2800; x_wconf 87' lang='lat' dir='ltr'><strong>Alteram</strong></span> <span class='ocrx_word' id='word_1_325' title='bbox 1734 2761 1873 2801; x_wconf 87' lang='lat' dir='ltr'><strong>vero</strong></span> <span class='ocrx_word' id='word_1_326' title='bbox 1915 2750 2047 2820; x_wconf 88' lang='lat' dir='ltr'><strong>post</strong></span> <span class='ocrx_word' id='word_1_327' title='bbox 2090 2751 2332 2801; x_wconf 88' lang='lat' dir='ltr'><strong>mortem</strong></span> <span class='ocrx_word' id='word_1_328' title='bbox 2374 2741 2553 2819; x_wconf 88' lang='lat' dir='ltr'><strong>patris</strong></span> <span class='ocrx_word' id='word_1_329' title='bbox 2583 2741 2830 2799; x_wconf 87' lang='lat' dir='ltr'><strong>Carrane</strong></span> <span class='ocrx_word' id='word_1_330' title='bbox 2872 2741 2932 2798; x_wconf 92' lang='lat' dir='ltr'><strong>in</strong></span> 
     </span>
     <span class='ocr_line' id='line_1_31' title="bbox 533 2820 2932 2898; baseline 0 -21"><span class='ocrx_word' id='word_1_331' title='bbox 533 2820 785 2894; x_wconf 80' lang='lat' dir='ltr'><strong>canaan,</strong></span> <span class='ocrx_word' id='word_1_332' title='bbox 816 2838 945 2897; x_wconf 85' lang='lat' dir='ltr'><strong>quae</strong></span> <span class='ocrx_word' id='word_1_333' title='bbox 972 2820 1204 2879; x_wconf 87' lang='lat' dir='ltr'><strong>videtur</strong></span> <span class='ocrx_word' id='word_1_334' title='bbox 1232 2820 1527 2897; x_wconf 87' lang='lat' dir='ltr'><strong>insinuari,</strong></span> <span class='ocrx_word' id='word_1_335' title='bbox 1562 2821 1710 2880; x_wconf 85' lang='lat' dir='ltr'><strong>Gen.</strong></span> <span class='ocrx_word' id='word_1_336' title='bbox 1741 2821 1842 2879; x_wconf 86' lang='lat' dir='ltr'><strong>xii.</strong></span> <span class='ocrx_word' id='word_1_337' title='bbox 1874 2825 1928 2897; x_wconf 93' lang='lat'><strong>4,</strong></span> <span class='ocrx_word' id='word_1_338' title='bbox 1955 2826 2010 2880; x_wconf 87' lang='grc'><strong>5.</strong></span> <span class='ocrx_word' id='word_1_339' title='bbox 2099 2822 2426 2898; x_wconf 85' lang='lat' dir='ltr'><strong>Stephanus</strong></span> <span class='ocrx_word' id='word_1_340' title='bbox 2471 2829 2624 2880; x_wconf 86' lang='lat' dir='ltr'><strong>certe</strong></span> <span class='ocrx_word' id='word_1_341' title='bbox 2660 2820 2770 2879; x_wconf 90' lang='lat' dir='ltr'><strong>hoc</strong></span> <span class='ocrx_word' id='word_1_342' title='bbox 2815 2841 2932 2878; x_wconf 88' lang='lat' dir='ltr'><strong>non</strong></span> 
     </span>
     <span class='ocr_line' id='line_1_32' title="bbox 530 2898 2933 2977; baseline 0 -20"><span class='ocrx_word' id='word_1_343' title='bbox 530 2899 774 2957; x_wconf 86' lang='lat' dir='ltr'><strong>obscure</strong></span> <span class='ocrx_word' id='word_1_344' title='bbox 802 2898 1036 2974; x_wconf 87' lang='lat' dir='ltr'><strong>indicat,</strong></span> <span class='ocrx_word' id='word_1_345' title='bbox 1069 2898 1205 2958; x_wconf 87' lang='lat' dir='ltr'><strong>Act.</strong></span> <span class='ocrx_word' id='word_1_346' title='bbox 1234 2900 1333 2958; x_wconf 87' lang='lat' dir='ltr'><strong>vii.</strong></span> <span class='ocrx_word' id='word_1_347' title='bbox 1365 2904 1419 2974; x_wconf 89' lang='lat'><strong>4,</strong></span> <span class='ocrx_word' id='word_1_348' title='bbox 1452 2919 1629 2977; x_wconf 88' lang='lat' dir='ltr'><strong>quum</strong></span> <span class='ocrx_word' id='word_1_349' title='bbox 1659 2900 1741 2960; x_wconf 91' lang='lat' dir='ltr'><strong>ait</strong></span> <span class='ocrx_word' id='word_1_350' title='bbox 1758 2902 2070 2959; x_wconf 80' lang='lat' dir='ltr'><strong>Abramum</strong></span> <span class='ocrx_word' id='word_1_351' title='bbox 2097 2921 2137 2959; x_wconf 84' lang='lat' dir='ltr'><strong>a</strong></span> <span class='ocrx_word' id='word_1_352' title='bbox 2163 2903 2292 2959; x_wconf 87' lang='lat' dir='ltr'><strong>Deo</strong></span> <span class='ocrx_word' id='word_1_353' title='bbox 2320 2909 2574 2958; x_wconf 82' lang='lat' dir='ltr'><strong>vocatum</strong></span> <span class='ocrx_word' id='word_1_354' title='bbox 2602 2901 2833 2958; x_wconf 76' lang='lat' dir='ltr'><strong>exivisse</strong></span> <span class='ocrx_word' id='word_1_355' title='bbox 2859 2921 2933 2958; x_wconf 74' lang='lat' dir='ltr'><strong>ex</strong></span> 
     </span>
     <span class='ocr_line' id='line_1_33' title="bbox 526 2978 2934 3056; baseline 0.001 -20"><span class='ocrx_word' id='word_1_356' title='bbox 526 2987 691 3036; x_wconf 64' lang='lat' dir='ltr'><strong>terra</strong></span> <span class='ocrx_word' id='word_1_357' title='bbox 735 2978 1136 3037; x_wconf 74' lang='lat' dir='ltr'><strong>C&#39;haldoeorum</strong></span> <span class='ocrx_word' id='word_1_358' title='bbox 1184 2987 1237 3036; x_wconf 82' lang='lat' dir='ltr'><strong>et</strong></span> <span class='ocrx_word' id='word_1_359' title='bbox 1280 2981 1554 3038; x_wconf 77' lang='lat' dir='ltr'><strong>habitasse</strong></span> <span class='ocrx_word' id='word_1_360' title='bbox 1596 2981 1656 3038; x_wconf 80' lang='lat' dir='ltr'><strong>in</strong></span> <span class='ocrx_word' id='word_1_361' title='bbox 1702 2981 1919 3056; x_wconf 82' lang='lat' dir='ltr'><strong>Oaran,</strong></span> <span class='ocrx_word' id='word_1_362' title='bbox 1963 2988 2022 3040; x_wconf 89' lang='lat' dir='ltr'><strong>et</strong></span> <span class='ocrx_word' id='word_1_363' title='bbox 2068 2988 2269 3056; x_wconf 88' lang='lat' dir='ltr'><strong>postca</strong></span> <span class='ocrx_word' id='word_1_364' title='bbox 2305 2989 2441 3056; x_wconf 81' lang='lat' dir='ltr'><strong>post</strong></span> <span class='ocrx_word' id='word_1_365' title='bbox 2475 2988 2706 3038; x_wconf 81' lang='lat' dir='ltr'><strong>mortem</strong></span> <span class='ocrx_word' id='word_1_366' title='bbox 2742 2980 2934 3056; x_wconf 76' lang='lat' dir='ltr'><strong>patris</strong></span> 
     </span>
     <span class='ocr_line' id='line_1_34' title="bbox 522 3059 2930 3135; baseline 0.001 -19"><span class='ocrx_word' id='word_1_367' title='bbox 522 3059 722 3116; x_wconf 84' lang='lat' dir='ltr'><strong>-Deum</strong></span> <span class='ocrx_word' id='word_1_368' title='bbox 749 3059 1100 3116; x_wconf 72' lang='lat' dir='ltr'><strong>transtulisse</strong></span> <span class='ocrx_word' id='word_1_369' title='bbox 1126 3059 1309 3134; x_wconf 77' lang='lat' dir='ltr'><strong>ipsum</strong></span> <span class='ocrx_word' id='word_1_370' title='bbox 1337 3059 1394 3116; x_wconf 79' lang='lat' dir='ltr'><strong>in</strong></span> <span class='ocrx_word' id='word_1_371' title='bbox 1423 3069 1632 3118; x_wconf 83' lang='lat' dir='ltr'><strong>terram</strong></span> <span class='ocrx_word' id='word_1_372' title='bbox 1669 3060 1928 3135; x_wconf 78' lang='lat' dir='ltr'><strong>Oanaan,</strong></span> <span class='ocrx_word' id='word_1_373' title='bbox 1959 3060 2062 3118; x_wconf 90' lang='lat' dir='ltr'><strong>ubi</strong></span> <span class='ocrx_word' id='word_1_374' title='bbox 2088 3060 2180 3118; x_wconf 88' lang='lat' dir='ltr'><strong>bis</strong></span> <span class='ocrx_word' id='word_1_375' title='bbox 2211 3060 2371 3118; x_wconf 87' lang='lat' dir='ltr'><strong>Deus</strong></span> <span class='ocrx_word' id='word_1_376' title='bbox 2399 3059 2609 3118; x_wconf 87' lang='lat' dir='ltr'><strong>dicitur</strong></span> <span class='ocrx_word' id='word_1_377' title='bbox 2636 3077 2766 3116; x_wconf 90' lang='lat' dir='ltr'><strong>eum</strong></span> <span class='ocrx_word' id='word_1_378' title='bbox 2795 3079 2930 3118; x_wconf 88' lang='lat' dir='ltr'><strong>evo-</strong></span> 
     </span>
     <span class='ocr_line' id='line_1_35' title="bbox 532 3136 2929 3215; baseline 0.001 -21"><span class='ocrx_word' id='word_1_379' title='bbox 532 3153 713 3210; x_wconf 87' lang='lat' dir='ltr'><strong>casse,</strong></span> <span class='ocrx_word' id='word_1_380' title='bbox 759 3136 945 3212; x_wconf 90' lang='lat' dir='ltr'><strong>primo</strong></span> <span class='ocrx_word' id='word_1_381' title='bbox 992 3157 1067 3195; x_wconf 86' lang='lat' dir='ltr'><strong>ex</strong></span> <span class='ocrx_word' id='word_1_382' title='bbox 1098 3137 1187 3198; x_wconf 88' lang='lat' dir='ltr'><strong>Ur</strong></span> <span class='ocrx_word' id='word_1_383' title='bbox 1214 3137 1615 3196; x_wconf 63' lang='lat' dir='ltr'><strong>Chaldaeorum</strong></span> <span class='ocrx_word' id='word_1_384' title='bbox 1659 3138 1720 3195; x_wconf 91' lang='lat' dir='ltr'><strong>in</strong></span> <span class='ocrx_word' id='word_1_385' title='bbox 1750 3139 1950 3214; x_wconf 86' lang='lat' dir='ltr'><strong>Caran,</strong></span> <span class='ocrx_word' id='word_1_386' title='bbox 1998 3148 2200 3215; x_wconf 87' lang='lat' dir='ltr'><strong>postea</strong></span> <span class='ocrx_word' id='word_1_387' title='bbox 2243 3159 2318 3197; x_wconf 86' lang='lat' dir='ltr'><strong>ex</strong></span> <span class='ocrx_word' id='word_1_388' title='bbox 2348 3139 2532 3196; x_wconf 88' lang='lat' dir='ltr'><strong>Caran</strong></span> <span class='ocrx_word' id='word_1_389' title='bbox 2578 3138 2638 3195; x_wconf 88' lang='lat' dir='ltr'><strong>in</strong></span> <span class='ocrx_word' id='word_1_390' title='bbox 2667 3139 2929 3213; x_wconf 75' lang='lat' dir='ltr'><strong>Canaan3</strong></span> 
     </span>
     <span class='ocr_line' id='line_1_36' title="bbox 531 3214 2932 3294; baseline 0 -20"><span class='ocrx_word' id='word_1_391' title='bbox 531 3232 663 3291; x_wconf 82' lang='lat' dir='ltr'><strong>quae</strong></span> <span class='ocrx_word' id='word_1_392' title='bbox 707 3214 1006 3274; x_wconf 89' lang='lat' dir='ltr'><strong>commoda</strong></span> <span class='ocrx_word' id='word_1_393' title='bbox 1050 3226 1109 3276; x_wconf 86' lang='lat' dir='ltr'><strong>et</strong></span> <span class='ocrx_word' id='word_1_394' title='bbox 1151 3216 1338 3275; x_wconf 84' lang='lat' dir='ltr'><strong>facilis</strong></span> <span class='ocrx_word' id='word_1_395' title='bbox 1364 3217 1596 3276; x_wconf 86' lang='lat' dir='ltr'><strong>videtur</strong></span> <span class='ocrx_word' id='word_1_396' title='bbox 1638 3218 2056 3276; x_wconf 81' lang='lat' dir='ltr'><strong>conciliationis</strong></span> <span class='ocrx_word' id='word_1_397' title='bbox 2097 3219 2262 3277; x_wconf 86' lang='lat' dir='ltr'><strong>ratio.</strong></span> <span class='ocrx_word' id='word_1_398' title='bbox 2348 3217 2613 3294; x_wconf 86' lang='lat' dir='ltr'><strong>Denique</strong></span> <span class='ocrx_word' id='word_1_399' title='bbox 2659 3226 2794 3276; x_wconf 88' lang='lat' dir='ltr'><strong>sunt</strong></span> <span class='ocrx_word' id='word_1_400' title='bbox 2833 3218 2932 3294; x_wconf 88' lang='lat' dir='ltr'><strong>qui</strong></span> 
     </span>
     <span class='ocr_line' id='line_1_37' title="bbox 530 3293 2931 3373; baseline 0.001 -23"><span class='ocrx_word' id='word_1_401' title='bbox 530 3293 802 3352; x_wconf 89' lang='lat' dir='ltr'><strong>mendum</strong></span> <span class='ocrx_word' id='word_1_402' title='bbox 831 3294 1035 3353; x_wconf 88' lang='lat' dir='ltr'><strong>volunt</strong></span> <span class='ocrx_word' id='word_1_403' title='bbox 1062 3315 1189 3354; x_wconf 89' lang='lat' dir='ltr'><strong>esse</strong></span> <span class='ocrx_word' id='word_1_404' title='bbox 1216 3295 1277 3352; x_wconf 90' lang='lat' dir='ltr'><strong>in</strong></span> <span class='ocrx_word' id='word_1_405' title='bbox 1304 3297 1636 3355; x_wconf 84' lang='lat' dir='ltr'><strong>recensione</strong></span> <span class='ocrx_word' id='word_1_406' title='bbox 1665 3317 1943 3355; x_wconf 88' lang='lat' dir='ltr'><strong>annorum</strong></span> <span class='ocrx_word' id='word_1_407' title='bbox 1972 3297 2109 3356; x_wconf 81' lang='lat' dir='ltr'><strong>vitae</strong></span> <span class='ocrx_word' id='word_1_408' title='bbox 2136 3297 2358 3372; x_wconf 78' lang='lat' dir='ltr'><strong>Tharsa,</strong></span> <span class='ocrx_word' id='word_1_409' title='bbox 2391 3317 2520 3373; x_wconf 76' lang='lat' dir='ltr'><strong>quse</strong></span> <span class='ocrx_word' id='word_1_410' title='bbox 2561 3316 2676 3354; x_wconf 91' lang='lat' dir='ltr'><strong>non</strong></span> <span class='ocrx_word' id='word_1_411' title='bbox 2703 3305 2931 3373; x_wconf 88' lang='lat' dir='ltr'><strong>proten-</strong></span> 
     </span>
     <span class='ocr_line' id='line_1_38' title="bbox 530 3371 2934 3452; baseline 0.002 -23"><span class='ocrx_word' id='word_1_412' title='bbox 530 3371 722 3430; x_wconf 87' lang='lat' dir='ltr'><strong>denda</strong></span> <span class='ocrx_word' id='word_1_413' title='bbox 749 3373 825 3431; x_wconf 89' lang='lat' dir='ltr'><strong>sit</strong></span> <span class='ocrx_word' id='word_1_414' title='bbox 850 3391 1034 3449; x_wconf 88' lang='lat' dir='ltr'><strong>usque</strong></span> <span class='ocrx_word' id='word_1_415' title='bbox 1062 3374 1137 3433; x_wconf 89' lang='lat' dir='ltr'><strong>ad</strong></span> <span class='ocrx_word' id='word_1_416' title='bbox 1163 3394 1256 3433; x_wconf 85' lang='lat' dir='ltr'><strong>an.</strong></span> <span class='ocrx_word' id='word_1_417' title='bbox 1284 3378 1422 3449; x_wconf 78' lang='grc'>205,</span> <span class='ocrx_word' id='word_1_418' title='bbox 1454 3376 1558 3433; x_wconf 89' lang='lat' dir='ltr'><strong>sed</strong></span> <span class='ocrx_word' id='word_1_419' title='bbox 1584 3385 1809 3434; x_wconf 89' lang='lat' dir='ltr'><strong>tantum</strong></span> <span class='ocrx_word' id='word_1_420' title='bbox 1837 3375 1912 3434; x_wconf 89' lang='lat' dir='ltr'><strong>ad</strong></span> <span class='ocrx_word' id='word_1_421' title='bbox 1939 3396 2030 3434; x_wconf 90' lang='lat' dir='ltr'><strong>an.</strong></span> <span class='ocrx_word' id='word_1_422' title='bbox 2057 3379 2186 3452; x_wconf 87' lang='lat'><strong>145,</strong></span> <span class='ocrx_word' id='word_1_423' title='bbox 2219 3384 2284 3435; x_wconf 93' lang='lat' dir='ltr'><strong>ut</strong></span> <span class='ocrx_word' id='word_1_424' title='bbox 2309 3376 2486 3435; x_wconf 89' lang='lat' dir='ltr'><strong>habet</strong></span> <span class='ocrx_word' id='word_1_425' title='bbox 2509 3375 2934 3434; x_wconf 88' lang='lat' dir='ltr'><strong>Pentateuchus</strong></span> 
     </span>
     <span class='ocr_line' id='line_1_39' title="bbox 534 3451 2936 3533; baseline 0.001 -23"><span class='ocrx_word' id='word_1_426' title='bbox 534 3451 927 3511; x_wconf 81' lang='lat' dir='ltr'><strong>Samaritanus</strong></span> <span class='ocrx_word' id='word_1_427' title='bbox 964 3453 1121 3530; x_wconf 88' lang='lat' dir='ltr'><strong>quod</strong></span> <span class='ocrx_word' id='word_1_428' title='bbox 1163 3455 1368 3514; x_wconf 78' lang='lat' dir='ltr'><strong>Euseb.</strong></span> <span class='ocrx_word' id='word_1_429' title='bbox 1398 3455 1457 3512; x_wconf 80' lang='lat' dir='ltr'><strong>in</strong></span> <span class='ocrx_word' id='word_1_430' title='bbox 1488 3455 1720 3514; x_wconf 66' lang='lat' dir='ltr'><strong>Clu-oni.</strong></span> <span class='ocrx_word' id='word_1_431' title='bbox 1755 3454 1954 3514; x_wconf 77' lang='lat' dir='ltr'><strong>Canon</strong></span> <span class='ocrx_word' id='word_1_432' title='bbox 1993 3475 2166 3531; x_wconf 71' lang='lat' dir='ltr'><strong>qroec.</strong></span> <span class='ocrx_word' id='word_1_433' title='bbox 2211 3455 2274 3513; x_wconf 90' lang='lat' dir='ltr'><strong>li.</strong></span> <span class='ocrx_word' id='word_1_434' title='bbox 2309 3458 2358 3531; x_wconf 93' lang='lat'><strong>1,</strong></span> <span class='ocrx_word' id='word_1_435' title='bbox 2405 3474 2462 3533; x_wconf 86' lang='lat' dir='ltr'><strong>p.</strong></span> <span class='ocrx_word' id='word_1_436' title='bbox 2496 3457 2587 3527; x_wconf 91' lang='lat'><strong>10,</strong></span> <span class='ocrx_word' id='word_1_437' title='bbox 2635 3455 2936 3513; x_wconf 84' lang='lat' dir='ltr'><strong>annotavit</strong></span> 
     </span>
    </p>
   </div>
   <div class='ocr_carea' id='block_1_5' title="bbox 528 3551 2938 3647">
    <p class='ocr_par' dir='ltr' id='par_1_5' title="bbox 528 3551 2938 3647">
     <span class='ocr_line' id='line_1_40' title="bbox 528 3551 2938 3647; baseline 0.001 -26"><span class='ocrx_word' id='word_1_438' title='bbox 528 3568 669 3622; x_wconf 65' lang='grc' dir='ltr'><strong>κατὰ</strong></span> <span class='ocrx_word' id='word_1_439' title='bbox 695 3570 749 3622; x_wconf 71' lang='grc' dir='ltr'><strong>τὶ</strong></span> <span class='ocrx_word' id='word_1_440' title='bbox 783 3570 1073 3646; x_wconf 68' lang='grc' dir='ltr'><strong>Σιμαςικὶν</strong></span> <span class='ocrx_word' id='word_1_441' title='bbox 1091 3563 1372 3646; x_wconf 66' lang='grc' dir='ltr'><strong>Ἐβςαικὶι,</strong></span> <span class='ocrx_word' id='word_1_442' title='bbox 1398 3571 1577 3647; x_wconf 66' lang='grc' dir='ltr'><strong><em>Θειρῥω</em></strong></span> <span class='ocrx_word' id='word_1_443' title='bbox 1602 3567 1846 3644; x_wconf 70' lang='grc' dir='ltr'><strong>γυᾶμυος</strong></span> <span class='ocrx_word' id='word_1_444' title='bbox 1877 3568 1986 3626; x_wconf 67' lang='grc' dir='ltr'><strong>ὅταν</strong></span> <span class='ocrx_word' id='word_1_445' title='bbox 2013 3551 2196 3638; x_wconf 55' lang='grc' dir='ltr'><strong>ῖγιηῖ</strong></span> <span class='ocrx_word' id='word_1_446' title='bbox 2223 3573 2301 3625; x_wconf 67' lang='grc' dir='ltr'><strong>τὸν</strong></span> <span class='ocrx_word' id='word_1_447' title='bbox 2326 3571 2572 3647; x_wconf 65' lang='grc' dir='ltr'><strong>Αβςσιιὶμ,</strong></span> <span class='ocrx_word' id='word_1_448' title='bbox 2601 3569 2691 3623; x_wconf 63' lang='grc' dir='ltr'><strong>καὶ</strong></span> <span class='ocrx_word' id='word_1_449' title='bbox 2717 3563 2938 3642; x_wconf 63' lang='grc' dir='ltr'><strong>ἔτι-ἔζησεν</strong></span> 
     </span>
    </p>
   </div>
   <div class='ocr_carea' id='block_1_6' title="bbox 526 3661 2942 4785">
    <p class='ocr_par' dir='ltr' id='par_1_6' title="bbox 526 3661 2942 4785">
     <span class='ocr_line' id='line_1_41' title="bbox 528 3661 2940 3759; baseline 0.002 -26"><span class='ocrx_word' id='word_1_450' title='bbox 528 3673 607 3741; x_wconf 64' lang='grc' dir='ltr'><strong>ἔπι</strong></span> <span class='ocrx_word' id='word_1_451' title='bbox 634 3661 677 3734; x_wconf 57' lang='lat' dir='ltr'><strong>:a</strong></span> <span class='ocrx_word' id='word_1_452' title='bbox 700 3676 878 3757; x_wconf 67' lang='grc' dir='ltr'><strong>μίχςις</strong></span> <span class='ocrx_word' id='word_1_453' title='bbox 919 3701 963 3734; x_wconf 74' lang='grc' dir='ltr'><strong>οι</strong></span> <span class='ocrx_word' id='word_1_454' title='bbox 1000 3675 1133 3743; x_wconf 69' lang='grc' dir='ltr'><strong><em>ῗτους</em></strong></span> <span class='ocrx_word' id='word_1_455' title='bbox 1160 3681 1409 3759; x_wconf 67' lang='grc' dir='ltr'><strong>Αβςαιὶμ,</strong></span> <span class='ocrx_word' id='word_1_456' title='bbox 1445 3681 1642 3738; x_wconf 67' lang='lat' dir='ltr'><strong>Tlcara</strong></span> <span class='ocrx_word' id='word_1_457' title='bbox 1669 3689 1836 3738; x_wconf 74' lang='lat' dir='ltr'><strong>natus</strong></span> <span class='ocrx_word' id='word_1_458' title='bbox 1876 3700 2056 3738; x_wconf 81' lang='lat' dir='ltr'><strong>annos</strong></span> <span class='ocrx_word' id='word_1_459' title='bbox 2083 3682 2178 3753; x_wconf 92' lang='grc'><strong>70,</strong></span> <span class='ocrx_word' id='word_1_460' title='bbox 2205 3680 2400 3755; x_wconf 61' lang='lat' dir='ltr'><strong>genuit</strong></span> <span class='ocrx_word' id='word_1_461' title='bbox 2435 3680 2840 3754; x_wconf 76' lang='lat' dir='ltr'><strong>Abrahamum,</strong></span> <span class='ocrx_word' id='word_1_462' title='bbox 2885 3689 2940 3737; x_wconf 82' lang='lat' dir='ltr'><strong>et</strong></span> 
     </span>
     <span class='ocr_line' id='line_1_42' title="bbox 528 3756 2934 3834; baseline 0.001 -21"><span class='ocrx_word' id='word_1_463' title='bbox 528 3756 671 3813; x_wconf 64' lang='lat' dir='ltr'><strong>viz-it</strong></span> <span class='ocrx_word' id='word_1_464' title='bbox 694 3777 873 3815; x_wconf 80' lang='lat' dir='ltr'><strong>annos</strong></span> <span class='ocrx_word' id='word_1_465' title='bbox 903 3759 996 3832; x_wconf 89' lang='grc'>75,</span> <span class='ocrx_word' id='word_1_466' title='bbox 1027 3777 1199 3833; x_wconf 79' lang='lat' dir='ltr'><strong>usque</strong></span> <span class='ocrx_word' id='word_1_467' title='bbox 1225 3761 1310 3817; x_wconf 84' lang='lat' dir='ltr'><strong>ad</strong></span> <span class='ocrx_word' id='word_1_468' title='bbox 1348 3761 1424 3816; x_wconf 89' lang='grc'><strong>75</strong></span> <span class='ocrx_word' id='word_1_469' title='bbox 1453 3779 1666 3817; x_wconf 77' lang='lat' dir='ltr'><strong>annum</strong></span> <span class='ocrx_word' id='word_1_470' title='bbox 1692 3759 2024 3817; x_wconf 71' lang='lat' dir='ltr'><strong>Abrahami.</strong></span> <span class='ocrx_word' id='word_1_471' title='bbox 2110 3759 2378 3816; x_wconf 87' lang='lat' dir='ltr'><strong>Errorem</strong></span> <span class='ocrx_word' id='word_1_472' title='bbox 2413 3767 2605 3816; x_wconf 87' lang='lat' dir='ltr'><strong>autem</strong></span> <span class='ocrx_word' id='word_1_473' title='bbox 2634 3759 2934 3834; x_wconf 79' lang='lat' dir='ltr'><strong>vulgarem</strong></span> 
     </span>
     <span class='ocr_line' id='line_1_43' title="bbox 528 3835 2938 3914; baseline -0.001 -22"><span class='ocrx_word' id='word_1_474' title='bbox 528 3835 847 3910; x_wconf 88' lang='lat' dir='ltr'><strong>conjiciunt</strong></span> <span class='ocrx_word' id='word_1_475' title='bbox 873 3855 948 3894; x_wconf 85' lang='lat' dir='ltr'><strong>ex</strong></span> <span class='ocrx_word' id='word_1_476' title='bbox 974 3854 1043 3894; x_wconf 93' lang='lat' dir='ltr'><strong>eo</strong></span> <span class='ocrx_word' id='word_1_477' title='bbox 1074 3836 1241 3895; x_wconf 85' lang='lat' dir='ltr'><strong>facile</strong></span> <span class='ocrx_word' id='word_1_478' title='bbox 1271 3837 1406 3895; x_wconf 85' lang='lat' dir='ltr'><strong>oriri</strong></span> <span class='ocrx_word' id='word_1_479' title='bbox 1431 3839 1704 3914; x_wconf 86' lang='lat' dir='ltr'><strong>potuisse,</strong></span> <span class='ocrx_word' id='word_1_480' title='bbox 1735 3838 1892 3913; x_wconf 91' lang='lat' dir='ltr'><strong>quod</strong></span> <span class='ocrx_word' id='word_1_481' title='bbox 1921 3838 2306 3914; x_wconf 87' lang='lat' dir='ltr'><strong>computando</strong></span> <span class='ocrx_word' id='word_1_482' title='bbox 2333 3857 2437 3914; x_wconf 86' lang='lat' dir='ltr'><strong>per</strong></span> <span class='ocrx_word' id='word_1_483' title='bbox 2461 3837 2674 3911; x_wconf 86' lang='lat' dir='ltr'><strong>literas,</strong></span> <span class='ocrx_word' id='word_1_484' title='bbox 2709 3837 2877 3895; x_wconf 87' lang='lat' dir='ltr'><strong>litera</strong></span> <span class='ocrx_word' id='word_1_485' title='bbox 2903 3855 2938 3890; x_wconf 67' lang='lat' dir='ltr'><strong>n</strong></span> 
     </span>
     <span class='ocr_line' id='line_1_44' title="bbox 530 3913 2942 3992; baseline 0.003 -25"><span class='ocrx_word' id='word_1_486' title='bbox 530 3931 661 3986; x_wconf 80' lang='lat' dir='ltr'><strong>quse</strong></span> <span class='ocrx_word' id='word_1_487' title='bbox 687 3913 843 3970; x_wconf 87' lang='lat' dir='ltr'><strong>valet</strong></span> <span class='ocrx_word' id='word_1_488' title='bbox 869 3915 965 3987; x_wconf 86' lang='lat'><strong>40,</strong></span> <span class='ocrx_word' id='word_1_489' title='bbox 994 3923 1216 3972; x_wconf 88' lang='lat' dir='ltr'><strong>mutata</strong></span> <span class='ocrx_word' id='word_1_490' title='bbox 1252 3916 1330 3974; x_wconf 90' lang='lat' dir='ltr'><strong>sit</strong></span> <span class='ocrx_word' id='word_1_491' title='bbox 1354 3916 1416 3973; x_wconf 90' lang='lat' dir='ltr'><strong>in</strong></span> <span class='ocrx_word' id='word_1_492' title='bbox 1446 3935 1475 3987; x_wconf 72' lang='grc' dir='ltr'><strong>ρ</strong></span> <span class='ocrx_word' id='word_1_493' title='bbox 1504 3937 1633 3992; x_wconf 82' lang='lat' dir='ltr'><strong>quae</strong></span> <span class='ocrx_word' id='word_1_494' title='bbox 1663 3925 1824 3976; x_wconf 88' lang='lat' dir='ltr'><strong>notat</strong></span> <span class='ocrx_word' id='word_1_495' title='bbox 1851 3926 2099 3991; x_wconf 83' lang='lat' dir='ltr'><strong>centum,</strong></span> <span class='ocrx_word' id='word_1_496' title='bbox 2119 3917 2273 3975; x_wconf 92' lang='lat' dir='ltr'><strong>unde</strong></span> <span class='ocrx_word' id='word_1_497' title='bbox 2303 3916 2609 3974; x_wconf 84' lang='lat' dir='ltr'><strong>discrimen</strong></span> <span class='ocrx_word' id='word_1_498' title='bbox 2637 3917 2942 3991; x_wconf 83' lang='lat' dir='ltr'><strong>sexaginta</strong></span> 
     </span>
     <span class='ocr_line' id='line_1_45' title="bbox 531 3993 2935 4055; baseline 0.002 -9"><span class='ocrx_word' id='word_1_499' title='bbox 531 4007 809 4048; x_wconf 88' lang='lat' dir='ltr'><strong>annorum</strong></span> <span class='ocrx_word' id='word_1_500' title='bbox 838 3999 1027 4048; x_wconf 84' lang='lat' dir='ltr'><strong>ortum</strong></span> <span class='ocrx_word' id='word_1_501' title='bbox 1054 3993 1147 4050; x_wconf 86' lang='lat' dir='ltr'><strong>sit.</strong></span> <span class='ocrx_word' id='word_1_502' title='bbox 1231 3995 1450 4052; x_wconf 88' lang='lat' dir='ltr'><strong>Verum</strong></span> <span class='ocrx_word' id='word_1_503' title='bbox 1486 4015 1615 4052; x_wconf 89' lang='lat' dir='ltr'><strong>cum</strong></span> <span class='ocrx_word' id='word_1_504' title='bbox 1659 3997 1978 4054; x_wconf 85' lang='lat' dir='ltr'><strong>communis</strong></span> <span class='ocrx_word' id='word_1_505' title='bbox 2023 3995 2101 4054; x_wconf 89' lang='lat' dir='ltr'><strong>sit</strong></span> <span class='ocrx_word' id='word_1_506' title='bbox 2126 3995 2172 4055; x_wconf 87' lang='lat' dir='ltr'>J</span> <span class='ocrx_word' id='word_1_507' title='bbox 2174 3995 2468 4054; x_wconf 80' lang='lat' dir='ltr'><strong>udaeorum</strong></span> <span class='ocrx_word' id='word_1_508' title='bbox 2495 4005 2556 4054; x_wconf 88' lang='lat' dir='ltr'><strong>et</strong></span> <span class='ocrx_word' id='word_1_509' title='bbox 2583 3995 2935 4053; x_wconf 85' lang='lat' dir='ltr'><strong>Christiano·</strong></span> 
     </span>
     <span class='ocr_line' id='line_1_46' title="bbox 531 4069 2936 4150; baseline 0.002 -24"><span class='ocrx_word' id='word_1_510' title='bbox 531 4087 660 4126; x_wconf 89' lang='lat' dir='ltr'><strong>rum</strong></span> <span class='ocrx_word' id='word_1_511' title='bbox 704 4069 1004 4142; x_wconf 87' lang='lat' dir='ltr'><strong>sententia,</strong></span> <span class='ocrx_word' id='word_1_512' title='bbox 1052 4070 1237 4128; x_wconf 88' lang='lat' dir='ltr'><strong>solum</strong></span> <span class='ocrx_word' id='word_1_513' title='bbox 1267 4072 1722 4131; x_wconf 88' lang='lat' dir='ltr'><strong>Pentateuchum</strong></span> <span class='ocrx_word' id='word_1_514' title='bbox 1762 4074 2136 4150; x_wconf 76' lang='lat' dir='ltr'><strong>Hebraicum,</strong></span> <span class='ocrx_word' id='word_1_515' title='bbox 2182 4094 2299 4132; x_wconf 89' lang='lat' dir='ltr'><strong>non</strong></span> <span class='ocrx_word' id='word_1_516' title='bbox 2327 4095 2467 4133; x_wconf 89' lang='lat' dir='ltr'><strong>vero</strong></span> <span class='ocrx_word' id='word_1_517' title='bbox 2516 4073 2936 4133; x_wconf 87' lang='lat' dir='ltr'><strong>Samaritanum</strong></span> 
     </span>
     <span class='ocr_line' id='line_1_47' title="bbox 532 4147 2882 4230; baseline 0.003 -26"><span class='ocrx_word' id='word_1_518' title='bbox 532 4165 661 4205; x_wconf 86' lang='lat' dir='ltr'><strong>esse</strong></span> <span class='ocrx_word' id='word_1_519' title='bbox 691 4147 1099 4222; x_wconf 85' lang='lat' dir='ltr'><strong>authenticum,</strong></span> <span class='ocrx_word' id='word_1_520' title='bbox 1129 4167 1245 4207; x_wconf 90' lang='lat' dir='ltr'><strong>non</strong></span> <span class='ocrx_word' id='word_1_521' title='bbox 1272 4149 1439 4208; x_wconf 87' lang='lat' dir='ltr'><strong>facile</strong></span> <span class='ocrx_word' id='word_1_522' title='bbox 1468 4151 1598 4226; x_wconf 87' lang='lat' dir='ltr'><strong>quis</strong></span> <span class='ocrx_word' id='word_1_523' title='bbox 1626 4151 1840 4210; x_wconf 85' lang='lat' dir='ltr'><strong>dixerit</strong></span> <span class='ocrx_word' id='word_1_524' title='bbox 1869 4153 2032 4211; x_wconf 88' lang='grc'>11111111</span> <span class='ocrx_word' id='word_1_525' title='bbox 2061 4174 2136 4212; x_wconf 86' lang='lat' dir='ltr'><strong>ex</strong></span> <span class='ocrx_word' id='word_1_526' title='bbox 2163 4154 2276 4212; x_wconf 85' lang='lat' dir='ltr'><strong>isto</strong></span> <span class='ocrx_word' id='word_1_527' title='bbox 2306 4153 2709 4230; x_wconf 86' lang='lat' dir='ltr'><strong>corrigendum</strong></span> <span class='ocrx_word' id='word_1_528' title='bbox 2737 4172 2882 4210; x_wconf 88' lang='lat' dir='ltr'><strong>esse.</strong></span> 
     </span>
     <span class='ocr_line' id='line_1_48' title="bbox 614 4225 2936 4308; baseline 0.003 -26"><span class='ocrx_word' id='word_1_529' title='bbox 614 4225 840 4283; x_wconf 88' lang='lat' dir='ltr'>XXX.</span> <span class='ocrx_word' id='word_1_530' title='bbox 890 4226 953 4284; x_wconf 89' lang='lat' dir='ltr'><strong>Si</strong></span> <span class='ocrx_word' id='word_1_531' title='bbox 989 4235 1277 4303; x_wconf 70' lang='lat' dir='ltr'><strong>quaeratur</strong></span> <span class='ocrx_word' id='word_1_532' title='bbox 1304 4228 1592 4304; x_wconf 91' lang='lat' dir='ltr'><strong>quomodo</strong></span> <span class='ocrx_word' id='word_1_533' title='bbox 1627 4231 1809 4304; x_wconf 82' lang='grc'>100118,</span> <span class='ocrx_word' id='word_1_534' title='bbox 1835 4231 1985 4290; x_wconf 88' lang='lat' dir='ltr'><strong>Gen.</strong></span> <span class='ocrx_word' id='word_1_535' title='bbox 2017 4233 2160 4291; x_wconf 83' lang='lat' dir='ltr'><strong>xlvi.</strong></span> <span class='ocrx_word' id='word_1_536' title='bbox 2190 4236 2285 4308; x_wconf 83' lang='lat'><strong>27,</strong></span> <span class='ocrx_word' id='word_1_537' title='bbox 2325 4233 2426 4290; x_wconf 86' lang='lat' dir='ltr'><strong>ubi</strong></span> <span class='ocrx_word' id='word_1_538' title='bbox 2453 4233 2809 4308; x_wconf 63' lang='lat' dir='ltr'><strong>septuaginta</strong></span> <span class='ocrx_word' id='word_1_539' title='bbox 2848 4232 2936 4288; x_wconf 87' lang='lat' dir='ltr'><strong>Is-</strong></span> 
     </span>
     <span class='ocr_line' id='line_1_49' title="bbox 534 4303 2936 4386; baseline 0.002 -24"><span class='ocrx_word' id='word_1_540' title='bbox 534 4304 749 4362; x_wconf 72' lang='lat' dir='ltr'><strong>rae‘litae</strong></span> <span class='ocrx_word' id='word_1_541' title='bbox 789 4303 851 4360; x_wconf 90' lang='lat' dir='ltr'><strong>in</strong></span> <span class='ocrx_word' id='word_1_542' title='bbox 879 4305 1207 4382; x_wconf 87' lang='lat' dir='ltr'><strong>AEgyptum</strong></span> <span class='ocrx_word' id='word_1_543' title='bbox 1238 4306 1605 4366; x_wconf 83' lang='lat' dir='ltr'><strong>descendisse</strong></span> <span class='ocrx_word' id='word_1_544' title='bbox 1644 4308 1932 4384; x_wconf 88' lang='lat' dir='ltr'><strong>dicuntur,</strong></span> <span class='ocrx_word' id='word_1_545' title='bbox 1978 4331 2110 4370; x_wconf 90' lang='lat' dir='ltr'><strong>cum</strong></span> <span class='ocrx_word' id='word_1_546' title='bbox 2145 4312 2281 4370; x_wconf 92' lang='lat' dir='ltr'><strong>Act.</strong></span> <span class='ocrx_word' id='word_1_547' title='bbox 2312 4311 2412 4370; x_wconf 89' lang='lat' dir='ltr'><strong>vii.</strong></span> <span class='ocrx_word' id='word_1_548' title='bbox 2447 4315 2538 4386; x_wconf 88' lang='lat'><strong>14,</strong></span> <span class='ocrx_word' id='word_1_549' title='bbox 2570 4311 2673 4370; x_wconf 88' lang='lat' dir='ltr'><strong>ubi</strong></span> <span class='ocrx_word' id='word_1_550' title='bbox 2712 4319 2936 4386; x_wconf 79' lang='lat' dir='ltr'><strong>septua-</strong></span> 
     </span>
     <span class='ocr_line' id='line_1_50' title="bbox 526 4383 2937 4468; baseline 0.002 -28"><span class='ocrx_word' id='word_1_551' title='bbox 526 4383 689 4459; x_wconf 76' lang='lat' dir='ltr'><strong>9inta</strong></span> <span class='ocrx_word' id='word_1_552' title='bbox 718 4383 959 4458; x_wconf 77' lang='lat' dir='ltr'><strong>quinque</strong></span> <span class='ocrx_word' id='word_1_553' title='bbox 1000 4394 1387 4461; x_wconf 86' lang='lat' dir='ltr'><strong>numerantur,</strong></span> <span class='ocrx_word' id='word_1_554' title='bbox 1420 4387 1713 4445; x_wconf 83' lang='lat' dir='ltr'><strong>conciliari</strong></span> <span class='ocrx_word' id='word_1_555' title='bbox 1759 4390 1959 4466; x_wconf 83' lang='lat' dir='ltr'><strong>possit,</strong></span> <span class='ocrx_word' id='word_1_556' title='bbox 1991 4390 2376 4450; x_wconf 86' lang='lat' dir='ltr'><strong>diversimode</strong></span> <span class='ocrx_word' id='word_1_557' title='bbox 2421 4389 2832 4468; x_wconf 83' lang='lat' dir='ltr'><strong>respondetur3</strong></span> <span class='ocrx_word' id='word_1_558' title='bbox 2885 4392 2937 4447; x_wconf 93' lang='lat' dir='ltr'><strong>l.</strong></span> 
     </span>
     <span class='ocr_line' id='line_1_51' title="bbox 534 4461 2936 4547; baseline 0.002 -26"><span class='ocrx_word' id='word_1_559' title='bbox 534 4461 782 4537; x_wconf 84' lang='lat' dir='ltr'><strong>Quidam</strong></span> <span class='ocrx_word' id='word_1_560' title='bbox 823 4463 1040 4521; x_wconf 89' lang='lat' dir='ltr'><strong>nullam</strong></span> <span class='ocrx_word' id='word_1_561' title='bbox 1077 4483 1204 4522; x_wconf 89' lang='lat' dir='ltr'><strong>esse</strong></span> <span class='ocrx_word' id='word_1_562' title='bbox 1248 4464 1688 4543; x_wconf 84' lang='lat' dir='ltr'><strong>discrepantiam</strong></span> <span class='ocrx_word' id='word_1_563' title='bbox 1727 4468 1949 4540; x_wconf 66' lang='lat' dir='ltr'><strong>volunt,</strong></span> <span class='ocrx_word' id='word_1_564' title='bbox 1986 4470 2124 4547; x_wconf 88' lang='lat' dir='ltr'><strong>quia</strong></span> <span class='ocrx_word' id='word_1_565' title='bbox 2158 4470 2288 4529; x_wconf 86' lang='lat' dir='ltr'><strong>loca</strong></span> <span class='ocrx_word' id='word_1_566' title='bbox 2312 4489 2430 4529; x_wconf 91' lang='lat' dir='ltr'><strong>non</strong></span> <span class='ocrx_word' id='word_1_567' title='bbox 2471 4469 2588 4528; x_wconf 90' lang='lat' dir='ltr'><strong>sint</strong></span> <span class='ocrx_word' id='word_1_568' title='bbox 2627 4468 2936 4546; x_wconf 81' lang='lat' dir='ltr'><strong>parallela3</strong></span> 
     </span>
     <span class='ocr_line' id='line_1_52' title="bbox 534 4541 2936 4626; baseline 0.002 -26"><span class='ocrx_word' id='word_1_569' title='bbox 534 4543 762 4600; x_wconf 89' lang='lat' dir='ltr'><strong>Mosem</strong></span> <span class='ocrx_word' id='word_1_570' title='bbox 782 4541 1003 4602; x_wconf 89' lang='lat' dir='ltr'><strong>scilicet</strong></span> <span class='ocrx_word' id='word_1_571' title='bbox 1022 4543 1321 4603; x_wconf 85' lang='lat' dir='ltr'><strong>instituere</strong></span> <span class='ocrx_word' id='word_1_572' title='bbox 1343 4545 1740 4623; x_wconf 87' lang='lat' dir='ltr'><strong>genealogiam</strong></span> <span class='ocrx_word' id='word_1_573' title='bbox 1760 4549 1803 4607; x_wconf 87' lang='lat' dir='ltr'>J</span> <span class='ocrx_word' id='word_1_574' title='bbox 1805 4549 1988 4624; x_wconf 89' lang='lat' dir='ltr'><strong>acobi,</strong></span> <span class='ocrx_word' id='word_1_575' title='bbox 2021 4545 2162 4608; x_wconf 64' lang='lat' dir='ltr'><strong>sive*</strong></span> <span class='ocrx_word' id='word_1_576' title='bbox 2173 4550 2500 4626; x_wconf 84' lang='lat' dir='ltr'><strong>catalogum</strong></span> <span class='ocrx_word' id='word_1_577' title='bbox 2525 4551 2776 4608; x_wconf 87' lang='lat' dir='ltr'><strong>solorum</strong></span> <span class='ocrx_word' id='word_1_578' title='bbox 2806 4568 2936 4625; x_wconf 86' lang='lat' dir='ltr'><strong>pos-</strong></span> 
     </span>
     <span class='ocr_line' id='line_1_53' title="bbox 532 4622 2937 4705; baseline 0.002 -25"><span class='ocrx_word' id='word_1_579' title='bbox 532 4629 801 4697; x_wconf 87' lang='lat' dir='ltr'><strong>terorum,</strong></span> <span class='ocrx_word' id='word_1_580' title='bbox 833 4622 935 4700; x_wconf 89' lang='lat' dir='ltr'><strong>qui</strong></span> <span class='ocrx_word' id='word_1_581' title='bbox 962 4643 1037 4680; x_wconf 86' lang='lat' dir='ltr'><strong>ex</strong></span> <span class='ocrx_word' id='word_1_582' title='bbox 1078 4623 1207 4700; x_wconf 87' lang='lat' dir='ltr'><strong>ejus</strong></span> <span class='ocrx_word' id='word_1_583' title='bbox 1248 4623 1461 4684; x_wconf 85' lang='lat' dir='ltr'><strong>femore</strong></span> <span class='ocrx_word' id='word_1_584' title='bbox 1490 4626 1709 4701; x_wconf 87' lang='lat' dir='ltr'><strong>egressi</strong></span> <span class='ocrx_word' id='word_1_585' title='bbox 1739 4637 1918 4702; x_wconf 89' lang='lat' dir='ltr'><strong>erant,</strong></span> <span class='ocrx_word' id='word_1_586' title='bbox 1965 4639 2024 4687; x_wconf 89' lang='lat' dir='ltr'><strong>et</strong></span> <span class='ocrx_word' id='word_1_587' title='bbox 2065 4629 2310 4705; x_wconf 88' lang='lat' dir='ltr'><strong>ingressi</strong></span> <span class='ocrx_word' id='word_1_588' title='bbox 2353 4630 2414 4686; x_wconf 91' lang='lat' dir='ltr'><strong>in</strong></span> <span class='ocrx_word' id='word_1_589' title='bbox 2443 4629 2775 4705; x_wconf 86' lang='lat' dir='ltr'><strong>AEgyptum</strong></span> <span class='ocrx_word' id='word_1_590' title='bbox 2805 4647 2937 4685; x_wconf 89' lang='lat' dir='ltr'><strong>cum</strong></span> 
     </span>
     <span class='ocr_line' id='line_1_54' title="bbox 532 4701 2938 4785; baseline 0.002 -26"><span class='ocrx_word' id='word_1_591' title='bbox 532 4719 618 4776; x_wconf 91' lang='lat' dir='ltr'><strong>e0,</strong></span> <span class='ocrx_word' id='word_1_592' title='bbox 650 4703 908 4780; x_wconf 85' lang='lat' dir='ltr'><strong>exceptis</strong></span> <span class='ocrx_word' id='word_1_593' title='bbox 944 4701 1224 4764; x_wconf 77' lang='lat' dir='ltr'><strong>uxoribus</strong></span> <span class='ocrx_word' id='word_1_594' title='bbox 1268 4703 1554 4782; x_wconf 84' lang='lat' dir='ltr'><strong>filiorum;</strong></span> <span class='ocrx_word' id='word_1_595' title='bbox 1600 4715 1660 4764; x_wconf 89' lang='lat' dir='ltr'><strong>et</strong></span> <span class='ocrx_word' id='word_1_596' title='bbox 1699 4707 1781 4766; x_wconf 89' lang='lat' dir='ltr'><strong>sic</strong></span> <span class='ocrx_word' id='word_1_597' title='bbox 1809 4708 2080 4767; x_wconf 84' lang='lat' dir='ltr'><strong>dicuntur</strong></span> <span class='ocrx_word' id='word_1_598' title='bbox 2105 4709 2282 4767; x_wconf 88' lang='lat' dir='ltr'><strong>fuisse</strong></span> <span class='ocrx_word' id='word_1_599' title='bbox 2326 4711 2420 4785; x_wconf 88' lang='grc'>66,</span> <span class='ocrx_word' id='word_1_600' title='bbox 2465 4727 2523 4766; x_wconf 91' lang='lat' dir='ltr'><strong>v.</strong></span> <span class='ocrx_word' id='word_1_601' title='bbox 2555 4711 2649 4782; x_wconf 83' lang='lat'><strong>26,</strong></span> <span class='ocrx_word' id='word_1_602' title='bbox 2695 4709 2796 4784; x_wconf 90' lang='lat' dir='ltr'><strong>qui</strong></span> <span class='ocrx_word' id='word_1_603' title='bbox 2833 4726 2938 4764; x_wconf 85' lang='lat' dir='ltr'><strong>nu-</strong></span> 
     </span>
    </p>
   </div>
  </div>
 </body>
</html>
