3300 5225
382 377 608 426 QUAEST.
640 355 776 438 vin]
1231 377 1310 420 ns
1339 376 1933 418 rnaennsrmnrlonn.
2672 361 2789 420 299

381 519 464 578 tio
494 535 646 596 saepe
673 518 906 595 ponitur
931 538 1036 596 pro
1079 517 1386 578 dilectione
1435 527 1494 578 et
1537 518 1967 596 approbatione,
2020 516 2117 578 Ps.
2168 517 2205 576 i.
2259 519 2335 592 63
2380 517 2424 577 J
2427 519 2520 578 oh.
2568 540 2628 577 x.
2680 521 2790 597 143

383 604 420 658 2
451 599 601 656 Tim.
629 598 690 657 ii.
725 601 820 658 19.
905 599 1002 658 Sic
1028 599 1274 672 qudo-zur
1301 619 1416 658 non
1443 599 1616 659 modo
1643 619 1766 656 rem
1794 599 2047 676 aliquam
2076 617 2441 675 cognoscere,
2476 599 2579 656 sed
2620 608 2679 658 et
2719 600 2793 658 de

381 699 454 740 ea
479 697 826 755 cognoscere
855 687 914 738 et
931 678 1194 756 judicare
1223 679 1526 756 significat,
1557 687 1622 738 ut
1647 680 2005 738 Plebiscitum
2028 698 2147 738 non
2194 687 2285 738 est
2330 679 2519 756 plebis
2566 678 2791 754 notitia,

385 759 491 820 sed
517 761 802 834 sententia,
834 778 870 816 a
895 759 1074 818 verbo
1100 760 1286 834 setheo,
1318 760 1476 836 quod
1501 758 1809 819 decernere
1838 769 1897 818 et
1924 767 2176 818 statuere
2224 759 2554 836 significat:
2598 760 2791 834 Quum

388 859 528 917 ergo
561 839 858 917 Scriptura
883 841 1066 900 utitur
1093 859 1236 900 voce
1279 841 1590 920 πςογνόσιυς
1621 840 1683 898 in
1710 839 1973 899 doctrina
1998 839 2075 898 de
2102 839 2633 916 Praedestinatione,
2675 859 2793 898 non

385 939 512 980 eam
539 929 782 997 usurpat
807 920 988 998 priori
1015 939 1204 995 sensu,
1235 940 1342 997 pro
1368 919 1524 980 nuda
1553 920 1669 980 Dei
1693 920 2069 996 praescientia,
2116 940 2233 997 qua
2278 919 2453 979 fidem
2480 921 2581 978 vel
2618 940 2793 998 opera

381 999 680 1059 hominum
708 999 1058 1078 praeviderit,
1095 1001 1147 1060 l.
1179 1000 1316 1077 quia
1343 1001 1444 1058 illa
1478 1000 1875 1076 praecognovit
1920 1001 2094 1058 etiam
2141 1020 2289 1077 quos
2330 1001 2679 1078 reprobavit,
2730 1009 2793 1061 at

378 1081 474 1140 hic
501 1079 696 1157 agitur
721 1079 796 1139 de
822 1081 1274 1158 praecognitione
1301 1080 1502 1140 electis
1537 1080 1785 1158 propria,
1836 1084 1894 1140 2.
1940 1078 2096 1138 nuda
2138 1080 2500 1156 praescientia
2546 1101 2663 1140 non
2702 1091 2792 1142 est

379 1181 572 1220 rerum
599 1181 790 1237 causa,
821 1179 929 1220 nee
957 1161 1194 1220 modum
1221 1169 1324 1220 aut
1349 1160 1612 1220 ordinem
1637 1161 1813 1219 rebus
1840 1159 2099 1236 imponit,
2142 1159 2247 1218 sed
2293 1160 2532 1235 invenit,
2584 1171 2651 1221 ut
2694 1162 2791 1222 hic

377 1240 445 1300 fit
471 1249 665 1300 tamen
691 1241 752 1299 in
771 1241 918 1300 serie
936 1240 1155 1317 salutis,
1188 1244 1245 1300 3.
1276 1241 1414 1317 quia
1438 1241 1585 1298 nihil
1611 1239 1919 1318 praevideri
1936 1259 1971 1297 a
1988 1240 2115 1298 Deo
2132 1239 2339 1317 potuit,
2359 1241 2473 1298 nisi
2489 1242 2647 1317 quod
2664 1242 2789 1318 ipse

377 1320 618 1396 dederit,
649 1320 920 1398 quodque
947 1320 1093 1380 adeo
1121 1330 1394 1398 sequatur
1432 1329 1709 1398 tanquam
1737 1319 2004 1380 effectum
2044 1319 2631 1395 Praedestinationem,
2672 1342 2790 1380 non

377 1419 518 1458 vero
557 1401 846 1478 praecedat
885 1408 952 1459 ut
992 1420 1182 1476 causa,
1226 1408 1292 1458 ut
1333 1409 1534 1477 postea
1572 1400 1927 1478 probabitur.
2044 1398 2159 1458 Sed
2201 1399 2446 1460 sumitur
2484 1401 2790 1478 posteriori

377 1499 552 1540 sensu
578 1500 684 1557 pro
699 1481 1140 1556 prcecwmtione
1166 1482 1446 1556 practica,
1477 1481 1556 1538 id.
1587 1480 1895 1540 dilectione
1922 1487 1983 1540 et
2008 1480 2289 1538 electione
2332 1481 2462 1556 Dei,
2506 1499 2579 1539 ne
2620 1491 2787 1557 pute-

379 1579 508 1618 mus
535 1560 694 1620 illam
724 1579 850 1620 esse
878 1560 1082 1635 ἄλογοι,
1111 1561 1250 1622 licet
1274 1561 1527 1620 rationes
1555 1560 1853 1638 sapientias
1880 1559 2011 1636 ejus
2034 1580 2143 1618 nos
2184 1560 2420 1636 lateant,
2450 1577 2567 1637 quo
2616 1562 2788 1622 modo

383 1639 635 1700 Christus
679 1639 891 1700 dicitur
919 1643 1302 1721 aemma-pins
1339 1641 1715 1717 proeooyninoe
1740 1661 1781 1698 a
1808 1643 1954 1716 Deo,
1997 1639 2077 1698 id.
2107 1640 2422 1716 ordinatus,
2464 1650 2596 1700 ante
2619 1646 2791 1719 jacta

378 1721 577 1780 mundi
603 1724 1004 1797 fundamenta,
1039 1726 1068 1780 1
1103 1723 1230 1780 Pet.
1259 1722 1298 1780 i.
1330 1723 1426 1780 20.

455 1800 577 1860 ΙΧ.
623 1801 866 1874 Rursus,
895 1801 1032 1878 quia
1074 1802 1138 1860 in
1181 1800 1592 1862 benevolentia
1637 1801 1741 1859 illa
1784 1800 1899 1858 Dei
1932 1806 1992 1858 et
2036 1799 2487 1893 praecognitione
2535 1803 2791 1879 practica

375 1879 806 1972 distinguimus,
842 1884 894 1940 1.
927 1901 1180 1940 amorem
1208 1889 1267 1940 et
1297 1881 1777 1955 benevolentiam,
1808 1900 1923 1957 qua
1950 1899 2057 1938 nos
2083 1880 2466 1957 prosequitur,
2498 1886 2555 1940 2.
2586 1882 2785 1942 decre-

377 1967 502 2018 tum
530 1960 736 2037 ipsum,
767 1981 884 2037 quo
913 1961 1211 2020 constituit
1240 1981 1492 2020 amorem
1532 1981 1701 2022 suum
1742 1961 1803 2020 in
1844 1979 1951 2018 nos
1994 1959 2285 2037 explicare
2324 1980 2429 2038 per
2468 1963 2785 2022 communi-

375 2040 662 2098 cationem
690 2040 932 2100 salutis.
973 2041 1110 2100 hinc
1135 2040 1203 2100 fit
1229 2050 1297 2101 ut
1322 2041 1594 2122 πρόγνωσις
1633 2039 1807 2100 modo
1850 2040 2025 2100 latius
2072 2048 2333 2098 sumatur
2374 2057 2479 2117 pro
2522 2051 2783 2119 utraque,

375 2120 664 2178 dilectione
691 2119 912 2180 scilicet
940 2130 999 2179 et
1025 2121 1300 2195 electione,
1331 2141 1446 2198 quo
1474 2139 1650 2180 sensu
1676 2127 2001 2196 usurpatur,
2035 2119 2205 2178 Rom.
2234 2119 2357 2178 viii.
2389 2123 2484 2196 29,
2526 2129 2585 2180 et
2614 2122 2782 2180 Rom.

375 2199 456 2256 xi.
487 2203 542 2272 2,
575 2199 746 2258 modo
795 2201 1052 2260 strictius
1078 2220 1184 2278 pro
1213 2201 1502 2260 dilectione
1528 2209 1587 2260 et
1615 2199 1829 2273 favore,
1860 2199 1962 2276 qui
1988 2199 2119 2258 fons
2144 2206 2237 2258 est
2263 2208 2321 2258 et
2348 2167 2784 2260 fundamentum

373 2244 687 2352 electioniS,
719 2287 777 2338 et
805 2279 887 2338 ita
917 2280 1168 2340 Petrus
1151 2302 1191 2340 1.
1221 2286 1276 2356 2,
1309 2280 1382 2340 de
1419 2301 1490 2340 ea
1534 2279 1807 2372 loquitur,
1859 2277 2091 2356 quando
2140 2278 2283 2338 dicit
2323 2277 2527 2337 fideles
2568 2282 2785 2340 electos

375 2378 502 2418 esse
529 2361 670 2418 κατὰ
697 2358 964 2439 πςάγυυσυ
989 2363 1290 2421 secundum
1311 2360 1821 2437 praecognitionem,
1854 2358 1932 2417 id.
1962 2378 2039 2416 ex
2065 2357 2373 2418 dilectione
2402 2359 2532 2418 Dei.

981 2440 1066 2500 X.
1110 2441 1324 2516 Terti0,
1355 2449 1444 2500 est
1487 2438 1870 2517 expendenda
1906 2458 2028 2497 vox
2075 2440 2301 2512 iza-stt,
2332 2458 2435 2498 seu
2460 2440 2783 2518 Electtonis,

899 2539 1030 2598 quae
1059 2521 1302 2580 subinde
1331 2521 1596 2596 occurrit,
1629 2518 1734 2579 sed
1758 2537 1877 2578 non
1912 2539 2138 2596 semper
2183 2517 2387 2578 eodem
2416 2519 2783 2598 significatu3

372 2598 683 2677 aliquando
709 2606 874 2660 notat
899 2603 1242 2661 vocationem
1289 2604 1374 2662 ad
1405 2622 1606 2660 munus
1654 2599 1890 2677 aliquod
1933 2598 2233 2677 politicum
2280 2598 2376 2659 vel
2426 2620 2669 2676 sacrum,
2719 2609 2786 2661 ιιι

375 2683 406 2737 1
456 2680 610 2739 Sam.
653 2702 712 2739 x.
765 2684 861 2757 24,
911 2682 1053 2743 Saul
1093 2688 1336 2741 vocatur
1373 2683 1608 2755 electus,
1654 2689 1715 2739 et
1754 2680 1799 2741 J
1802 2699 1855 2741 o
1884 2680 1964 2739 vi.
1996 2682 2091 2753 70,
2136 2679 2327 2739 Judas
2368 2679 2605 2755 electus,
2656 2682 2781 2741 scil.

374 2759 451 2818 ad
491 2760 922 2837 Apostolatum.
1027 2762 1366 2839 Aliquando
1408 2761 1835 2840 cooptationem
1877 2769 1939 2819 et
1980 2760 2441 2837 segregationem
2483 2768 2783 2821 externam

369 2841 570 2918 populi
597 2841 846 2920 alicujus
873 2842 949 2901 ad
975 2841 1166 2903 foedus
1194 2844 1324 2917 Dei,
1356 2862 1472 2920 quo
1501 2860 1675 2903 sensu
1700 2841 1951 2919 populus
1973 2839 2329 2899 Israeliticus
2356 2840 2569 2899 dicitur
2594 2861 2631 2899 a
2654 2841 2781 2901 Deo

369 2920 604 2996 electus,
640 2922 814 2981 Deut.
845 2922 924 2981 iv.
957 2925 1052 2982 37.
1142 2923 1304 2983 Sed
1286 2943 1348 2982 m
1375 2925 1486 2982 hoc
1513 2922 1750 2999 negotio
1780 2921 2025 2981 sumitur
2066 2920 2295 2998 proprie
2342 2941 2447 2998 pro
2478 2921 2778 2981 Electione

367 2999 444 3058 ad
471 3010 745 3061 aeternam
773 3002 1036 3078 salutem,
1069 3004 1292 3064 scilicet
1319 3022 1422 3081 pro
1453 3003 1568 3063 Dei
1595 3001 1857 3077 consilio,
1888 3020 2004 3078 quo
2034 3001 2196 3059 Deus
2224 2999 2485 3061 decrevit
2526 3018 2777 3077 quorun·

367 3080 502 3139 dam
531 3081 790 3141 misereri
815 3102 892 3140 ex
921 3084 1124 3158 gratia,
1171 3104 1386 3176 eosque
1429 3104 1466 3141 a
1499 3082 1755 3159 peccatis
1797 3100 1901 3159 per
1948 3081 2164 3141 Filium
2208 3080 2483 3141 liberatos
2530 3082 2777 3141 salvare.

371 3160 596 3219 Rursus
624 3180 694 3219 eo
721 3170 1002 3237 respectu,
1033 3163 1132 3221 vel
1159 3163 1404 3223 sumitur
1429 3163 1701 3238 οέᾔεσιίυο,
1731 3180 1836 3238 pro
1862 3160 2007 3238 ipsis
2033 3160 2251 3235 electis,
2280 3169 2347 3220 ιιι
2386 3161 2556 3219 Rom.
2586 3162 2667 3221 xi.
2716 3166 2772 3238 7,

367 3240 546 3311 iaz-yn
575 3240 819 3315 ivis-mv,
851 3240 1074 3299 Eleciio
1102 3243 1347 3316 obtinuit,
1378 3243 1581 3318 reliqui
1606 3245 2027 3313 occanum-unt,
2049 3241 2127 3299 id.
2175 3239 2378 3316 electi3
2422 3241 2519 3299 vel
2547 3244 2775 3314 forma-

367 3320 494 3377 liter
520 3338 624 3396 pro
653 3327 788 3378 actu
816 3320 930 3377 Dei
955 3320 1242 3413 eligentis,
1273 3320 1374 3397 qui
1402 3330 1642 3381 vocatur
1669 3322 1849 3392 ἐκλογὴ
1890 3342 2116 3401 χαςιτος,
2156 3321 2327 3379 Rom.
2376 3320 2456 3381 ix.
2508 3324 2535 3377 1
2548 3322 2777 3398 1,quae

369 3397 580 3457 iterum
609 3406 918 3475 spectatur,
935 3399 1078 3458 vel
1061 3418 1122 3457 ιιι
1149 3400 1523 3459 antecedente
1552 3400 1802 3474 decreto,
1824 3400 2112 3476 quomodo
2140 3399 2295 3459 facta
2320 3408 2411 3459 est
2438 3401 2511 3459 ab
2540 3409 2772 3477 interm,

367 3477 508 3537 vel
491 3498 554 3537 m
582 3480 970 3555 subsequente
997 3480 1355 3555 executione,
1387 3479 1679 3556 quomodo
1704 3479 1771 3538 fit
1798 3488 2021 3539 tantum
2048 3480 2111 3537 in
2155 3486 2411 3572 tempore
2455 3499 2559 3555 per
2601 3500 2775 3538 voca-

367 3557 602 3631 tionem,
633 3578 748 3635 quo
777 3559 1042 3618 Christus
1067 3560 1304 3637 respicit
1329 3559 1374 3620 J
1375 3579 1466 3619 oa.
1495 3578 1596 3617 xv.
1632 3562 1725 3633 16,
1768 3560 1877 3617 Vos
1903 3578 2015 3617 non
2042 3578 2128 3617 me
2154 3558 2406 3633 elegistis,
2425 3561 2529 3617 sed
2552 3579 2653 3633 eqo
2679 3580 2776 3617 vos

363 3638 520 3714 elegi.
593 3639 671 3697 Et
697 3658 758 3700 v.
790 3641 883 3713 19,
912 3641 1049 3699 Non
1075 3642 1202 3699 estae's
1227 3660 1303 3699 ex
1325 3641 1552 3713 munde,
1580 3641 1686 3699 sed
1706 3658 1811 3713 eqo
1834 3658 1931 3695 vos
1957 3639 2099 3713 eleqi
2121 3658 2193 3695 ae
2221 3640 2446 3695 mundo.
2518 3635 2774 3713 August.

363 3726 668 3795 utramque
697 3744 864 3795 exuo-n
891 3719 1192 3796 conjungit
1219 3719 1292 3779 de
1323 3718 1621 3778 Praedesti.
1657 3718 1999 3777 Sanctorum
2026 3736 2076 3775 c.
2106 3716 2249 3775 xvii.
2293 3718 2329 3749 ‘⁶
2359 3716 2549 3775 Eleeti
2577 3736 2775 3777 sumus

361 3806 496 3856 ante
527 3798 737 3857 Mundi
764 3798 1230 3859 constitutionem
1274 3818 1344 3859 ea
1385 3798 1906 3890 praedestinatione,
1953 3797 2013 3855 in
2060 3816 2177 3872 qua
2224 3797 2386 3854 Deus
2431 3816 2537 3855 sua
2582 3796 2776 3855 futura

361 3876 515 3937 facta
541 3878 848 3955 praevidit3
893 3878 966 3937 de
993 3879 1212 3938 mundo
1237 3888 1432 3940 autem
1459 3879 1630 3939 electi
1657 3896 1857 3937 sumus
1884 3876 1947 3934 in
1982 3896 2053 3935 ea
2078 3876 2401 3951 vocatione,
2447 3895 2563 3952 qua
2608 3876 2772 3937 Deus

362 3956 424 4014 id
453 3958 610 4033 quod
637 3958 1072 4035 praedestinavit
1098 3959 1420 4036 implevitl'

443 4036 562 4095 XI.
610 4037 703 4096 Ita
741 4038 968 4097 Electio
1015 4038 1078 4096 vi
1121 4040 1283 4097 vocis
1327 4037 1580 4098 strictior
1621 4043 1713 4096 est
1757 4034 2307 4110 Praedestinatione;
2370 4012 2519 4093 Nam
2568 4056 2768 4095 omnes

358 4125 604 4192 possunt
629 4117 1043 4195 praedestinari,
1076 4118 1178 4177 sed
1221 4138 1338 4177 non
1385 4138 1586 4177 omnes
1628 4123 1889 4209 possunt
1916 4116 2072 4192 eligi,
2120 4115 2258 4192 quia
2301 4115 2401 4191 qui
2438 4115 2619 4192 eligit,
2650 4136 2768 4175 non

362 4214 563 4255 omnes
593 4198 783 4271 sumit,
817 4196 920 4255 sed
947 4198 1173 4274 aliquos
1201 4219 1234 4257 e
1261 4198 1461 4257 multis
1488 4197 1671 4276 legit;
1704 4194 1930 4255 Electio
1957 4196 2281 4271 aliquorum
2310 4196 2633 4254 necessario
2662 4196 2765 4253 ali-

360 4294 527 4334 orum
555 4276 1003 4354 praeteritionem
1032 4286 1092 4335 et
1117 4278 1489 4355 rejectionem
1517 4276 1707 4353 infert,
1736 4276 1915 4335 Multi
1929 4276 2125 4350 vocati,
2158 4274 2347 4351 inquit
2375 4274 2656 4349 Christus,
2709 4283 2770 4334 at

347 4357 532 4429 pauci
556 4358 726 4431 electi,
760 4356 905 4415 Mat.
935 4378 1039 4415 xx.
1075 4360 1166 4433 16,
1198 4366 1256 4416 et
1286 4356 1506 4417 Paulus
1535 4357 1703 4416 Rom.
1732 4356 1813 4414 xi.
1839 4360 1894 4430 7,
1918 4358 1980 4413 E
1983 4358 2109 4414 lecti
2130 4355 2372 4413 assecuti
2394 4364 2535 4429 sunt,
2566 4356 2775 4433 reliqui

359 4438 755 4510 occalluerant,
785 4435 922 4495 hinc
950 4440 986 4495 2
1017 4436 1220 4496 Thess.
1251 4437 1312 4495 ii.
1347 4440 1437 4512 13,
1469 4436 1652 4495 utitur
1676 4436 1856 4495 verbo
1884 4434 2036 4495 uam
2077 4434 2150 4493 ad
2189 4434 2527 4494 electionem
2577 4433 2770 4511 desig·

357 4514 626 4589 mindam,
659 4516 816 4592 quod
845 4517 1221 4576 secretionem
1250 4517 1492 4575 aliorum
1522 4516 1597 4574 ab
1624 4516 1755 4573 aliis
1782 4516 1985 4589 innuit,
2016 4518 2177 4574 Deus
2202 4534 2299 4573 vos
2324 4512 2479 4571 εἵλετο
2525 4534 2565 4571 α
2600 4514 2769 4589 prin-

359 4593 522 4669 cipio,
563 4594 642 4653 id.
687 4596 890 4655 exemit
929 4606 984 4655 et
1019 4598 1310 4673 separavit
1343 4599 1434 4655 ad
1465 4598 1703 4655 salutem
1738 4596 1797 4655 in
1830 4596 2263 4674 sanctificatione
2294 4594 2539 4671 spiritus,
2570 4601 2627 4651 et
2646 4594 2773 4670 fide

361 4675 629 4733 veritatis.

504 2491 726 2554 ’anemiu-
