3300 5225
529 307 646 365 386
1479 324 1663 365 meus
1690 324 1961 373 omarus.
2622 301 2879 386 [quaer.
2911 320 2963 363 1.

530 464 722 539 Quum
749 483 890 543 ergo
932 463 1126 525 omnia
1167 464 1438 523 dicuntur
1464 483 1592 523 esse
1634 485 1709 524 ex
1747 465 1937 540 nihilo,
1978 462 2311 559 praepositio
2350 482 2426 523 ex
2464 483 2583 524 non
2610 464 2753 524 dicit
2778 466 2963 541 exim

533 543 610 603 ad
635 545 952 621 materiam,
983 545 1081 604 vel
1108 544 1182 603 ad
1201 544 1568 639 efficientem,
1601 545 1706 603 sed
1733 543 1810 603 ad
1836 546 2163 621 terminum,
2206 552 2273 603 ut
2298 552 2547 621 notetur,
2578 563 2695 603 non
2722 545 2959 621 subjee-

529 632 652 685 tum
681 624 839 701 quod
865 624 1244 702 praeextiterit
1272 625 1566 701 creationi,
1599 624 1703 683 sed
1729 632 1956 684 tantum
1973 626 2240 684 termium
2256 645 2296 684 a
2316 644 2427 703 qao
2448 624 2642 683 omnia
2665 624 2961 703 producta

529 712 680 779 sunt,
712 706 810 763 vel
837 704 978 764 ordo
1025 704 1362 781 creationis,
1409 725 1540 783 quae
1582 704 1737 764 faeta
1778 714 1869 764 est
1914 724 2032 765 non
2076 712 2195 763 tam
2240 724 2315 764 ex
2360 704 2551 781 nihilo,
2602 724 2777 783 quam
2812 714 2966 781 post

530 784 786 844 nihilum.

609 864 723 924 VI.
769 864 856 925 Ut
879 872 1072 928 autem
1101 864 1330 923 Creatio
1377 863 1493 926 alia
1519 871 1610 923 est
1625 863 1827 941 prima
1854 872 1913 924 et
1938 864 2283 939 bnmediata,
2333 882 2465 941 quse
2492 870 2581 922 est
2609 862 2960 942 simpliciter

528 963 604 1003 ex
630 944 848 1020 nihilo;
892 944 1007 1003 alia
1031 945 1369 1003 secundm-ia
1396 952 1456 1003 et
1497 944 1764 1021 mediata,
1811 965 1943 1021 quse
1986 944 2055 1003 fit
2096 944 2331 1022 quidem
2358 963 2435 1002 ex
2461 943 2704 1036 materia
2728 944 2949 1021 aliqua,

528 1023 634 1083 sed
660 1024 830 1102 plane
859 1024 1099 1083 inhabili
1128 1032 1188 1083 et
1213 1023 1571 1101 indisposita,
1592 1044 1701 1083 nec
1721 990 1843 1084 u’lla
1859 1043 2161 1083 causarum
2191 1023 2573 1083 secundarum
2598 1023 2663 1081 vi
2690 1024 2955 1101 disponi-

527 1104 682 1179 bilis,
715 1104 764 1163 si
793 1105 874 1164 ita
898 1105 1060 1181 loqui
1087 1104 1240 1181 licet,
1271 1104 1348 1163 ad
1374 1104 1605 1163 termini
1631 1104 2087 1198 productionem,
2112 1112 2171 1163 et
2186 1104 2249 1162 in
2270 1124 2385 1181 qua
2404 1103 2530 1163 sola
2557 1104 2727 1163 datm
2742 1113 2948 1180 poten·

524 1184 606 1242 tia
631 1186 1022 1259 obedientialisx,
1055 1204 1159 1244 seu
1183 1204 1298 1244 non
1323 1186 1727 1261 repuqnantiae,
1758 1185 1821 1243 in
1848 1184 2048 1243 ordine
2076 1184 2153 1243 ad
2180 1203 2414 1243 causam
2440 1184 2686 1262 primam
2713 1182 2949 1244 infinita

526 1264 742 1323 virtute
768 1264 1212 1341 agentem51ta
1237 1264 1468 1323 nihilum
1496 1263 1723 1340 dieitur,
1774 1264 1872 1323 vel
1919 1265 2181 1323 absolute
2224 1272 2284 1323 et
2324 1263 2677 1342 simpliciter,
2706 1271 2825 1321 tam
2852 1284 2948 1323 re-

528 1352 730 1421 spectu
755 1346 858 1419 sui,
889 1364 1064 1423 quam
1090 1354 1356 1422 respectu
1398 1345 1638 1421 suffecti,
1692 1354 1811 1404 tam
1858 1343 2236 1405 materialiter
2282 1364 2453 1420 quam
2492 1343 2823 1420 formaliter,
2870 1364 2951 1403 ex

527 1443 643 1517 quo
670 1424 856 1502 prima
883 1424 1112 1484 Creatio
1139 1424 1293 1484 facta
1319 1434 1426 1500 est,
1457 1425 1554 1483 vel
1579 1424 1879 1484 secundum
1908 1425 2049 1501 quid
2071 1432 2131 1483 et
2159 1424 2495 1499 somnaliter
2520 1423 2637 1483 tale
2678 1432 2951 1502 respectu

525 1504 628 1579 sui,
662 1504 713 1563 si
738 1524 857 1564 non
884 1514 1149 1582 respectu
1177 1504 1440 1583 subjecti,
1472 1524 1550 1563 ex
1577 1523 1694 1581 quo
1723 1504 1977 1565 secunda
2001 1524 2130 1563 esse
2159 1503 2388 1563 dicitur.

606 1583 755 1643 VII.
799 1586 870 1643 N
865 1585 965 1643 thil
989 1605 1064 1643 ex
1087 1584 1260 1643 nihilo
1269 1586 1362 1664 fit,
1411 1587 1463 1643 1.
1492 1586 1839 1643 naturaliter
1864 1604 1968 1662 per
1993 1584 2310 1661 potentiam
2336 1582 2559 1643 finitam
2586 1590 2647 1642 et
2672 1591 2947 1660 creatam,

525 1667 583 1739 2.
614 1671 888 1741 tanquam
915 1684 993 1723 ex
1026 1666 1280 1758 subjecte,
1327 1684 1435 1723 eeu
1477 1664 1761 1741 principio
1805 1672 1867 1723 et
1910 1664 2153 1725 materia
2198 1663 2506 1735 intrinsece
2548 1663 2943 1740 constitutiva,

525 1730 583 1805 3.
612 1763 717 1821 per
743 1744 896 1803 viam
920 1745 1337 1821 ,qemi-ationis.-
1382 1743 1499 1803 Sed
1545 1745 1695 1805 bene
1737 1744 1932 1805 omnia
1977 1744 2249 1805 dicuntur
2274 1763 2403 1806 esse
2430 1763 2508 1802 ex
2532 1743 2719 1801 nihilo
2743 1764 2943 1821 super-

523 1825 880 1917 naturaliter,
927 1844 1030 1901 per
1071 1824 1388 1903 potentiam
1429 1824 1731 1901 infinitam,
1782 1832 2057 1901 tanquam
2104 1845 2178 1883 ex
2226 1824 2460 1885 termino
2506 1842 2545 1882 8
2588 1844 2724 1901 quo,
2753 1834 2813 1883 et
2836 1844 2945 1902 per

526 1904 684 1965 viam
713 1904 1026 1963 creatione.

607 1984 789 2047 VIII.
833 1982 1018 2044 Aliud
1043 1990 1136 2043 est
1161 2004 1254 2045 res
1299 1983 1563 2044 visibiles
1606 1983 1797 2048 factas
1834 2004 1962 2045 esse
1990 2004 2066 2043 ex
2112 2004 2226 2045 non
2258 1984 2664 2061 amar-entibus
2680 1984 2941 2061 positive,

522 2062 602 2123 id.
633 2084 708 2125 ex
737 2064 910 2128 rebus
936 2064 1284 2143 quibusdam
1315 2064 1743 2141 invisibilibus;
1788 2064 1975 2125 Aliud
2000 2084 2141 2125 vero
2167 2065 2351 2125 factas
2391 2083 2517 2123 esse
2560 2084 2632 2122 ex
2677 2086 2791 2123 non
2832 2086 2941 2141 ap-

513 2144 845 2221 parentibus
885 2145 1152 2221 amative,
1199 2144 1278 2204 id.
1329 2164 1405 2204 ex
1447 2145 1609 2203 nulla
1656 2164 1719 2204 re
1744 2145 2168 2224 praeexistente.
2211 2143 2551 2223 Apostolus,
2584 2144 2738 2203 Heb.
2766 2145 2848 2203 xi.
2878 2148 2939 2220 3,

521 2225 684 2302 prius
723 2244 842 2284 ιιοιι
869 2224 1026 2300 dicit,
1071 2225 1175 2285 sed
1201 2232 1428 2285 tantum
1451 2225 1759 2303 posterius,
1801 2225 1933 2284 ideo
1960 2245 2077 2285 non
2104 2225 2187 2285 ait
2213 2231 2275 2293 εὶς
2300 2230 2357 2284 τὶ
2385 2225 2436 2285 ix
2460 2227 2537 2300 μὴ
2558 2226 2845 2301 omnuim·
2824 2230 2945 2284 vva

519 2306 687 2373 muna-¹
663 2329 810 2382 ope-um
833 2307 1092 2381 movim,
1115 2305 1284 2383 quasi
1309 2305 1414 2363 illa
1431 2324 1549 2365 non
1576 2305 1911 2384 apparentia
1926 2305 2233 2366 habuerint
2249 2306 2531 2365 rationem
2558 2306 2805 2383 subiecti
2832 2307 2943 2365 811-

523 2387 692 2463 cujus
715 2386 1157 2464 praeexifltentifl,
1189 2385 1292 2445 sed
1311 2391 1372 2451 εἰς
1399 2412 1454 2444 το
1481 2412 1552 2461 μαι
1581 2388 1632 2445 ἔτι
1660 2386 1887 2462 Qucum&
1866 2411 1949 2445 ινα
1928 2388 2043 2444 rra)
2068 2386 2299 2463 fiat-tipo
2300 2412 2359 2445 m
2382 2410 2641 2462 γεγονεναι,
2670 2394 2738 2445 ut
2762 2396 2943 2464 neget

523 2466 834 2544 quicquam
854 2486 1046 2526 rerum
1065 2466 1433 2543 productioni
1452 2467 1865 2543 praeextitisse3
1896 2474 1963 2528 ut
1982 2465 2137 2535 idem
2164 2410 2299 2526 sitm
2268 2486 2399 2529 cum
2428 2486 2499 2527 80
2524 2466 2700 2544 quod,
2722 2470 2758 2525 2
2773 2467 2940 2525 Mac—

522 2546 648 2622 eab.
679 2547 780 2605 vii.
799 2547 896 2622 28,
922 2546 1083 2607 Deus
1103 2545 1312 2607 fecisse
1340 2546 1532 2605 omnia
1559 2546 1771 2609 dicitur
1797 2550 1883 2607 οὐκ.
1904 2544 2006 2620 1ξὲ
1978 2572 2131 2623 οιτον,
2151 2568 2263 2607 non
2280 2567 2354 2607 ea:
2372 2548 2537 2606 rebus
2562 2546 2939 2607 existentibus.

605 2625 725 2686 IX.
770 2627 892 2688 Res
917 2626 1058 2692 talis
1079 2626 1292 2692 dieitur
1338 2646 1465 2689 esse
1492 2626 1554 2684 in
1581 2628 1798 2722 genesi,
1828 2628 2019 2706 qualis
2046 2592 2135 2688 881
2160 2628 2223 2686 in
2250 2627 2493 2706 analysi,
2523 2647 2641 2686 non
2668 2635 2937 2722 respectu

519 2706 752 2768 termini
779 2707 1100 2782 creationis,
1132 2705 1236 2766 sed
1262 2714 1527 2800 respectu
1552 2707 1965 2786 principiorum
1992 2709 2422 2786 generationis:
2481 2707 2639 2766 Hinc
2666 2707 2863 2767 male
2845 2729 2935 2768 ιιι-

519 2785 688 2864 seras,
711 2787 874 2848 nulla
889 2806 982 2846 res
1007 2786 1362 2850 resolvitur
1345 2807 1408 2844 ιιι
1433 2787 1697 2864 nihilum,
1724 2788 1883 2866 Ergo
1911 2789 2073 2848 nulla
2097 2808 2192 2850 res
2216 2788 2499 2866 producta
2524 2795 2615 2847 est
2634 2809 2710 2847 ex
2730 2788 2935 2848 nihilo.

603 2867 688 2928 X.
733 2866 1014 2943 Quamvis
1041 2866 1267 2928 Creatio
1289 2868 1580 2943 generatio
1619 2887 2035 2945 nonnunquam
2075 2869 2414 2944 (118811ιιῑ,81
2442 2869 2701 2930 Genes.
2684 2869 2745 2927 11.
2750 2872 2829 2945 4,
2876 2877 2938 2929 et

518 2947 669 3006 liber
700 2948 931 3009 Gema
957 2945 1092 3007 inde
1119 2966 1332 3008 nomen
1371 2948 1697 3024 sumpserit„
1728 2949 1839 3008 hoc
1878 2968 1997 3008 non
2013 2950 2261 3026 physice,
2292 2948 2397 3008 sed
2434 2949 2805 3026 noetapkysice
2844 2958 2941 3010 881

517 3026 964 3105 intelligendum
990 3046 1095 3103 pro
1123 3047 1314 3089 rerum
1343 3026 1574 3104 m-iqim.
1661 3028 1888 3088 (11-88110
1916 3029 2130 3107 quippe
2158 3051 2193 3091 a
2220 3030 2592 3108 generatione
2620 3029 2935 3106 plurimum

519 3105 750 3182 differt3
797 3107 922 3168 Ista
947 3107 1134 3184 exigit
1161 3115 1220 3169 et
1244 3107 1518 3184 supponit
1545 3127 1771 3185 semper
1799 3109 2143 3187 subjectum,
2173 3119 2232 3170 et
2257 3110 2567 3170 terminum
2594 3129 2631 3168 a
2646 3129 2780 3186 quo,
2805 3109 2931 3168 scil.

518 3187 889 3264 negationem
915 3185 1156 3246 formae
1139 3207 1202 3244 ιιι
1229 3187 1493 3264 subjecto
1521 3196 1674 3266 apto,
1695 3208 1817 3247 rem
1844 3209 2197 3267 corpoream,
2217 3199 2283 3251 ut
2309 3190 2619 3283 terminum
2646 3189 2723 3248 ad
2738 3209 2930 3266 quem,

518 3275 760 3342 motum,
788 3275 1033 3361 tempus,
1065 3267 1358 3342 stlocum,
1389 3276 1450 3328 et
1473 3267 1544 3328 fit
1568 3287 1606 3330 a
1631 3289 1807 3331 88888
1832 3269 2165 3347 particulari
2187 3271 2531 3340 successive.
2618 3268 2737 3328 Sed
2759 3269 2929 3329 Crea—

517 3347 619 3423 tio,
651 3348 856 3408 saltem
881 3347 1083 3427 prima,
1114 3347 1410 3425 objectum
1435 3367 1604 3411 suum
1631 3347 1787 3424 facit,
1816 3369 1937 3410 non
1976 3351 2263 3444 supponit,
2294 3350 2370 3409 ad
2402 3369 2497 3409 res
2522 3349 2931 3409 immateriales

517 3428 868 3505 extenditur,
899 3435 960 3488 et
1002 3447 1040 3490 a
1081 3447 1255 3490 causa
1297 3428 1614 3490 universali
1654 3449 1841 3506 eaque
1878 3430 2003 3489 sola
2028 3430 2138 3490 fit
2122 3451 2183 3488 m
2223 3430 2481 3490 instanti.
2584 3429 2744 3489 Hinc
2770 3430 2839 3490 fit
2865 3437 2933 3490 ut

515 3509 746 3586 proprie
772 3508 1064 3588 loquendo
1089 3508 1316 3581 nullum
1344 3508 1513 3570 detur
1541 3509 1865 3570 Creationis
1894 3510 2221 3587 subjectum
2246 3511 2405 3589 quod
2437 3509 2527 3568 illi
2553 3519 2929 3588 supponatur,

515 3587 654 3650 licet
679 3589 986 3650 Terminus
1015 3573 1338 3650 Creationis
1363 3589 1550 3667 possit
1576 3590 1752 3656 etiam
1785 3590 2037 3668 quodam
2065 3610 2240 3652 sensu
2279 3591 2397 3652 dici
2423 3591 2551 3668 ejus
2579 3609 2647 3652 88
2647 3589 2925 3669 bjectum,

515 3669 656 3747 quia
681 3671 834 3730 actio
860 3670 938 3732 ad.
963 3669 1111 3730 illud.
1137 3669 1494 3746 terminatur,
1526 3678 1585 3732 et
1611 3671 1675 3730 in
1702 3690 1773 3730 eo
1800 3669 2226 3748 quodammodo
2255 3671 2384 3748 subj
2390 3678 2629 3732 ectatur.

1119 3749 1241 3810 XI.
1286 3749 1516 3810 Creatio
1543 3758 1737 3828 potest
1762 3751 2029 3845 bifariam
2056 3751 2423 3826 considerari,
2447 3751 2563 3812 Vel
2590 3751 2769 3810 active
2783 3769 2925 3827 qua.-

573 3806 702 3854 Ores
699 3809 771 3854 ¹²¹⁰
792 3810 921 3855 nativ
892 3824 967 3866 η’
1035 3835 1206 3889 tenus
1260 3831 1538 3907 competit
1581 3831 1725 3906 Deo,
1776 3839 1837 3890 et
1880 3831 1965 3891 sic
2007 3850 2125 3890 non
2170 3839 2263 3892 est
2301 3831 2539 3908 quidem
2564 3830 2768 3890 volitio
2812 3829 2929 3890 Dei

511 3906 767 3983 practica
791 3907 1124 4001 formaliter,
1147 3908 1286 4001 quia
1311 3909 1388 3968 ab
1414 3929 1486 3971 ea
1498 3917 1785 3987 tanquam
1814 3911 1888 3970 ab
1916 3911 2249 3975 immediato
2276 3931 2383 3972 suo
2403 3911 2685 3989 principio
2708 3910 2925 3985 oritur-3

515 3984 620 4046 sed
667 3992 758 4046 est
799 3988 952 4048 88110
997 3987 1286 4049 transiens
1333 3989 1462 4064 Dei,
1493 4008 1596 4066 per
1643 4009 1819 4066 quam
1860 3991 2035 4052 rebus
2078 3993 2289 4052 creatis
2334 3991 2555 4052 confert
2599 4009 2763 4066 esse;
2807 3957 2929 4048 Vel

627 4126 682 4170 ⁰¹²
699 4123 860 4184 pmiv
1035 4033 2644 4247 memqlmssquzessofffflssozxnggpge1132ae
2661 4069 2927 4228 (Ῑθιξηθῗεῗ

509 4223 792 4284 1881181188
819 4139 1068 4301 subjecti
1107 4226 1532 4304 praeexistentia
1559 4229 1634 4288 ab
1678 4249 1795 4289 uno
1823 4232 2069 4293 termino
2111 4232 2173 4290 in
2216 4231 2412 4308 alium,
2460 4231 2565 4291 sed
2588 4251 2695 4308 per
2732 4238 2921 4304 muta-

507 4301 726 4378 fiunem
753 4323 1114 4370 communem
1143 4313 1202 4366 et
1247 4307 1592 4385 generalem,
1624 4329 1757 4388 quse
1796 4310 1971 4373 infert
2015 4313 2473 4391 qualemcunque
2514 4311 2599 4370 rei
2640 4310 2919 4389 inceptio-

507 4440 617 4485 quae
705 4427 856 4472 fund
825 4441 932 4474 m,
933 4441 992 4472 n
1031 4405 1183 4446 nem.
1287 4387 1458 4450 Unde
1487 4390 1669 4450 oritur
1710 4392 1930 4468 rehtio,
1961 4412 2091 4469 quae
2118 4393 2425 4452 intercedit
2450 4392 2600 4450 inter
2629 4391 2821 4450 Deum
2860 4399 2925 4450 et

565 4486 673 4532 tum
681 4487 992 4532 entrelation.
1034 4467 1384 4544 Cteaturam,
1415 4488 1546 4546 quae
1585 4471 1724 4530 lieet
1750 4472 1898 4530 nihil
1938 4472 2011 4532 de
2050 4492 2205 4534 novo
2246 4471 2425 4532 addat
2452 4473 2599 4548 Deo,
2630 4471 2739 4532 sed
2762 4471 2923 4530 dicat

562 4601 601 4650 c
565 4543 964 4650 *8ῐῖῗᾶωο
935 4551 990 4594 ⁰¹²
1029 4555 1252 4608 tantum
1279 4548 1679 4610 habitudinem
1720 4551 2104 4612 extrinsecam
2146 4553 2223 4612 ad
2262 4562 2601 4628 ereaturam,
2631 4559 2787 4612 recte
2828 4558 2917 4609 ta-

1027 4647 1160 4688 men
1187 4637 1428 4691 vocatur
1454 4632 1644 4708 realta,
1664 4639 1789 4702 tum
1804 4632 1943 4712 quia
1958 4640 2223 4702 versatur
2246 4633 2400 4696 inter
2418 4641 2678 4695 exta-ema
2698 4631 2915 4697 realia.
