3300 5225
1182 358 1445 406 onum
1481 358 1855 407 ponamus.
2669 344 2759 407 xli

346 518 572 602 quibus
621 518 1156 597 obtestationibus,
1205 527 1274 585 et
1328 542 1510 602 quam
1561 521 1910 585 invidendis
1964 520 2417 587 conditionibus
2454 519 2762 603 Hagensis

349 626 418 683 et
428 618 767 699 Leydensis
795 617 1078 683 Ecclesia
1092 619 1258 683 illius
1279 619 1625 684 ministerio
1641 620 1767 683 frui
1786 620 2016 684 annisae
2036 620 2184 701 sint,
2205 627 2500 700 quantum
2522 626 2589 684 et
2611 641 2761 700 quo-

347 718 473 781 ties
505 716 896 781 Universitas
928 717 1506 797 Lugduno-Batava
1552 718 1725 782 illum
1760 718 2051 783 ambierit
2100 719 2454 794 Doctorem,
2484 725 2560 780 nt
2604 739 2764 783 nova

353 816 494 879 lnce
521 813 961 891 illustraretur,
997 822 1064 878 et
1095 814 1338 879 caeteris
1371 816 1724 893 luminibus,
1756 817 1977 897 quibus
2011 819 2397 898 coruscabat,
2450 816 2762 882 accenseri

354 920 569 995 posset
592 913 1018 988 Turrettinus,
1042 914 1220 993 cujus
1247 913 1633 977 mirabantur
1658 916 2156 979 candidissimam
2184 915 2451 979 animam
2480 922 2545 978 et
2566 921 2765 978 totam

357 1012 511 1076 coelo
519 1012 822 1087 devotam,
842 1010 1187 1075 doctrinam
1205 1012 1285 1075 ab
1306 1011 1470 1074 omni
1489 1014 1904 1077 ostentatione
1926 1013 2244 1089 intactam,
2270 1034 2475 1077 raram
2497 1012 2767 1095 integri-

359 1116 574 1187 tatem,
608 1109 796 1172 variae
817 1115 884 1173 et
905 1110 1241 1173 reconditae
1265 1110 1632 1173 eruditionis
1663 1112 2031 1188 ubertatem,
2052 1112 2515 1193 castigatissimi
2539 1112 2763 1192 judicii

357 1207 778 1288 acrimoniam,
810 1206 1056 1289 vigilem
1089 1229 1162 1273 ac
1189 1208 1678 1288 imperterritum
1728 1210 1795 1273 in
1832 1210 2067 1273 tuenda
2116 1216 2181 1273 et
2230 1210 2559 1273 asserenda
2608 1210 2768 1274 veri-

359 1312 496 1369 tate
529 1305 817 1383 animum,
851 1314 934 1369 τὸν
965 1312 1062 1382 μὲν
1101 1309 1397 1391 ὄςθοδοξίας
1428 1311 1760 1391 ὑπέρμαχον,
1801 1314 1898 1379 τῆς
1951 1313 2005 1369 δὲ
2058 1310 2392 1389 καινοόοξίας
2442 1315 2766 1391 ἀντίμαχον.

360 1404 746 1467 Frustranea
760 1406 1011 1469 fuerunt
1027 1406 1158 1467 haec
1177 1405 1516 1479 molimina;
1551 1406 1805 1486 reliquit
1820 1405 2099 1487 Belgium
2112 1414 2323 1469 noster
2336 1412 2710 1489 οὐςανοπολίτη
2717 1433 2764 1487 ς,

363 1524 437 1567 ac
462 1523 576 1565 suo
609 1502 880 1567 discessu
915 1510 1164 1567 moestos
1209 1502 1486 1567 reddidit
1533 1504 1805 1568 Batavos
1840 1524 1965 1567 suae
1995 1504 2359 1568 eruditionis
2411 1524 2483 1568 ac
2517 1524 2771 1568 suarum

359 1602 666 1664 virtutum
699 1601 985 1665 cult-ores.
1087 1601 1238 1665 Illos
1263 1608 1470 1666 tamen
1500 1623 1811 1683 nunquam
1844 1603 2040 1665 nostri
2074 1602 2365 1686 Theologi
2417 1603 2585 1683 cepit
2618 1603 2771 1667 obli-

361 1698 486 1780 vio,
517 1699 659 1762 hinc
686 1698 852 1763 inter
876 1701 1009 1779 ejus
1043 1704 1303 1776 κειμήλια
1337 1701 1564 1763 multas
1593 1698 1850 1782 legimus
1889 1700 2102 1765 literas
2136 1700 2217 1764 ad
2250 1702 2449 1782 ipsum
2483 1710 2773 1765 exaratas

367 1799 448 1861 ab
472 1796 875 1879 Amplissimo
907 1798 1493 1879 consultissimoque
1512 1799 1992 1882 BuryersdiciO,
2020 1820 2143 1863 non
2167 1799 2504 1882 Leydensis
2526 1807 2773 1863 tantum

367 1895 581 1973 Urbis,
613 1895 721 1959 sed
756 1904 822 1959 et
853 1896 1048 1960 totius
1079 1896 1280 1979 Belgii
1315 1917 1551 1961 summo
1585 1905 1967 1979 ornamentO,
2020 1898 2234 1980 Magni
2283 1898 2559 1979 parentis
2594 1898 2778 1979 Mag-

369 2016 451 2057 no
493 1995 622 2057 filio
678 1994 1032 2058 muneribus
1079 1994 1206 2059 suis
1257 1995 1495 2075 majori,
1549 1995 1737 2075 idque
1786 2016 1908 2059 non
1956 2017 2101 2060 raro
2146 1996 2391 2059 nomine
2427 1996 2772 2060 Illustrium

376 2092 441 2155 Ν
442 2093 1034 2172 obilissimommque
1069 2094 1424 2156 Academiae
1443 2093 2035 2175 Lugduno-Batavae
2057 2095 2423 2157 Curatorum
2441 2102 2507 2158 et
2527 2094 2779 2175 Magni-

371 2192 626 2257 ficorum
658 2190 1042 2270 Reipublicae
1076 2190 1415 2271 Leydensis
1465 2191 1813 2254 Consulum.
1916 2192 2037 2255 Per
2069 2191 2458 2254 Germaniam
2488 2193 2780 2255 tenderat

375 2289 620 2353 Noster
663 2289 732 2352 in
783 2286 1218 2363 Hollandiam3
1271 2294 1339 2349 at
1385 2288 1453 2349 in
1501 2288 1711 2352 reditu
1767 2288 1937 2352 aliud
1971 2289 2251 2352 instituit
2296 2289 2452 2364 iter3
2503 2288 2776 2353 Parisios

375 2388 602 2451 iterum
633 2386 919 2463 lustrare,
972 2406 1044 2465 ac
1095 2404 1240 2451 suos
1291 2386 1490 2449 claros
1541 2384 1966 2467 Praeceptores
2016 2386 2385 2467 compellare
2435 2387 2775 2467 exoptavit.

382 2484 501 2562 Qui
543 2484 909 2567 superstites
939 2491 1138 2560 erant,
1169 2505 1350 2565 quem
1381 2484 1744 2549 audiverant
1777 2484 2163 2567 discipulum,
2207 2484 2418 2548 audire
2448 2486 2781 2549 Doctorem

377 2584 766 2668 gestierunt}
850 2584 1136 2665 Ipsorum
1166 2582 1454 2665 petitioni
1482 2584 1775 2648 reluctari
1809 2604 1931 2649 non
1960 2602 2145 2648 ausus
2174 2590 2271 2648 est
2313 2583 2549 2648 Noster
2579 2612 2785 2661 μακα-

383 2693 548 2774 ρίτης,
579 2689 645 2746 et
673 2683 768 2746 bis
799 2685 1108 2764 peroravit
1141 2683 1206 2745 in
1226 2682 1666 2746 Carentonensi
1689 2683 1867 2746 Coetu
1895 2683 2413 2764 numerosissimO,
2438 2683 2613 2763 cujus
2640 2684 2785 2747 dum

382 2781 669 2846 recordor
699 2781 916 2844 horret
950 2780 1210 2856 animus,
1244 2800 1365 2844 vox
1407 2782 1602 2843 haeret
1648 2781 1946 2856 faucibus,
1998 2789 2065 2844 et
2114 2786 2477 2862 turgescunt
2510 2781 2661 2844 fletu
2692 2781 2784 2845 lu-

380 2879 564 2943 mina.
618 2878 792 2942 Tunc
822 2879 1091 2960 primum
1115 2877 1402 2959 cognovit
1430 2877 1981 2959 Incomparabilem
2022 2878 2389 2942 Johannem
2420 2878 2787 2962 Claudium,

386 2979 562 3058 cujus
581 2977 843 3039 nominis
868 2977 1190 3058 splendore
1211 2996 1283 3039 ac
1305 2975 1498 3038 radiis
1517 2981 1689 3040 totus
1710 2977 2095 3058 perstringor
2117 2984 2302 3055 atque
2312 2975 2786 3054 circumfundor,

388 3082 453 3140 et
501 3097 682 3156 quem
700 3073 708 3078 ’
726 3074 980 3138 laudare
1033 3083 1142 3137 aut
1191 3075 1538 3154 exprimere
1609 3094 1733 3137 non
1788 3075 2130 3156 aggredior,
2192 3073 2493 3155 siquidem
2543 3095 2644 3139 res
2694 3084 2793 3139 est

390 3175 619 3237 nostris
641 3173 968 3237 conatibus
991 3173 1211 3254 major,
1236 3180 1300 3236 et
1323 3172 1401 3234 ad
1435 3171 1698 3252 primam
1716 3172 1939 3236 lineam
1965 3173 2127 3236 acies
2146 3173 2447 3248 hebescit,
2468 3173 2793 3252 penicillus

389 3272 583 3352 labat,
632 3271 941 3334 industria
994 3271 1368 3348 retunditur,
1401 3275 1468 3334 et
1512 3270 1762 3334 tremuli
1820 3292 1892 3335 ac
1942 3277 2223 3336 errantes
2274 3271 2433 3334 oculi
2482 3271 2550 3333 id
2598 3271 2796 3353 effigi-

395 3390 499 3434 are
527 3391 650 3433 non
679 3376 962 3450 possunt,
994 3390 1115 3450 quo
1142 3369 1541 3433 fascinantur.
1642 3369 1919 3432 Tandem
1941 3389 2151 3450 sospes
2169 3389 2453 3432 reversus
2483 3369 2563 3431 ad
2580 3375 2799 3449 optata

397 3469 614 3547 patriae
645 3475 834 3545 tecta,
885 3489 1109 3549 magno
1148 3467 1418 3547 undique
1452 3466 1997 3547 Amplissimorum
2027 3466 2380 3546 Procerum,
2414 3466 2797 3548 collegarum

392 3573 458 3629 et
474 3567 804 3631 amicorum
823 3565 1268 3647 gratulantium
1283 3585 1606 3644 concursu,
1623 3564 1994 3628 calidissimo
2013 3565 2282 3626 omnium
2300 3565 2547 3638 affectu,
2559 3563 2801 3643 excipi-

395 3671 523 3747 tur,
557 3672 625 3728 et
655 3664 1000 3728 Academia
1030 3685 1166 3744 quae
1201 3681 1425 3742 magno
1447 3663 1698 3742 Leyero
1723 3660 1945 3723 orbata
1977 3658 2343 3737 squallebat,
2374 3659 2537 3720 tanti
2562 3659 2801 3722 Docto-

393 3762 482 3826 ris
511 3765 727 3825 funere
761 3765 1142 3834 exsternata,
1177 3761 1258 3820 ad
1300 3763 1698 3835 conspectum
1728 3755 1926 3817 nostri
1960 3754 2135 3817 laetos
2166 3752 2425 3817 iuduere
2456 3755 2642 3837 coepit
2664 3757 2803 3822 vul-

396 3866 520 3934 tus,
551 3879 624 3921 ac
657 3856 938 3920 exultare
965 3857 1100 3918 visa
1129 3862 1244 3918 est.

469 3955 614 4015 'AD
647 3952 946 4032 pristinos
977 3951 1166 4015 rediit
1217 3950 1482 4032 labores,
1534 3949 1877 4031 majorique
1928 3970 2066 4014 cum
2122 3952 2378 4033 inipetu.
2433 3951 2625 4018 Anno
2683 3956 2799 4039 68,

393 4053 634 4114 iterum
665 4049 957 4114 Athenaei
988 4049 1185 4112 nostri
1212 4049 1450 4113 clavum
1482 4049 1710 4132 tenuit,
1748 4057 1934 4129 atque
1964 4049 2028 4112 in
2082 4050 2433 4116 solennibus
2469 4051 2807 4118 Academi-

409 4149 498 4213 cis
531 4167 647 4228 pro
676 4165 848 4210 more
875 4155 942 4211 et
972 4168 1094 4228 qua
1122 4146 1359 4212 solebat
1393 4147 1705 4230 facundia,
1738 4149 1815 4211 de
1846 4149 2103 4212 Geneva
2135 4159 2539 4234 conservata,
2568 4171 2641 4217 ac
2674 4153 2807 4216 Ec-

407 4248 613 4312 clesioe
639 4245 836 4310 malis
867 4256 928 4310 et
955 4247 1305 4327 scandalis,
1337 4246 1668 4326 peroravit.

505 4345 734 4409 NIHIL
795 4343 914 4426 ipsi
974 4346 1184 4410 deesse
1235 4344 1561 4408 videbatur
1609 4349 1841 4426 praeter
1898 4343 2145 4410 ultimos
2196 4345 2454 4411 thalami
2501 4348 2807 4423 honores;

379 4444 618 4525 itaque
649 4445 726 4508 de
760 4444 1041 4509 ducenda
1087 4439 1282 4507 nitore
1327 4445 1598 4525 cogitare
1633 4441 1843 4524 coepit,
1901 4464 1972 4508 ac
2029 4443 2472 4508 nobilissimam
2512 4447 2810 4528 virginem

408 4542 558 4606 fecit
593 4542 686 4606 sni
746 4543 871 4605 tori
934 4547 1280 4608 consortem
1346 4541 1794 4606 Elizabetham
1858 4535 1939 4607 de
1984 4543 2227 4625 Masso,
2287 4563 2368 4608 ex
2426 4564 2547 4624 qua
2599 4550 2810 4608 natam

413 4647 657 4724 tresque
689 4641 912 4706 habuit
935 4642 1116 4724 filice,
1154 4659 1412 4721 quorum
1437 4661 1624 4704 unum
1656 4641 1855 4706 adhuc
1888 4641 2285 4722 superstitem
