3300 5225
539 321 659 399 '618
743 372 753 380 ›
1346 397 1357 404 ,
1512 356 1698 400 Locus
1725 357 2005 399 osonum.
2616 333 2896 418 [QuAEsT.
2935 352 3008 392 v.

1495 657 1889 733 QUAESTIO
1931 657 2007 718 V.

1292 835 1371 878 os
1396 837 1757 880 vmrurmus
1785 832 2200 878 Εἰιιιιιοοιιυιι.
2831 809 2864 838 ’

540 979 637 1038 An
676 979 917 1039 Virtutes
945 961 1317 1038 saniem—um
1340 981 1570 1054 fuerim
1593 980 1740 1040 bom
1767 999 1962 1056 opera,
1993 999 2068 1038 aa.»
2093 978 2288 1056 quibus
2314 977 2514 1036 Libere
2545 977 2790 1038 Arteria·
2817 979 3006 1040 vires

925 1063 1011 1120 ad
1032 1061 1233 1119 bonum
1260 1061 1451 1138 colliqi
1462 1061 1714 1138 possint.
1704 1063 1728 1102 ²
1811 1060 1866 1118 N
1869 1080 1962 1138 eg
1991 1069 2194 1120 contra
2221 1057 2579 1118 Pontificios

748 1285 761 1299 ‚
1192 1221 1241 1280 Ι.
1288 1220 1546 1296 Quaestio
1589 1220 1702 1280 ista
1729 1219 1914 1280 oritur
1941 1239 2018 1279 ex
2057 1218 2442 1298 praecedenti.
2486 1219 2636 1278 Nam
2662 1226 2730 1279 ut
2759 1219 2994 1280 Ponti-

592 1283 975 1393 θωξὲῗιὲῑῑωῧ·
1068 1299 1186 1360 ficii
1213 1301 1522 1362 ostendant
1547 1321 1850 1379 superesse
1894 1300 2107 1360 Libero
2135 1300 2398 1359 Arbitrio
2439 1299 2501 1358 in
2541 1308 2698 1360 statu
2737 1297 2994 1377 peccati

1067 1381 1225 1440 vires
1265 1382 1340 1440 ad
1380 1382 1613 1457 bonum,
1661 1389 1904 1442 utuntur
1943 1381 2124 1458 vulgo
2171 1380 2494 1440 Gentilium
2529 1381 2818 1458 exempIO,
2865 1380 2990 1458 qui

542 1481 661 1539 prae
690 1461 913 1520 caeteris
940 1460 1257 1520 virtutibus
1286 1462 1647 1537 studuerunt,
1679 1462 1776 1520 vel
1805 1461 2035 1520 eximiis
2063 1459 2414 1520 facinoribus
2441 1461 2788 1536 claruerunt,
2819 1481 2982 1538 quo-

544 1562 673 1600 rum
701 1542 947 1601 virtutes
972 1550 1211 1620 peccata
1236 1533 1416 1602 fuisse
1443 1550 1676 1620 negant,
1722 1562 1852 1620 quae
1881 1543 2078 1601 odium
2108 1541 2220 1599 Dei
2247 1549 2592 1614 mereantur,
2623 1540 2728 1610 sed
2766 1541 2980 1618 potius

544 1621 699 1680 bona
726 1642 915 1700 opera,
936 1642 1067 1700 quae
1089 1623 1335 1700 gratiam
1362 1623 1587 1700 possint
1605 1623 1938 1700 promereri.
2023 1621 2242 1680 Concil.
2273 1620 2530 1680 Trident.
2563 1621 2720 1680 Sess.
2745 1625 2802 1698 6,
2833 1641 2974 1699 cap..

546 1705 602 1777 7,
652 1703 687 1734 “
720 1701 783 1760 Si
812 1702 941 1778 quis
970 1702 1185 1761 dixerit
1212 1723 1387 1780 opera
1415 1701 1623 1776 omnia,
1671 1721 1800 1779 quae
1828 1710 1961 1760 ante
1996 1701 2470 1779 justificationem
2498 1701 2662 1778 fiunt,
2705 1719 2970 1779 quacun-

544 1801 659 1858 que
687 1781 907 1840 ratione
936 1781 1088 1840 faeta
1114 1782 1247 1856 sint,
1278 1803 1415 1841 vere
1444 1801 1571 1840 esse
1592 1790 1847 1859 peccata,
1878 1782 1975 1840 vel
2003 1781 2200 1841 odium
2231 1782 2345 1840 Dei
2369 1782 2592 1858 mereri,
2623 1792 2724 1842 aut
2743 1793 2971 1860 quanto

545 1861 947 1920 vehementius
974 1861 1106 1938 quis
1132 1827 1339 1922 nititur
1365 1883 1427 1922 se
1456 1863 1761 1939 disponere
1789 1861 1866 1920 ad
1892 1863 2154 1940 gratiam,
2191 1869 2354 1920 tanto
2383 1882 2516 1922 eum
2549 1863 2788 1940 gravius
2828 1882 2970 1940 pec·

548 1961 697 2016 care,
740 1941 1044 2000 anathema
1072 1942 1205 2001 sit.”
1292 1942 1451 2002 Hinc
1479 1942 1754 2002 Bellarm.
1784 1943 1886 2001 lib.
1916 1962 1974 2000 v.
2005 1941 2077 2000 de
2107 1962 2230 2019 gra.
2259 1952 2319 2002 et
2345 1941 2447 2002 lib.
2470 1943 2638 2002 arbit.
2669 1963 2796 2021 cap.
2821 1945 2880 2018 9,
2901 1953 2970 2002 et

552 2023 644 2096 10,
674 2022 918 2099 probare
948 2031 1203 2098 conatur,
1253 2023 1288 2055 “
1320 2023 1498 2083 Posse
1539 2023 1834 2082 hominem
1861 2022 1986 2082 sine
2013 2022 2146 2098 fide,
2190 2043 2322 2081 cum
2349 2023 2568 2082 auxilio
2605 2023 2860 2100 speciali,
2905 2031 2970 2084 et

547 2101 723 2162 etiam
752 2102 875 2160 sine
902 2101 1023 2180 illo,
1054 2103 1271 2163 bonum
1300 2103 1537 2181 aliquod
1562 2103 1781 2162 morale
1808 2103 2099 2180 perficere,
2131 2103 2185 2162 si
2209 2103 2372 2162 nulla
2397 2103 2639 2163 tentatio
2667 2104 2933 2182 urgeat.'’

631 2181 718 2240 ΙΙ.
762 2181 885 2240 Nos
913 2203 1052 2242 vcro
1081 2183 1197 2243 duo
1227 2183 1490 2244 dicimus.
1577 2184 1790 2259 Primo,
1834 2183 1971 2242 licet
2011 2183 2294 2242 fateamur
2319 2183 2541 2260 aliquid
2580 2183 2720 2242 boni
2755 2183 2817 2242 in
2843 2183 2966 2242 illis

550 2261 876 2322 actionibus
904 2263 1273 2340 deprehendi,
1305 2264 1500 2340 quoad
1526 2273 1820 2324 externam
1845 2265 2184 2322 honestatem
2209 2273 2384 2340 actim,
2413 2263 2515 2340 qui
2543 2284 2578 2322 a
2609 2264 2736 2323 Deo
2762 2263 2967 2341 praeci-

548 2343 721 2422 pitur,
770 2351 829 2401 et
854 2343 955 2420 qui
982 2342 1116 2402 ideo
1142 2364 1260 2402 non
1301 2352 1495 2421 potest
1519 2363 1639 2403 non
1683 2363 1812 2402 esse
1853 2342 2056 2419 bonus»,
2103 2351 2299 2402 tamen
2330 2343 2574 2436 proprie
2614 2352 2674 2403 et
2715 2344 2968 2403 univoce

550 2443 721 2501 posse
751 2422 903 2481 bona
928 2443 1105 2501 opera
1125 2421 1241 2482 dici
1270 2424 1463 2500 quoad
1488 2425 1579 2483 rei
1600 2424 1906 2516 verit-atem,
1937 2433 1998 2482 et
2023 2423 2365 2499 operationis
2391 2426 2635 2499 modum,
2676 2423 2966 2484 internam

552 2503 773 2563 scilicet
800 2503 1203 2563 rectitudinem
1232 2504 1440 2578 cordis,
1473 2512 1531 2563 et
1552 2503 1931 2562 intentionem
1951 2503 2102 2578 finis,
2133 2504 2624 2581 negamus31mo
2640 2504 2789 2562 nihil
2805 2503 2968 2562 aliud

550 2603 726 2661 quam
752 2584 1051 2659 splendida
1068 2593 1311 2660 peccata
1338 2583 1514 2644 fuisse
1544 2605 1676 2643 cum
1706 2582 2042 2661 Augustino
2071 2584 2398 2645 asserimus.
2487 2584 2770 2659 Secunde,
2800 2585 2966 2663 quie-

550 2664 694 2743 quid
722 2664 810 2721 illi
836 2663 1096 2724 fecerunt
1136 2664 1295 2742 boni,
1340 2665 1436 2724 vel
1463 2665 1658 2725 minus
1693 2664 1851 2741 mali,
1894 2684 2012 2723 non
2051 2664 2258 2725 fecisse
2299 2665 2546 2744 propriis
2588 2664 2828 2741 viribus,
2859 2664 2968 2725 sed

551 2742 789 2823 speciali
819 2744 933 2805 Dei
958 2744 1201 2805 auxilio,

580 2766 753 2883 pIII.
800 2824 971 2883 Prius
1000 2846 1076 2884 ex
1103 2824 1409 2887 antedictis
1449 2823 1618 2884 facile
1647 2824 1978 2903 colligitur,
2022 2826 2166 2885 Cum
2209 2825 2364 2884 enim
2405 2823 2860 2885 demonstratum
2887 2824 2967 2883 sit

549 2904 789 2965 totalem
817 2926 943 2964 esse
983 2906 1304 2983 peccatoris
1332 2905 1408 2963 ad
1433 2906 1649 2965 bonum
1676 2903 1971 2982 ἀδυναμίαν,
2017 2914 2076 2963 et
2107 2906 2404 2983 Scriptura
2429 2926 2558 2965 eam
2585 2906 2658 2964 de
2694 2905 2964 2965 omnibus

550 2986 711 3044 nullo
754 2993 998 3062 excepto
1046 2985 1405 3061 pronunciet,
1455 2992 1615 3062 patet
1657 2986 1820 3045 nulla
1860 2985 1935 3044 ab
1979 2985 2212 3045 homine
2255 2985 2567 3063 irregenito
2609 3004 2785 3063 opera
2826 3004 2964 3045 vere

552 3064 707 3123 bona
732 3064 995 3142 praestari
1019 3084 1208 3140 posse.

633 3144 744 3201 IV.
790 3142 959 3217 Quod
986 3144 1228 3203 ulterius
1257 3143 1629 3203 confirmatur
1658 3164 1734 3203 ex
1762 3144 2196 3205 conditionibus
2215 3144 2356 3205 boni
2381 3146 2603 3223 operis.
2634 3145 2794 3205 Cum
2805 3144 2962 3205 enim

552 3223 663 3282 tria
690 3222 923 3280 omnino
952 3224 1316 3300 requirantur
1342 3224 1419 3283 ad
1445 3224 1665 3283 bonum
1694 3245 1877 3303 opus3
1924 3226 2122 3285 Primo
2151 3247 2227 3285 ex
2254 3235 2418 3303 parte
2444 3225 2738 3303 Principii,
2769 3234 2836 3286 ut
2861 3225 2966 3284 fiat

554 3302 727 3361 corde
753 3322 858 3379 per
884 3302 1060 3361 fidem
1086 3304 1408 3396 purificat0‚
1441 3304 1579 3363 Act.
1608 3326 1711 3364 xv.
1743 3308 1798 3382 9,
1829 3306 1968 3383 quia
1993 3304 2274 3383 quiequid
2301 3326 2418 3365 non
2459 3306 2526 3365 fit
2551 3328 2630 3365 ex
2669 3305 2784 3365 fide
2825 3324 2961 3382 pec·

555 3391 746 3441 catum
775 3393 880 3459 est,
914 3382 1083 3442 Rom.
1122 3383 1245 3443 xiv.
1290 3388 1386 3459 23,
1432 3394 1491 3445 et
1537 3384 1666 3445 Deo
1709 3386 2038 3463 displicens,
2089 3386 2242 3445 Heb.
2287 3387 2368 3445 xi.
2410 3390 2465 3462 6,
2513 3388 2549 3420 “
2579 3385 2964 3445 Immundis”

554 3463 707 3522 enim
740 3465 775 3496 “
804 3472 863 3523 et
890 3462 1221 3525 infidelibus
1264 3464 1412 3523 nihil
1456 3473 1545 3524 est
1587 3466 1888 3541 mundum,
1935 3465 2040 3523 sed
2078 3466 2302 3543 polluta
2341 3475 2431 3526 est
2471 3486 2670 3527 eorum
2701 3484 2867 3525 mens
2905 3475 2966 3525 et

556 3543 967 3621 conscientia,''
1001 3545 1115 3605 Tit.
1144 3546 1183 3604 i.
1218 3548 1331 3605 15.
1378 3544 1645 3604 Secundo
1675 3565 1750 3605 ex
1777 3554 1940 3623 parte
1961 3548 2176 3620 fomoe
2205 3566 2306 3605 seu
2333 3547 2508 3621 modi,
2539 3556 2606 3606 ut
2631 3546 2734 3605 fiat
2759 3565 2963 3605 secun-

554 3624 694 3683 dum
724 3625 945 3701 Legem
974 3624 1103 3702 Dei,
1134 3645 1253 3684 non
1282 3625 1469 3683 solum
1498 3633 1740 3684 externo
1780 3646 1969 3702 opere,
2022 3626 2126 3683 sed
2173 3628 2460 3704 praecipue
2503 3628 2730 3685 interna
2771 3625 2966 3685 cordis

554 3704 899 3780 obedientia,
920 3725 1094 3781 quam
1124 3706 1251 3765 Lex
1280 3706 1395 3763 Dei
1422 3704 1741 3783 spiritualis
1761 3726 1797 3763 a
1823 3705 2223 3782 peccatoribus
2252 3707 2508 3783 requirit,
2541 3707 2694 3765 Rom
2723 3706 2822 3763 vii.
2850 3709 2962 3765 14:

554 3786 611 3843 3.
658 3785 753 3841 Ex
782 3793 945 3862 parte
956 3786 1113 3865 finis,
1144 3794 1212 3845 ut
1237 3784 1341 3844 fiat
1382 3784 1459 3843 ad
1488 3784 1734 3863 gloriam
1763 3785 1894 3861 Dei,
1927 3790 1960 3843 l
1989 3785 2120 3845 Cor.
2147 3806 2210 3844 x.
2241 3788 2354 3861 313
2399 3787 2633 3847 Certum
2661 3794 2754 3845 est
2777 3786 2962 3845 virtu-

553 3872 642 3923 tes
673 3864 1097 3923 Ethnicorum'
1080 3886 1141 3922 ιιι
1168 3865 1355 3925 tribus
1380 3864 1511 3924 istis
1552 3885 1812 3943 peccare.
1897 3865 2064 3940 Nam,
2111 3874 2178 3925 ut
2221 3866 2434 3958 quoad
2451 3866 2798 3942 principum
2845 3884 2962 3923 non

553 3953 865 4022 potuerunt
906 3944 1193 4022 proficisci
1234 3964 1311 4003 ex
1352 3944 1483 4039 fide,
1534 3954 1637 4005 aut
1685 3944 1901 4004 mundo
1949 3944 2140 4020 corde,
2187 3945 2347 4021 quod
2393 3946 2538 4024 ipsis
2583 3945 2808 4005 defuit.
2869 3945 2966 4005 Ita

544 4023 748 4101 'quoad
774 4026 1001 4083 modum
1028 4024 1211 4084 defuit
1236 4024 1355 4083 illis
1382 4024 1608 4083 interna
1634 4034 1696 4083 et
1723 4024 2038 4102 spiritualis
2064 4024 2431 4101 obedientia;
2477 4027 2557 4086 Et
2583 4026 2776 4102 quoad
2784 4026 2966 4103 finan

555 4102 795 4161 directio
824 4104 899 4162 ad
932 4105 1042 4163 Dei
1068 4106 1329 4182 gloriam,
1363 4125 1495 4164 cum
1522 4046 1790 4164 litarintp
1770 4106 2018 4182 propriae
2046 4104 2346 4163 ambitioni
2374 4114 2434 4163 et
2461 4106 2704 4182 gloriae.
2743 4106 2964 4165 bonum

556 4191 750 4242 autem
780 4192 868 4241 est
896 4203 971 4241 ex
999 4184 1225 4261 integra
1253 4204 1443 4259 causa,
1476 4183 1579 4243 sed
1606 4185 1826 4243 malum
1853 4186 1953 4244 vel
1979 4205 2055 4244 ex
2083 4185 2255 4244 unico
2283 4183 2664 4244 defectu..

636 4262 713 4321 V.
757 4261 1146 4321 Athenienses
1175 4263 1445 4321 dicuntur
1472 4266 1693 4339 ιῦστβεῖι,
1739 4267 1936 4341 colere,
1965 4268 2157 4324 Deum
2184 4266 2448 4341 ignotum,
2479 4264 2617 4325 Act.
2665 4263 2812 4323 xvii.
2861 4266 2961 4337 23,

554 4362 673 4401 non
712 4340 880 4419 quasi
907 4361 1046 4400 vero
1074 4350 1131 4399 et
1174 4342 1413 4401 salutari
1454 4345 1614 4403 cultu
1657 4344 1850 4405 Deum
1891 4364 2095 4405 verum
2135 4352 2634 4422 prosequerentur,
2679 4343 2783 4405 sed
2822 4346 2964 4402 κατὰ

555 4422 713 4497 δόξαν,
746 4420 1063 4481 secundum
1092 4421 1435 4499 opinionem,
1460 4424 1599 4500 quia
1627 4444 1830 4484 verum
1863 4426 2052 4485 Deum
2081 4425 2192 4483 etsi
2219 4425 2486 4502 ignotum
2513 4444 2653 4483 vero
2695 4422 2858 4483 cultu
2897 4442 2963 4483 se

555 4504 778 4563 afficere
806 4510 1097 4581 putarunt.
1184 4502 1282 4561 Sic
1312 4502 1633 4579 Apostolus
1678 4525 1784 4582 per
1831 4504 2036 4563 miram
2067 4506 2459 4577 συμπάρεισι,
2485 4524 2586 4565 eos
2616 4503 2844 4563 Christo
2871 4504 2962 4561 lu·

554 4584 825 4643 crifacere
854 4582 1091 4658 studuit,
1121 4582 1623 4660 reprehensionem
1653 4583 1986 4645 laudatione
2015 4586 2323 4644 leniendo:
2367 4606 2503 4645 nam
2551 4593 2616 4645 ut
2659 4604 2775 4643 ιιοιι
2824 4583 2962 4642 sim·

554 4662 781 4739 pliciter
808 4662 959 4723 dixit
986 4684 1085 4723 eos
1112 4661 1177 4722 δι
1182 4692 1227 4721 (τι
1212 4660 1313 4721 ιδκι
1300 4690 1403 4740 expe
1406 4664 1505 4723 mi
1490 4692 1615 4745 ,ξονς
1644 4664 1804 4725 sed
1775 4691 1834 4730 ns
1864 4662 1980 4723 ὃιισι
1983 4662 2387 4745 δαιμοιεστεςους,
2419 4686 2492 4727 ne
2513 4665 2709 4725 durior
2735 4663 2964 4723 videm·
