3300 5225
483 350 681 421 xxxvi
1373 382 1635 428 oRA'rIO
1672 381 2043 429 FUNEBRIS.

490 537 758 602 Relictis
787 536 1042 602 Parisiis
1073 538 1446 607 Salmurium
1496 544 1836 619 contendit,
1870 544 2079 624 ibique
2122 542 2413 606 docentes
2442 542 2683 606 audivit
2730 564 2893 607 sum-

493 656 625 699 mos
656 635 1016 718 Theologos,
1055 640 1452 704 Ludovicum
1483 642 1837 725 Capellam,
1864 642 1945 707 Μ
1943 663 2113 705 osem
2139 641 2603 724 Amyraldum,
2622 642 2897 705 Josuam

495 734 852 799 Placaeum.
957 734 1140 801 Illinc
1170 737 1638 802 Montalba-num
1673 760 1869 820 usque
1898 759 2255 821 progressus
2272 746 2391 820 est,
2422 738 2531 803 ubi
2560 739 2900 804 Clarissimi

498 831 643 895 Viri
680 828 954 898 Carolus
985 841 1052 897 et
1081 834 1474 901 Garissolius
1509 838 1777 918 Europae
1807 839 2183 902 Reformatae
2217 838 2439 902 decora
2492 857 2729 901 summa
2762 859 2901 901 cum

497 930 686 993 laude
719 929 1090 995 Cathedram
1124 932 1554 1015 Theologicam
1603 939 2030 1017 occupabant;
2088 937 2246 999 Inde
2278 936 2659 999 Nemausum
2688 935 2899 1016 petiit,
2960 964 2967 969 ·

503 1027 741 1094 Urbem
791 1030 1188 1110 antiquitatis
1222 1032 1608 1097 Veneranda)
1658 1035 2093 1117 monumentis,
2128 1044 2193 1098 et
2245 1034 2620 1097 admirandae
2670 1032 2902 1113 partim

502 1126 984 1207 pulchritudinis
1011 1130 1336 1196 ruderibus
1367 1152 1439 1195 ac
1471 1134 1855 1214 fragmentis,
1891 1133 2423 1215 spectatissimam,
2458 1132 2525 1193 in
2554 1151 2677 1210 qua
2708 1131 2908 1194 Bene-

506 1227 710 1289 dictus
746 1226 802 1288 T
797 1230 1148 1291 urrettinus
1195 1229 1540 1295 ministerio
1567 1234 1822 1295 functus
1870 1234 2094 1295 fuerat.
2196 1230 2320 1295 Hic
2354 1236 2568 1293 noster
2595 1238 2911 1313 μακαρίτης

509 1321 950 1389 Venerandum
987 1327 1256 1392 Calvum
1287 1329 1603 1411 salutavit,
1641 1330 1744 1410 qui
1793 1330 1995 1409 ipsum
2026 1328 2374 1392 arctissime
2422 1327 2741 1407 amplexus
2790 1334 2910 1409 est,

507 1442 623 1486 nec
654 1423 969 1489 dimittere
1001 1432 1269 1509 poterat,
1301 1427 1603 1508 siquidem
1644 1426 1997 1492 amicissimi
2027 1426 2311 1491 Parentis
2360 1426 2427 1487 in
2460 1446 2553 1507 eo,
2584 1431 2658 1487 ut
2686 1425 2912 1507 aiebat,

511 1520 839 1601 imaginem
896 1523 1256 1586 intuebatur
1316 1544 1691 1604 expressam.
1825 1525 1931 1591 Sic
1985 1532 2182 1589 totam
2230 1523 2583 1605 peragravit
2626 1523 2913 1604 Galliam,

511 1618 742 1697 ubique
770 1618 865 1681 sui
897 1620 1267 1685 desiderium
1317 1623 1689 1702 relinquens,
1722 1644 1792 1685 ac
1843 1621 2109 1687 nominis
2157 1621 2711 1703 fragrantissimum
2744 1641 2917 1701 spar-

513 1734 665 1798 gens
700 1717 969 1782 odorem.
1073 1717 1349 1782 Tandem
1397 1740 1606 1783 rerum
1637 1742 1773 1797 usu,
1825 1721 2027 1785 literis
2056 1742 2129 1785 ac
2177 1720 2431 1802 pietatis
2474 1721 2709 1796 ardore,
2742 1720 2917 1784 locu-

515 1812 742 1894 pletior
768 1816 989 1895 factus,
1026 1816 1342 1883 Gallorum
1375 1838 1446 1883 ac
1477 1817 1807 1901 Belgarum
1838 1820 2037 1885 doctis
2065 1826 2321 1883 onustus
2352 1818 2586 1901 spoliis,

1049 1976 1054 1979 Ι
1128 2009 1362 2085 Optatos
1389 2012 1556 2087 lares,
1587 2019 1641 2070 et
1653 2010 1908 2089 pignora
1935 2013 2065 2070 laeta
2092 2010 2296 2071 revisit.

621 2203 912 2271 TEMPUS
945 2214 1104 2288 erat,
1135 2214 1209 2269 ut
1240 2208 1596 2273 concredita
1623 2208 1742 2273 sibi
1772 2209 2013 2273 talenta
2039 2209 2104 2271 in
2139 2208 2416 2290 publicos
2446 2214 2727 2287 erogaret
2757 2226 2922 2269 usus.

524 2300 674 2366 Non
726 2324 901 2367 mora
949 2304 1134 2387 longa
1180 2306 1318 2384 fuit,
1352 2308 1458 2371 vix
1511 2308 1677 2372 enim
1726 2308 1945 2388 patriae
1978 2300 2146 2372 sedis
2196 2307 2411 2370 limina
2441 2305 2675 2386 tetigit,
2709 2306 2921 2368 statim

520 2400 683 2465 sacri
733 2401 1068 2467 Ministerii
1123 2405 1354 2469 honore
1410 2406 1631 2487 dignus
1684 2406 1937 2469 habitus
1992 2413 2091 2469 est
2142 2425 2303 2467 anno
2357 2400 2476 2482 47,
2522 2409 2589 2464 et
2644 2399 2925 2480 sequenti

524 2498 883 2562 Venerandi
919 2500 1207 2580 Synedrii
1241 2504 1531 2565 Patribus
1565 2510 1896 2582 cooptatus
1946 2501 2090 2581 fuit,
2126 2521 2197 2563 ac
2231 2501 2339 2579 huj
2347 2519 2419 2563 us
2451 2498 2747 2562 Ecclesiae
2778 2498 2927 2562 Pas-

523 2603 626 2659 tor
659 2603 925 2681 creatns,
959 2596 1182 2660 Italico
1215 2598 1415 2662 Ooetui
1445 2618 1621 2662 sacra
1649 2597 1838 2662 etiam
1866 2597 2265 2674 ministrans;
2318 2596 2513 2684 (Nam
2534 2617 2641 2661 seu
2663 2596 2926 2678 Gallico,

528 2715 638 2759 seu
671 2695 922 2776 Latino,
957 2715 1067 2758 seu
1098 2694 1322 2760 Italico
1363 2697 1676 2773 idiomate,
1707 2696 1846 2777 pari
1879 2717 1953 2760 ac
2002 2696 2308 2775 stupenda
2338 2695 2642 2760 facilitate
2674 2716 2927 2777 perora-

525 2789 684 2864 bat.)
787 2792 916 2856 Ubi
963 2793 1231 2875 primum
1262 2814 1384 2860 vox
1438 2795 1571 2875 ejus
1623 2795 1691 2858 in
1725 2794 1999 2875 Templis
2030 2795 2244 2858 audita
2286 2795 2428 2876 fuit,
2463 2815 2674 2858 omnes
2704 2795 2931 2858 redivi«

527 2912 671 2956 vum
701 2891 952 2954 Patrem
984 2899 1384 2974 agnoverunt,
1404 2899 1472 2956 et
1502 2893 1917 2957 Benedictum
1938 2894 2003 2955 in
2020 2893 2369 2957 Franci-sco
2398 2893 2741 2956 exosculati
2762 2898 2929 2956 sunt.

529 2988 785 3067 Quoties
819 2989 1192 3054 ascendebat
1224 2997 1601 3073 suggestum,
1632 2991 1821 3058 toties
1851 2992 2019 3055 velut
2048 2991 2246 3055 altero
2274 2991 2421 3056 Sole
2454 2999 2592 3055 orto
2624 2991 2813 3054 animi
2834 3011 2931 3054 re-

528 3089 922 3169 creabantur,
953 3087 1344 3169 omniumque
1393 3090 1473 3152 ad
1504 3089 1707 3169 ipsum
1759 3090 2274 3153 convertebantur
2314 3091 2474 3154 oculi
2500 3096 2567 3153 ct
2595 3109 2809 3163 aures;
2860 3108 2935 3152 eo

531 3187 781 3250 flumine
812 3185 1062 3268 eloquii,
1095 3207 1169 3250 eo
1197 3206 1381 3251 succo
1411 3187 1737 3251 suavitatis
1786 3187 2037 3251 auribus
2087 3207 2221 3251 sese
2254 3189 2524 3252 omnium
2553 3187 2930 3268 insinuabat,

531 3291 606 3348 ut
640 3284 914 3349 Athenis
946 3284 1185 3349 Atticis
1219 3285 1413 3348 altum
1445 3285 1895 3365 educatumque
1924 3285 2228 3359 dixisses3
2282 3287 2519 3350 Cuncta
2557 3306 2749 3365 usque
2780 3285 2935 3348 adeo

533 3382 600 3446 in
633 3384 769 3463 ejus
797 3382 1035 3446 labellis
1064 3384 1248 3463 plena
1295 3384 1514 3466 melliS,
1545 3384 1728 3465 plena
1766 3384 2054 3449 nectaris.
2176 3383 2566 3446 Luxuriabat
2614 3391 2795 3445 tanta
2844 3382 2936 3444 di-

535 3482 866 3546 cendorum
917 3483 1203 3545 ubertate
1251 3488 1318 3545 et
1367 3482 1563 3562 copia,
1597 3489 1669 3545 ut
1703 3483 1756 3546 si
1790 3482 1938 3563 quid
1966 3481 2171 3546 minus
2204 3488 2448 3544 attento
2506 3480 2824 3560 effugisset
2871 3479 2939 3540 in

537 3580 776 3661 primis,
808 3579 875 3643 id
901 3580 968 3642 in
999 3581 1282 3644 secundis
1314 3581 1494 3645 facile
1526 3581 1803 3661 reparari
1831 3590 2060 3663 posset.
2162 3579 2494 3643 Oculorum
2538 3584 2606 3640 et
2637 3579 2761 3642 oris
2809 3597 2937 3640 ma-

531 3678 732 3758 jestas
761 3699 836 3742 ea
862 3678 985 3741 fuit
1007 3679 1197 3759 juxta
1248 3685 1315 3742 et
1345 3678 1719 3760 humanitas,
1756 3685 1827 3741 ut
1876 3676 2285 3742 attentionem
2338 3675 2691 3739 auditorum
2739 3675 2941 3738 nullus

540 3777 842 3857 denegare
871 3785 1102 3859 posset,
1123 3777 1352 3858 quippe
1383 3769 1565 3859 grata
1593 3777 1705 3840 illa
1719 3776 1964 3858 augusti
1988 3775 2168 3838 simul
2202 3781 2267 3838 et
2293 3774 2543 3837 humani
2570 3773 2941 3856 conjunctio,

542 3895 679 3955 qnae
708 3873 773 3935 in
804 3875 1009 3937 fronte
1041 3875 1507 3959 observabatur,
1537 3875 1945 3939 reverentiam
1980 3893 2052 3938 ac
2085 3893 2354 3937 amorem
2388 3873 2657 3936 omnium
2687 3874 2941 3956 adspec-

543 3972 814 4036 tantium
843 3971 1056 4034 statim
1088 3975 1496 4052 extorquebat
1522 3996 1538 4048 ;
1590 3972 1695 4037 Sic
1728 3979 1969 4035 tantam
2000 3972 2077 4036 de
2101 3992 2167 4036 se
2189 3971 2707 4036 existimationem
2726 3970 2943 4053 primis

541 4071 668 4135 illis
698 4068 874 4132 annis
903 4068 1201 4132 excitavit
1233 4071 1399 4147 apud
1429 4069 1840 4152 Genevenses,
1872 4076 1946 4132 ut
1974 4091 2138 4134 anno
2171 4071 2382 4152 1650,
2406 4073 2483 4134 ab
2523 4069 2945 4151 Amplissimis

545 4168 911 4234 Proceribus
940 4167 1173 4232 nostris
1203 4165 1491 4248 Synedrii
1520 4166 1813 4231 Patribus
1845 4166 2277 4250 Philosophica
2310 4170 2621 4233 cathedra
2651 4169 2770 4250 ipsi
2820 4187 2943 4229 non

545 4265 733 4334 semel
765 4265 976 4328 oblata
1001 4266 1211 4348 fuerit,
1245 4285 1430 4345 quam
1463 4285 1573 4345 pro
1603 4285 1715 4328 sua
1746 4265 2049 4329 modestia
2080 4266 2368 4347 amplecti
2404 4266 2626 4331 renuit.

645 4365 709 4429 N
715 4380 808 4427 οΝ
861 4362 1027 4427 intra
1077 4369 1371 4446 angustos
1423 4362 1686 4426 Genevae
1716 4370 1945 4427 nostrae
1980 4364 2276 4429 cancellos
2321 4366 2754 4430 coarctabatur
2783 4364 2948 4424 fama

544 4462 745 4530 nostri
771 4470 1080 4546 μακαρίτου
1106 4485 1122 4538 ;
1173 4462 1318 4526 hinc
1346 4464 1578 4526 factum
1609 4468 1683 4525 nt
1716 4481 1855 4525 cum
1882 4462 2163 4526 Ecclesia
2191 4460 2621 4545 Lugdunensis
2654 4462 2948 4525 Aarom‘s

541 4564 724 4628 Mori
750 4567 903 4623 tunc
935 4559 1204 4624 defuncti
1239 4559 1581 4624 ministerio
1610 4560 1833 4624 orbata
1864 4560 2205 4644 plangeret,
2237 4580 2350 4643 per
2384 4560 2598 4622 literas
2627 4559 2951 4622 Turretti-

541 4684 695 4727 num
722 4665 1005 4726 nostrum
1036 4657 1416 4744 invitaverit,
1446 4658 1505 4726 ei
1534 4661 1726 4727 verba
1752 4659 1870 4728 viri
1899 4658 2256 4726 Macedonis
2306 4656 2666 4736 acclamans,
2700 4660 2953 4735 βοήθησον
