3300 5225
490 333 607 393 358
1454 345 1637 389 Locus
1667 343 1957 397 QuAnrus.
2460 320 2716 404 [Quffls‘r.
2744 340 2907 383 xvn.

493 490 624 551 vult
649 490 854 565 facere,
895 487 959 548 id
985 486 1366 567 proculdubio
1393 486 1534 565 fieri,
1581 486 1686 547 sed
1712 506 1829 547 non
1870 484 2067 545 statim
2092 483 2236 560 fieri,
2280 502 2409 560 quae
2450 483 2575 561 ipse
2616 502 2732 542 non
2773 480 2913 543 vult

499 569 742 645 efficere,
773 568 876 628 sed
905 568 979 628 ab
1007 568 1138 627 aliis
1163 568 1444 647 praestari.
1503 568 1576 627 R.
1607 566 1759 642 Quis
1798 565 1957 624 eliud
1978 572 2068 623 est
2094 564 2256 641 loqui
2282 564 2355 622 de
2377 561 2677 622 voluntate
2700 582 2911 641 appro-

497 650 698 711 bativa
723 657 783 708 et
821 648 1206 726 praecipiente,
1250 666 1367 725 quo
1396 666 1570 707 sensu
1597 654 1818 706 certum
1845 653 1936 704 est
1975 644 2159 703 multa
2182 643 2310 702 fieri
2341 660 2472 719 quae
2512 661 2631 701 non
2657 642 2803 718 vult,
2848 650 2915 701 et

497 730 682 789 multa
705 746 824 787 non
849 727 975 787 fieri
995 746 1126 805 quse
1141 728 1286 804 vult,
1317 727 1396 787 id.
1419 727 1701 805 approbat
1728 732 1786 784 et
1810 724 2105 803 praecipit3
2149 730 2216 783 ut
2240 723 2371 782 vult
2396 721 2659 781 homines
2688 722 2915 799 Legem

495 809 738 888 implere
765 816 825 868 et
849 808 937 867 illi
965 806 1224 901 obsequi,
1268 807 1426 884 quod
1451 826 1570 865 non
1608 806 1675 865 fit
1702 813 1928 882 temen3
1972 802 2159 862 Aliud
2198 820 2339 862 vero
2366 802 2439 861 de
2467 802 2765 861 voluntate
2806 802 2913 861 de-

499 896 786 964 cernente,
815 906 946 965 quse
973 886 1277 947 consilium
1304 894 1365 947 et
1389 886 1766 945 intentionem
1796 884 1908 944 Dei
1934 886 2221 961 importat,
2266 902 2381 959 quo
2411 901 2585 941 sensu
2621 882 2767 940 nihil
2805 901 2915 959 po-

499 977 618 1028 test
645 968 798 1027 velle
826 975 885 1026 et
911 966 1225 1043 intendere,
1269 964 1427 1045 quod
1453 984 1570 1025 non
1609 965 1801 1044 reipsa
1824 964 1962 1041 fietg,
2006 964 2135 1022 Imo
2176 982 2245 1022 ea
2284 962 2413 1041 ipsa
2452 980 2582 1039 quse
2622 980 2740 1021 non
2778 962 2917 1021 vult

500 1048 800 1108 voluntate
825 1046 1214 1126 praecipiente,
1245 1054 1305 1105 et
1329 1046 1478 1105 fiunt
1503 1054 1714 1121 tamen,
1745 1064 1863 1103 non
1888 1044 2037 1103 fiunt
2063 1043 2178 1101 nisi
2204 1061 2274 1101 ea
2300 1041 2446 1101 velit
2482 1042 2779 1100 voluntate
2808 1041 2913 1100 de-

503 1136 790 1203 cernente,
821 1135 887 1186 ut
915 1126 996 1185 ita
1023 1145 1140 1184 non
1165 1126 1270 1185 fiat
1299 1135 1520 1203 preater
1545 1128 1882 1184 voluntatem
1910 1126 2042 1201 q'us,
2070 1122 2230 1200 quod
2254 1122 2322 1180 fit
2348 1132 2549 1181 contra
2574 1124 2691 1198 ejus
2716 1124 2914 1180 volun-

501 1216 687 1283 tatem,
717 1215 783 1266 ut
809 1206 948 1265 olim
975 1206 1318 1283 loquebatur
1347 1204 1734 1283 Augustinus,
1819 1202 1905 1262 At
1930 1203 2042 1279 hic,
2073 1212 2139 1262 ut
2166 1210 2336 1261 antea
2362 1201 2598 1278 dictum,
2641 1220 2759 1259 non
2786 1200 2915 1278 agi-

501 1296 598 1347 tur
624 1286 696 1345 de
717 1286 1016 1345 voluntate
1045 1286 1332 1345 duntaxat
1348 1285 1718 1363 approbante,
1742 1302 1859 1361 qua
1879 1292 2103 1361 gratam
2130 1283 2306 1342 habet
2330 1280 2915 1356 salutem-hominum,

503 1367 608 1426 sed
635 1366 708 1425 de
744 1366 1104 1441 decernente,
1134 1385 1252 1443 qua
1278 1365 1528 1425 intendit
1565 1365 1794 1424 mittere
1836 1363 2129 1423 Christum
2169 1363 2229 1420 in
2256 1362 2536 1421 mundum
2564 1360 2641 1419 ed
2667 1360 2918 1419 salutem

503 1445 771 1505 omnibus
798 1445 1206 1524 acquirendam
1233 1446 1284 1505 si
1311 1445 1582 1521 credant3
1626 1462 1799 1521 quam
1827 1443 2047 1502 irritam
2088 1450 2149 1501 et
2172 1442 2553 1503 frustraneum
2582 1460 2707 1499 esse
2744 1458 2915 1518 opor-

503 1534 588 1585 tet
614 1546 690 1585 ex
715 1527 826 1585 hac
851 1525 1180 1604 hypothesi.

587 1604 814 1664 XXII.
860 1607 1034 1664 Dices
1075 1604 1327 1681 aliquem
1367 1603 1580 1663 frustra
1619 1620 1791 1680 posse
1832 1601 1949 1661 dici
1988 1600 2211 1680 aliquid
2249 1600 2402 1660 velle
2432 1600 2659 1659 duobus
2685 1598 2911 1673 modis3

505 1684 603 1743 vel
629 1692 696 1743 ut
723 1684 784 1742 id
809 1693 1023 1744 temere
1049 1684 1324 1761 nullaque
1365 1682 1586 1742 ratione
1613 1700 1747 1741 eum
1787 1682 1941 1741 velle
1982 1682 2371 1759 significetur;
2412 1679 2511 1739 vel
2550 1690 2616 1739 ut
2657 1678 2717 1737 id
2755 1678 2918 1756 quod

507 1764 638 1823 vult
673 1764 908 1823 minime
951 1763 1168 1822 factum
1209 1762 1606 1840 intelligatur3
1664 1760 2003 1821 Absurdum
2046 1780 2173 1822 esse
2213 1762 2403 1820 Deum
2448 1758 2669 1836 aliquid
2704 1758 2920 1818 frustra.

507 1843 659 1904 velle
687 1844 864 1923 priori
893 1862 1082 1919 sensu,
1099 1838 1220 1902 ‘nec
1246 1843 1439 1901 locum
1465 1842 1562 1901 hic
1601 1841 1834 1917 habere,
1865 1842 2151 1918 siquidem
2190 1840 2350 1918 quod
2388 1842 2489 1899 e'os
2528 1839 2630 1933 qui
2672 1846 2917 1915 percunt

509 1924 706 1983 salv'os
731 1923 856 1983 fieri
881 1923 1084 2000 voluit,
1115 1942 1232 1983 non
1258 1931 1474 1982 temere
1500 1921 1735 1997 factum,
1766 1922 1869 1980 sed
1898 1940 1973 1980 ex
2000 1921 2275 1981 bonitatis
2304 1938 2423 1979 suae
2450 1928 2672 1978 ratione
2691 1918 2879 1978 voluit
2896 1941 2916 1978 ε

513 2002 630 2063 Sed
658 2002 912 2063 secundo
937 2022 1055 2061 non
1082 2022 1209 2062 esse
1237 2002 1550 2063 absurdum
1593 2002 1785 2060 Deum
1812 2000 2033 2080 aliquid
2072 2000 2285 2059 frustra
2310 1998 2480 2075 velle,
2525 1998 2682 2076 quod
2722 1998 2917 2075 reipsa

509 2102 626 2142 non
666 2080 751 2143 fit.
835 2082 909 2141 R.
957 2082 1074 2141 Sed
1099 2082 1211 2141 hoc
1237 2100 1354 2141 non
1383 2082 1560 2142 solvit
1597 2081 1854 2157 nodum;
1915 2084 1971 2141 N
1971 2101 2065 2140 am
2106 2080 2253 2139 illud
2292 2079 2504 2139 frustra
2528 2097 2657 2138 esse
2684 2077 2911 2154 dicitur,

507 2163 666 2241 quod
691 2163 865 2222 finem
893 2164 1178 2223 intentum
1205 2181 1324 2222 non
1363 2162 1705 2240 assequitur,
1736 2161 1895 2238 quod
1933 2162 2029 2221 hie
2055 2160 2181 2219 fieri
2220 2177 2395 2219 nemo
2431 2176 2647 2236 negare
2686 2166 2911 2236 potest3

507 2244 659 2303 Nam
688 2243 960 2303 voluntas
985 2244 1114 2319 ista,
1145 2244 1243 2303 vel
1268 2262 1374 2320 pro
1399 2242 1514 2301 fine
1541 2242 1748 2301 habuit
1774 2241 2035 2317 salutem,
2065 2240 2163 2300 vel
2195 2258 2352 2316 non3
2400 2239 2463 2299 Si
2490 2258 2624 2315 nou,
2652 2258 2771 2297 non
2808 2258 2913 2315 po-

508 2332 624 2383 test
652 2323 766 2383 dici
795 2322 956 2383 Deus
983 2322 1240 2383 voluisse
1281 2342 1380 2383 eos
1421 2322 1679 2397 servari3
1744 2320 1808 2380 Si
1847 2322 2067 2398 habuit,
2099 2328 2159 2379 et
2198 2340 2316 2379 non
2356 2318 2623 2393 obtinuit,
2656 2318 2916 2395 sequitur

511 2404 700 2464 Deum
727 2404 843 2462 fine
881 2420 986 2463 suo
1013 2403 1321 2463 excidisse.
1407 2402 1665 2479 Regeres
1692 2402 2051 2462 voluntatem
2093 2400 2266 2459 istam
2300 2418 2471 2477 posse
2499 2398 2615 2457 dici
2642 2400 2915 2470 efficacem

507 2492 568 2542 et
593 2482 927 2557 inefficacem
953 2483 1132 2542 variis
1159 2482 1346 2542 modis
1369 2504 1384 2558 3
1445 2482 1721 2555 efficacem
1760 2482 1981 2541 ratione
2022 2480 2335 2540 multorum
2383 2488 2615 2538 actuum
2642 2498 2787 2554 quos
2813 2476 2919 2535 illa

509 2564 712 2640 exerit,
744 2562 1067 2640 cujusmodi
1098 2570 1233 2622 sunt
1263 2562 1572 2621 Decretum
1602 2561 1675 2621 de
1712 2561 1993 2622 mittendo
2021 2568 2081 2621 et
2120 2560 2293 2622 morti
2319 2558 2598 2620 tradendo
2628 2558 2781 2618 Filio
2808 2577 2916 2617 suo

507 2643 586 2702 ad
611 2643 654 2702 J
657 2642 869 2702 ustitiae
897 2642 1362 2717 satisfactionem,
1393 2641 1466 2700 de
1494 2641 1889 2700 conservando
1916 2641 2150 2717 mundo,
2182 2651 2241 2700 et
2286 2639 2361 2699 de
2406 2639 2673 2698 saluteris
2716 2639 2915 2714 cogni-

508 2723 684 2782 tionis
705 2722 852 2798 luce,
870 2741 988 2800 qua
1007 2721 1270 2782 homines
1286 2729 1567 2780 vocantur
1583 2720 1969 2780 diversimode
1997 2741 2066 2781 ac
2092 2741 2197 2798 pro
2218 2721 2395 2778 variis
2416 2719 2770 2797 temporibus
2796 2717 2915 2776 dis·

510 2799 839 2880 pensanda3
883 2801 1217 2874 inefficacem
1242 2821 1399 2876 vero,
1423 2801 1474 2859 si
1501 2800 1578 2860 ed
1603 2801 1900 2861 hominum
1930 2800 2152 2860 animos
2180 2818 2490 2876 eorumque
2518 2807 2681 2858 actus
2708 2796 2915 2858 refera-

509 2891 620 2959 tur,
651 2882 808 2961 quod
833 2881 1069 2940 minime
1097 2879 1322 2956 efficiat,
1351 2888 1419 2940 ut
1445 2880 1602 2958 quod
1629 2881 1760 2940 vult
1784 2899 1885 2939 eos
1913 2881 2116 2957 fecere,
2136 2880 2199 2939 id
2226 2887 2315 2940 est
2342 2879 2573 2938 credere
2599 2887 2660 2938 et
2683 2877 2915 2955 resipis-

509 2981 656 3038 cere,
686 2962 749 3020 id
773 2961 966 3038 reipsa
991 2961 1222 3021 faciant.
1308 2959 1382 3019 R.
1429 2959 1546 3019 Sed
1593 2979 1667 3020 ne
1696 2960 1780 3019 sic
1823 2960 2056 3037 quidem
2100 2961 2323 3020 tollitur
2358 2959 2703 3034 difficultas3
2766 2959 2915 3016 Nam

507 3059 852 3119 quacunque
898 3040 1131 3100 demum
1174 3039 1396 3100 ratione
1444 3039 1648 3099 efficax
1690 3039 1930 3115 dicetur,
1960 3040 2227 3100 inefficax
2256 3057 2479 3118 semper
2524 3038 2781 3098 manebit
2826 3057 2913 3095 re-

509 3129 714 3198 spectu
738 3121 871 3179 finis
899 3140 934 3179 a
963 3121 1090 3179 Deo
1118 3120 1342 3195 intenti,
1375 3119 1596 3179 scilieet
1637 3120 1841 3179 salutis
1867 3120 2183 3180 hominum.
2267 3119 2493 3179 Deinde
2532 3117 2761 3195 concipi
2798 3135 2917 3176 non

509 3207 719 3279 potest,
751 3200 852 3278 qui
879 3199 1113 3276 factum,
1143 3209 1209 3259 ut
1256 3200 1432 3275 Deus,
1464 3200 1566 3276 qui
1607 3199 1859 3258 voluerit
1902 3199 2206 3260 efficaciter
2244 3208 2509 3278 respectu
2554 3197 2917 3274 singulorum

511 3281 571 3338 id
600 3279 757 3357 quod
783 3280 956 3358 longe
982 3280 1174 3357 majus
1209 3288 1315 3356 est,
1347 3279 1617 3338 nimirum
1659 3279 1951 3338 dationem
1980 3280 2135 3356 Filii,
2178 3299 2295 3339 non
2322 3279 2572 3338 voluerit
2612 3277 2920 3337 efficaciter

509 3360 574 3419 id
601 3359 758 3438 quod
783 3359 958 3438 longe
985 3360 1176 3419 minus
1203 3368 1308 3433 est,
1339 3377 1545 3438 nempe
1565 3367 1630 3419 ut
1657 3359 1919 3418 homines
1940 3360 2239 3419 crederent
2264 3367 2324 3418 et
2342 3359 2761 3437 resipiscerent,
2786 3376 2916 3418 cum

509 3440 656 3499 alias
685 3440 824 3499 satis
851 3440 1220 3518 intelligeret,
1251 3440 1470 3517 absque
1496 3459 1567 3498 eo
1608 3447 1817 3502 caetera
1842 3439 2055 3499 frustra
2094 3439 2233 3516 fore,
2264 3458 2371 3499 nee
2412 3439 2680 3516 cuiquam
2720 3437 2915 3517 profu·

509 3529 659 3580 tura.

593 3599 853 3659 XXIII.
898 3599 1128 3677 QuintO,
1165 3599 1310 3660 Illos
1335 3619 1456 3658 non
1482 3599 1611 3660 vult
1639 3599 1854 3658 salvari
1884 3599 2061 3676 Deus,
2087 3619 2233 3678 quos
2260 3598 2570 3676 nequidem
2590 3597 2789 3657 Verbo
2810 3615 2919 3656 suo

509 3680 640 3740 vult
665 3700 874 3739 vocare
903 3681 979 3739 ad
1003 3681 1180 3740 fidem
1207 3687 1267 3740 et
1294 3680 1558 3740 salutem.
1642 3679 1695 3738 N
1701 3698 1795 3738 am
1822 3679 1917 3738 cui
1959 3679 2319 3758 denegantur
2358 3678 2566 3754 media,
2596 3678 2714 3737 illis
2740 3677 2916 3736 etiam

507 3759 787 3838 denegari
814 3767 1082 3820 censetur
1105 3761 1260 3820 finis.
1346 3760 1432 3819 At
1457 3759 1776 3819 innumeris
1804 3759 2118 3838 denegavit
2144 3759 2325 3819 Verbi
2364 3759 2729 3838 praeconium,
2760 3755 2918 3834 quod

505 3840 700 3898 solum
727 3849 817 3898 est
842 3841 1098 3899 medium
1141 3841 1217 3899 ad
1242 3840 1415 3899 fidem
1445 3849 1504 3899 et
1549 3839 1811 3916 sulutem,
1842 3848 1909 3900 ut
1952 3839 2061 3898 sub
2088 3840 2165 3898 V.
2194 3837 2263 3897 T.
2314 3839 2581 3898 omnibus
2625 3837 2913 3915 gentibus,

511 3919 624 3978 sub
653 3919 726 3978 N.
756 3939 896 3978 vero
923 3919 1102 3978 variis
1130 3921 1318 3978 adhuc
1348 3919 1606 3996 Populis,
1637 3919 1849 3996 quibus
1877 3939 2173 3996 nunquam
2201 3917 2419 3978 effiilsit
2453 3919 2558 3976 lux
2588 3915 2914 3994 Evangelii,

513 4006 572 4057 et
599 3997 701 4073 qui
727 3998 788 4055 in
814 3999 1068 4057 tenebris
1096 3998 1454 4057 densissimis
1484 3999 1819 4076 Paganismi
1846 3999 2035 4058 adhuc
2053 4000 2271 4076 jacent.
2336 3998 2437 4056 An
2452 4017 2594 4056 vero
2622 3995 2913 4071 credibile,

509 4078 562 4136 si
595 4077 756 4135 Deus
773 4077 1278 4154 propensissimam
1299 4077 1458 4134 illam
1477 4077 1836 4136 voluntatem
1864 4079 2173 4137 miserendi
2194 4078 2452 4137 omnium
2473 4085 2531 4136 et
2559 4076 2917 4154 singulorum

513 4157 590 4214 ad
619 4156 864 4215 salutem
905 4156 1220 4231 habuisset,
1253 4165 1311 4215 et
1352 4155 1472 4214 illis
1501 4156 1793 4216 Christum
1838 4158 2219 4218 Mediatorem
2260 4159 2488 4217 mittere
2525 4155 2915 4230 decrevisset3

512 4235 679 4293 illum
707 4255 810 4311 per
837 4243 1084 4312 quatuor
1112 4236 1339 4295 circiter
1365 4236 1548 4294 millia
1575 4255 1854 4296 annorum
1897 4258 2095 4297 omnes
2126 4239 2363 4312 Gentes,
2400 4245 2645 4314 excepto
2672 4255 2789 4294 uno
2814 4255 2917 4312 po-

509 4315 651 4393 pulo
671 4314 1004 4391 Israfflitico,
1021 4315 1436 4392 permissurum
1453 4315 1630 4375 fuisse
1660 4316 1743 4375 ire
1758 4317 1872 4375 viis
1900 4319 2037 4392 suis,
2070 4327 2129 4378 et
2155 4317 2301 4376 nihil
2330 4318 2445 4376 illis
2472 4317 2546 4376 de
2576 4316 2917 4391 Mediatore,

511 4395 614 4472 qui
641 4413 746 4473 pro
773 4394 917 4471 ipsis
943 4403 1223 4454 venturus
1249 4405 1374 4454 erat
1401 4396 1460 4454 in
1487 4396 1769 4455 mundum
1798 4396 2086 4457 dicturum
2114 4397 2311 4473 fuisse,
2340 4404 2403 4457 et
2428 4397 2799 4456 exclusurum
2820 4413 2920 4454 eas

512 4475 690 4534 fuisse
717 4495 754 4534 e
775 4474 956 4534 Verbi
985 4475 1074 4533 sui
1101 4476 1406 4552 praeconiO,
1429 4477 1586 4554 quod
1607 4477 1841 4536 unicum
1863 4486 1953 4536 est
1981 4477 2056 4536 ad
2077 4478 2251 4537 fidem
2278 4485 2339 4536 et
2360 4477 2605 4537 salutem
2626 4475 2916 4550 medium3

515 4557 684 4615 Rom.
715 4577 773 4613 x.
810 4559 880 4614 17
901 4558 930 4614 ¹?
1015 4555 1132 4616 Ubi
1161 4563 1281 4615 tum
1311 4556 1464 4614 bona
1491 4557 1592 4615 illa
1621 4557 1893 4616 voluntas
1920 4577 1983 4616 se
2022 4557 2268 4633 exeruit,
2300 4577 2475 4634 quam
2502 4557 2715 4616 dieitur
2758 4555 2921 4613 Deus

511 4635 783 4694 habuisse
813 4636 871 4694 in
901 4635 1146 4714 gratiam
1185 4637 1484 4714 ipsarum?
1570 4637 1646 4696 Et
1692 4637 1782 4696 cui
1812 4637 1965 4696 bono
1996 4637 2258 4697 Christus
2302 4638 2417 4696 illis
2460 4637 2782 4697 destinatus
2810 4642 2918 4710 est,
