3300 5225
331 342 470 399 ‹215AE
481 342 565 385 sr.
598 324 718 404 111.]
1309 345 1388 385 nn
1416 344 1778 387 mnonoem.
2712 334 2752 388 7-

331 490 582 543 tractant
609 483 682 543 de
711 482 887 543 variis
912 482 974 541 in
1000 482 1320 562 Theologia
1336 491 1544 545 conten
1573 484 1588 499 ‘
1665 504 1781 544 non
1810 484 1883 545 de
1902 484 2021 544 illis
2040 492 2290 545 tractant
2314 486 2521 547 eodem
2546 488 2736 567 mod0,

332 582 440 623 nec
467 564 577 623 sub
605 562 806 623 eadem
849 562 1069 623 ratione
1112 562 1376 642 formali3
1421 563 1572 625 Nam
1708 564 1938 643 eologia
1980 562 2054 623 de
2100 562 2219 625 illis
2264 564 2405 643 agit,
2453 575 2739 644 quatenus

333 643 500 703 nobis
527 643 726 703 Verbo
757 642 870 703 Dei
896 650 1032 703 sunt
1056 642 1346 705 revelatae.
1427 644 1657 704 Deinde
1700 663 1799 703 eas
1842 642 2168 705 considerat
2202 645 2379 725 juxta
2418 666 2622 707 causas
2648 668 2736 708 re-

331 732 534 799 motas,
553 732 694 801 puta
719 722 1058 785 efficientem
1083 722 1326 801 primam
1353 744 1390 783 a
1413 743 1530 803 qua
1557 732 1709 803 sunt,
1729 732 1788 784 et
1814 724 1989 783 finem
2014 725 2283 785 ultimum
2302 724 2379 785 ad
2405 745 2578 805 quem
2594 728 2737 788 refe-

333 811 554 941 nintlrtzi
621 823 737 862 non
781 811 974 863 autem
1032 803 1326 882 proximas
1349 824 1365 880 3
1421 811 1480 863 et
1499 805 1677 883 juxta
1728 803 2051 865 accidentia
2102 807 2574 887 supernaturalia,
2620 827 2739 867 non

332 892 454 941 nati
559 883 632 941 ia.
2604 884 2615 893 '

413 962 536 1021 XI.
579 960 764 1020 Aliud
818 970 908 1021 est
961 960 1338 1039 Theologiam
1391 981 1519 1023 esse
1573 968 1753 1023 unam‘
1801 962 1995 1043 quoad
2040 964 2405 1025 substantiam
2456 970 2517 1026 et
2562 984 2741 1045 ,qenus

333 1043 618 1117 doctr-ime,
677 1040 865 1100 Aliud
911 1040 1104 1119 quoad
1146 1042 1373 1100 modum
1425 1044 1715 1103 ίναοίαηάἰ
1730 1067 1755 1117 ,·
1838 1042 2101 1103 osteriori
2155 1062 2329 1103 sensu
2378 1051 2574 1123 potest
2626 1045 2743 1107 dici

332 1121 636 1199 multiplex
659 1120 834 1198 juxta
859 1120 1085 1179 varium
1125 1118 1351 1187 παιδιὰς
1375 1147 1412 1179 τ
1435 1126 1568 1199 ἶπον,
1599 1142 1775 1183 secun
1817 1144 1917 1183 um
1942 1144 2115 1201 quem
2143 1124 2295 1183 tradi
2331 1132 2540 1203 potest,
2570 1134 2631 1185 et
2658 1125 2742 1187 sic

331 1202 392 1259 in
422 1201 798 1277 Didacticam,
831 1200 1330 1277 Problematicam,
1351 1202 1402 1259 E
1428 1202 1727 1280 encticam,
1758 1202 2152 1279 Casuisticam,
2196 1202 2307 1264 &c.
2335 1204 2738 1283 distribuitur-3

332 1279 436 1340 sed
477 1280 653 1358 priori
697 1299 870 1341 sensu
897 1300 1006 1339 nec
1031 1286 1140 1357 est,
1168 1299 1275 1341 nec
1317 1288 1511 1359 potest
1552 1300 1683 1343 esse
1728 1282 2052 1363 multiplex,
2096 1282 2233 1363 quia
2261 1303 2441 1343 unum
2467 1282 2739 1365 idemque

331 1380 518 1438 genus
545 1359 820 1420 doctrinae
846 1378 1073 1438 semper
1098 1360 1160 1418 in
1188 1380 1257 1420 ea
1283 1360 1546 1425 traditura

411 1441 569 1500 XII.
613 1440 772 1499 Hinc
811 1440 988 1499 etiam
1025 1448 1185 1518 patet
1223 1460 1395 1518 posse
1421 1461 1550 1501 eam
1589 1439 1821 1502 differre
1854 1440 2173 1502 secundum
2198 1441 2387 1519 magis
2425 1450 2487 1503 et
2524 1442 2733 1521 minus,

331 1520 522 1599 quoad
549 1520 740 1579 varios
761 1522 983 1597 gradus
1010 1520 1394 1597 revelationis,
1415 1528 1588 1599 prout
1613 1521 1713 1581 vel
1738 1520 2037 1581 obscurior
2050 1529 2141 1582 est
2168 1520 2277 1581 sub
2304 1522 2509 1582 Veteri
2535 1523 2735 1583 Testa-

331 1609 541 1675 ment0,
587 1600 686 1658 vel
728 1598 936 1660 clarior
979 1599 1088 1659 sub
1132 1600 1320 1678 Novo,
1367 1600 1463 1661 vel
1504 1598 1812 1681 perfectior
1838 1600 1936 1661 vel
1961 1600 2039 1659 im
2115 1600 2347 1661 rfectior
2383 1620 2491 1681 pro
2516 1601 2739 1664 ratione

332 1681 721 1759 subjectorum
741 1701 758 1757 3
799 1678 904 1739 scd
919 1698 1036 1739 non
1053 1678 1188 1739 inde
1215 1680 1476 1759 sequitur
1491 1700 1620 1740 eam
1637 1680 1866 1741 differre
1884 1621 2353 1759 quoadzpcciem,
2384 1682 2521 1759 quia
2536 1681 2739 1743 eadem

331 1759 656 1899 ‘substapssia
681 1759 1292 1898 dfftginseptgobique
1317 1760 1612 1839 retinetur,
1642 1770 1713 1821 ut
1738 1760 2004 1823 Christus
2028 1758 2184 1821 idem
2210 1769 2303 1822 est
2325 1760 2468 1840 heri,
2487 1761 2661 1824 hodie
2678 1770 2739 1825 et

329 1861 390 1899 m
417 1860 536 1899 sect
614 1884 630 1900 .
777 1860 810 1897 e
853 1884 868 1899 .
897 1860 1020 1899 xm.
1093 1884 1109 1899 .

411 1920 604 1979 XIII.
647 1918 782 1979 Non
806 1919 956 1997 perit
982 1918 1316 1997 Theologiae
1343 1938 1450 1979 sua
1483 1920 1687 1981 Unica-9
1725 1918 1865 1980 licet
1906 1917 2131 1981 dicatur
2163 1919 2375 1999 partim
2401 1919 2733 2001 theoretica,

331 2000 540 2077 partim
566 1998 854 2077 practica3
898 1998 1036 2077 quia
1061 1999 1302 2059 scientia
1341 1998 1563 2079 quaevis
1589 2019 1708 2059 una
1740 1998 1967 2076 dicitur,
1996 2018 2115 2059 non
2140 2000 2363 2061 unitate
2390 1999 2639 2080 simplici
2678 2010 2739 2063 et

331 2079 612 2154 absoluta,
644 2098 776 2155 quae
801 2076 994 2137 unitas
1036 2078 1329 2137 numerica
1367 2089 1428 2139 et
1466 2078 1841 2139 individualis
1882 2078 2110 2155 dicitur,
2152 2079 2319 2156 quasi
2345 2088 2499 2140 esset
2524 2101 2641 2141 una
2682 2088 2741 2141 et

333 2158 580 2236 simplex
607 2158 858 2235 qualitas
885 2176 944 2215 v.
973 2176 1032 2233 g.
1060 2155 1268 2216 albedo
1295 2157 1358 2215 in
1383 2158 1600 2236 pariete
1622 2180 1638 2234 3
1684 2158 1787 2217 sed
1812 2159 2026 2218 unitate
2052 2160 2424 2237 aqyreqativa
2449 2180 2579 2237 quae
2596 2160 2735 2220 dici-

334 2248 428 2298 tur
453 2238 640 2297 unitas
679 2236 1026 2311 collectioni&
1058 2244 1343 2314 quatenus
1383 2236 1605 2296 scilicet
1629 2236 1799 2297 multi
1841 2236 2119 2315 speciales
2158 2236 2391 2299 habitus
2419 2239 2741 2299 conflantur

331 2327 392 2377 et
435 2317 773 2377 ordinantur
813 2317 890 2375 ad
944 2336 1124 2375 uuum
1167 2316 1403 2376 totalem
1447 2315 1704 2376 scientiae
1755 2316 2016 2376 habitum
2072 2316 2556 2377 constituendum.
2642 2318 2739 2379 Sic

333 2398 538 2475 Imago
567 2396 680 2457 Dei
707 2416 824 2456 una
849 2404 953 2472 est,
983 2396 1122 2456 licet
1163 2395 1480 2455 novitatem
1523 2395 1735 2456 mentis
1760 2405 1822 2456 et
1858 2394 2171 2457 affectuum
2210 2396 2637 2475 complectatur,
2682 2408 2741 2457 et

333 2476 606 2538 Liberum
633 2475 955 2537 Arbitrium
984 2495 1181 2552 unum,
1211 2474 1348 2535 licet
1375 2474 1436 2533 in
1461 2474 1763 2537 intellectu
1788 2484 1848 2535 et
1874 2476 2173 2537 voluntate
2200 2476 2375 2536 situm
2402 2476 2499 2537 sit.

1256 2715 1644 2792 QUAESTIO
1690 2715 1813 2776 111.

1043 2877 1138 2936 An
1165 2877 1329 2934 detur
1360 2871 1664 2954 Theoloqz'a
1689 2873 1994 2934 Naturalis
2015 2875 2047 2932 ἕ

718 3103 730 3116 .
936 3035 986 3096 1.
1029 3034 1164 3096 Non
1191 3033 1467 3113 quaeritur
1485 3033 1559 3094 de
1591 3032 1893 3110 Theoloqia
1920 3032 1981 3092 in
2009 3049 2235 3112 genere,
2262 3033 2365 3094 sed
2392 3034 2464 3096 de
2486 3037 2745 3096 naturali

355 3102 522 3148 ⁵¹⁸t¹¹⁸
534 3101 782 3207 gznaestm-
852 3115 914 3174 in
941 3115 1168 3195 specie3
1214 3115 1337 3174 Nec
1364 3114 1436 3174 de
1465 3133 1534 3174 ea
1573 3113 1761 3192 qualis
1798 3113 1907 3172 fuit
1945 3113 2007 3172 in
2047 3112 2283 3174 Adamo
2319 3124 2453 3175 ante
2494 3115 2737 3194 lapsum,

615 3193 628 3206 ⁸
853 3193 1002 3256 hanc
1044 3195 1197 3254 enim
1245 3193 1423 3254 fuisse
1469 3193 1531 3254 in
1560 3193 1811 3270 Adam0,
1840 3193 1939 3252 vel
1984 3213 2060 3252 ex
2088 3193 2212 3254 sola
2252 3193 2365 3254 Dei
2393 3195 2644 3274 imagine
2665 3195 2740 3256 ad

333 3293 506 3352 quam
533 3274 800 3334 conditus
827 3283 933 3352 est,
964 3274 1104 3336 satis
1133 3283 1393 3350 constat3
1439 3273 1542 3333 sed
1570 3273 1643 3332 de
1670 3291 1741 3332 ea
1766 3271 1955 3352 qualis
1982 3274 2255 3334 remansit
2280 3282 2414 3352 post
2437 3274 2686 3354 lapsum.

415 3353 502 3414 ΙΙ.
545 3354 601 3413 Ν
603 3374 678 3414 on
705 3355 996 3432 quaeritur,
1028 3353 1128 3413 An
1149 3353 1318 3414 detur
1337 3354 1638 3433 Theoloqt'a
1658 3354 1956 3429 naturalis,
1985 3373 2117 3432 quae
2136 3353 2271 3414 talis
2292 3355 2369 3416 sit
2387 3365 2518 3415 actu
2545 3355 2739 3416 statim

333 3442 507 3510 atque
549 3434 725 3495 homo
767 3434 1039 3510 nascitur,
1069 3443 1137 3496 ut
1178 3444 1343 3495 actus
1383 3435 1520 3494 vitae
1546 3441 1638 3494 est
1664 3433 1727 3492 in
1765 3434 2018 3512 vivente,
2048 3442 2109 3494 et
2135 3454 2339 3494 sensus
2367 3435 2430 3494 in
2456 3435 2739 3495 sentiente

335 3514 530 3574 statim
556 3515 631 3574 ab
659 3523 859 3575 utero:
903 3515 1138 3576 Certum
1165 3515 1318 3574 enim
1345 3524 1436 3577 est
1460 3514 1679 3575 nullius
1705 3513 1791 3574 rei
1817 3513 2100 3574 actualem
2128 3514 2739 3592 cognitionemnobis-

333 3613 466 3654 cum
493 3593 668 3670 nasci,
699 3606 760 3656 et
784 3595 894 3654 hac
919 3597 1141 3656 ratione
1167 3593 1458 3654 hominem
1497 3614 1625 3653 esse
1654 3593 1837 3653 instar
1870 3594 2084 3654 tabulae
2112 3613 2275 3654 rasse.
2360 3593 2478 3654 Sed
2504 3614 2579 3653 an
2605 3593 2742 3653 talis

242 3689 261 3704 ·
335 3673 504 3732 detur
547 3674 752 3733 saltem
793 3676 1015 3736 ratione
1047 3675 1330 3753 principii
1365 3682 1424 3733 et
1451 3673 1732 3750 potentiae,
1777 3691 1883 3732 seu
1909 3672 2011 3730 An
2054 3672 2221 3731 detur
2248 3673 2309 3730 in
2346 3671 2581 3731 homine
2605 3671 2741 3732 talis

335 3753 578 3812 facultas
605 3754 884 3814 naturalis
931 3755 1041 3834 ipsi
1083 3753 1274 3829 insita,
1305 3771 1436 3829 quse
1479 3771 1542 3810 se
1583 3749 1738 3810 ultro
1776 3759 1837 3812 et
1879 3761 2083 3830 sponte
2125 3759 2326 3811 exerat
2368 3749 2429 3810 in
2472 3749 2739 3812 omnibus

335 3831 550 3891 adultis
577 3833 718 3892 sana
740 3841 934 3894 mente
960 3833 1234 3912 praeditis,
1264 3851 1395 3908 quse
1421 3829 1835 3909 complectatur
1848 3847 1966 3890 non
1984 3829 2158 3890 modo
2185 3827 2501 3909 potentiam
2526 3831 2737 3892 intelli-

335 3911 529 3988 gendi,
559 3911 664 3971 sed
682 3912 854 3973 etiam
880 3911 1162 3991 principia
1177 3909 1460 3970 naturalia
1484 3907 1837 3986 notitiarum,
1858 3929 1933 3969 ex
1960 3909 2171 3989 quibus
2197 3909 2596 3972 conclusiones
2615 3919 2738 3974 tum

335 3991 682 4068 theoreticae,
713 4000 838 4052 tum
863 3992 1130 4071 practicae
1157 3991 1534 4066 deducuntur,
1564 3988 1724 4068 quod
1750 3989 2076 4051 asserimus-

419 4071 542 4132 ΙΙΙ.
587 4071 720 4130 Non
747 4073 1039 4150 quaeritur,
1072 4071 1173 4130 An
1219 4070 1472 4149 cognitio
1519 4069 1633 4130 ista
1661 4069 1739 4132 sit
1781 4067 2035 4150 perfecta
2077 4078 2137 4132 et
2180 4069 2465 4149 salutaris,
2494 4071 2741 4134 fatemur

319 4145 490 4211 'enim
516 4159 650 4230 post
675 4160 974 4230 peccatum
1002 4151 1172 4211 valde
1209 4151 1570 4211 obscuratam
1610 4169 1757 4228 esse,
1785 4158 1853 4212 ut
1876 4149 1952 4210 ad
1980 4149 2225 4213 salutem
2264 4152 2497 4230 penitus
2522 4153 2738 4214 insuffi-
2844 4213 2851 4218 ,

335 4233 495 4292 ciens
523 4231 676 4292 facta
702 4233 816 4309 sit3
863 4233 982 4293 Sed
1007 4240 1246 4309 tantum,
1277 4231 1378 4290 An
1417 4230 1685 4309 aliqualis
1725 4230 1973 4312 supersit
1998 4231 2059 4290 in
2085 4231 2317 4290 homine
2345 4230 2418 4292 de
2446 4232 2575 4292 Deo
2602 4250 2739 4312 cog·

213 4349 222 4358 ·
337 4312 480 4372 nitio
504 4336 519 4373 :
561 4332 665 4391 per
690 4332 865 4390 quam
891 4311 1318 4392 persuadeatur,
1351 4311 1542 4372 Deum
1567 4331 1715 4387 esse,
1744 4319 1805 4370 et
1830 4330 1957 4372 esse
1982 4310 2250 4390 religiose
2280 4311 2603 4374 colendum.

419 4393 532 4453 IV.
576 4393 696 4452 Res
723 4393 893 4453 nobis
919 4394 1015 4454 hic
1044 4400 1132 4454 est
1158 4412 1290 4451 cum
1305 4391 1637 4468 Sociniam's,
1663 4391 1765 4470 qui
1786 4400 2001 4468 negant
2021 4391 2147 4450 dari
2165 4391 2341 4452 talem
2362 4391 2740 4470 Theologiam

341 4492 442 4564 seu
469 4473 858 4552 cognitionem
889 4473 1002 4534 Dei
1027 4471 1364 4549 naturalem,
1394 4479 1454 4532 et
1481 4470 1648 4550 siqua
1688 4491 1817 4532 esse
1842 4470 2089 4564 videtur,
2119 4489 2247 4532 eam
2288 4472 2496 4550 partim
2536 4493 2573 4532 a
2598 4471 2739 4532 Tra-

337 4552 554 4614 ditione
599 4554 908 4636 ‚Major-um,
937 4552 1070 4614 inde
1117 4553 1192 4612 ab
1240 4551 1488 4628 Adamo,
1533 4551 1743 4632 partim
1787 4569 1863 4612 ex
1904 4571 2067 4610 vana
2097 4551 2449 4614 revelatione
2495 4550 2741 4612 diversis

2096 4849 2139 4878 κι
