3300 5225
591 348 708 406 406
1543 356 1726 398 Locus
1754 355 2026 405 Qumrus.
2606 330 2857 411 [Quaesr.
2888 350 3015 391 vu.

590 496 1711 659 {Jeffiignfflffissffifflssffiefflffiffli
1730 497 2347 655 ptnfflnffi‘vssffis
2366 493 2582 653 ἓξὲξ
2594 500 3017 635 θὶἳῖἒξῖἒέἓ

593 662 788 737 fuisse,
812 661 911 721 vel
937 680 1014 721 ex
1041 679 1110 719 ea
1137 658 1460 733 collectum,
1491 658 1674 717 multo
1702 658 1894 723 minus
1919 658 2119 732 vitam,
2150 675 2355 730 mores,
2388 662 2446 713 et
2470 653 2695 713 exitum
2724 652 2941 711 Christi
2964 672 3013 710 a

594 742 778 801 stellae
805 740 974 801 istius
1013 738 1240 799 influxu
1279 737 1638 815 pependisse,
1669 745 1737 797 ut
1764 737 2143 798 cavillabatur
2164 736 2309 795 olim
2338 736 2592 796 Faustus
2620 732 3011 807 Manichseus,

597 822 692 883 cui
731 822 879 881 bene
909 818 1066 896 Aug.
1094 818 1196 877 lib.
1227 816 1286 875 ii.
1317 826 1517 877 contra
1545 818 1830 877 Faustum
1857 816 2165 895 respondet
2190 816 2265 875 de
2310 814 2492 877 Stella
2528 814 2791 889 loquens,
2824 814 2861 845 “
2880 831 3009 871 non

596 900 1000 963 dominabatur
1042 898 1270 957 Christo
1307 896 1387 955 ad
1426 897 1737 973 decretum,
1783 896 1887 956 sed
1927 896 2312 965 famniabetur
2338 894 2413 958 ad
2452 893 2862 967 testimonium,
2890 911 3011 955 nec

599 980 943 1059 subjiciebat
965 978 1224 1056 imper-ic,
1257 976 1360 1035 sed
1386 976 1681 1045 indicebat
1707 976 2041 1053 obsequio.'’

683 1060 866 1122 XIV.
909 1057 1094 1119 Aliud
1121 1066 1211 1117 est
1238 1076 1314 1115 ex
1341 1056 1486 1115 fecie
1512 1057 1648 1115 >coeli
1674 1076 2024 1133 eognoseere
2050 1055 2311 1129 imbuem,
2341 1052 2439 1115 vel
2479 1060 2683 1113 eastum
2724 1051 3005 1127 futurum,

602 1148 662 1200 et
698 1160 767 1198 ea
806 1158 936 1215 quse
975 1136 1262 1197 naturalis
1303 1144 1454 1211 sunt,
1499 1144 1558 1196 et
1597 1157 1634 1196 a
1671 1138 1864 1203 causis
1905 1134 2264 1197 naturalibus
2301 1133 2593 1211 pendent3
2638 1130 2823 1191 Aliud
2861 1150 3009 1188 vero

603 1238 951 1295 eognoscere
978 1237 1168 1279 rerum
1197 1214 1517 1283 futurarum
1538 1224 1799 1291 eventus,
1828 1225 1889 1276 et
1904 1215 2117 1275 liberos
2145 1222 2337 1273 motus
2356 1212 2673 1272 voluntatis
2698 1212 3007 1311 humana)

499 1356 504 1359 ,
605 1300 776 1357 Prius
831 1297 1041 1365 dicitur
1085 1297 1228 1355 Luc.
1271 1296 1373 1361 xii.
1415 1298 1510 1372 54,
1561 1298 1678 1372 55;
1734 1296 1867 1355 Non
1909 1294 2213 1373 posterius.
2296 1292 2743 1368 Astmlogorum
2783 1316 3003 1371 arg-yro-

605 1403 699 1445 em
740 1385 984 1455 possunt
1029 1376 1264 1453 quidem
1305 1376 1498 1435 locum
1545 1375 1759 1435 habere
1813 1375 1966 1437 intra
2006 1376 2289 1452 spheram
2324 1391 2511 1448 suam,
2552 1369 2813 1447 quandiu
2852 1370 3006 1428 intra

605 1458 746 1599 ἷξε
774 1478 894 1519 suae
922 1457 1198 1516 terminos
1226 1474 1289 1525 se
1317 1455 1630 1531 continent,
1662 1456 1807 1517 alias
1832 1453 2258 1534 proscribendis
2294 1460 2447 1526 sunt,
2491 1459 2558 1511 ut
2584 1450 2901 1511 temerariae
2946 1456 3009 1508 et

707 1557 859 1597 aces.

688 1617 835 1675 XV.
879 1615 1047 1683 Licet
1075 1614 1222 1675 Coeli
1247 1614 1499 1677 babeant
1521 1633 1661 1676 suas
1684 1612 1933 1691 ὶωιίμιις,
1982 1634 2059 1676 ex
2107 1613 2279 1673 Matt.
2328 1610 2493 1675 xxiv.
2533 1612 2635 1686 29,
2687 1609 2899 1687 quibus
2944 1608 3010 1670 in

607 1698 732 1757 haec
759 1694 1029 1756 inferiora
1055 1702 1253 1771 agunt,
1283 1693 1430 1769 luce,
1461 1702 1624 1756 motu
1648 1704 1711 1755 et
1736 1694 1964 1753 influxu
1991 1713 2131 1769 su03
2161 1712 2278 1751 non
2306 1691 2566 1767 sequitur
2590 1709 2766 1766 agere
2793 1688 3009 1767 pariter

607 1776 670 1835 in
697 1775 906 1849 omnia,
939 1774 1111 1836 etiam
1139 1774 1471 1831 voluntates
1497 1782 1558 1833 et
1585 1774 1827 1839 oonsilio,
1850 1772 2166 1837 hominnm.
2250 1772 2331 1831 Et
2370 1789 2549 1847 quum
2588 1768 2806 1827 ibidem
2846 1768 3011 1829 addit

610 1854 874 1916 Christus
899 1855 1071 1930 signa
1095 1852 1218 1913 fore
1246 1852 1308 1910 in
1336 1853 1500 1929 coe10,
1532 1873 1663 1930 quse
1690 1854 1843 1913 diem
1870 1852 2157 1919 adventus
2178 1851 2268 1911 sui
2294 1850 2570 1929 postremi
2594 1848 3007 1926 praenuncient,

607 1954 727 1996 non
753 1933 876 2011 agit
903 1933 976 1992 de
1003 1932 1106 1993 ills
1131 1932 1386 1993 siderum
1413 1932 1733 2009 affectione,
1762 1953 1894 2010 quae
1922 1952 1997 1995 ex
2024 1941 2244 1994 namrae
2268 1937 2423 1993 stato
2460 1937 2519 1988 et
2546 1928 2810 1989 ordinato
2838 1948 3011 1987 eursu

607 2014 874 2089 eveni12t3
919 2012 1024 2071 sed
1051 2013 1124 2073 de
1151 2019 1366 2074 eventu
1393 2013 1644 2089 quodam
1672 2012 2142 2088 extraordinario,
2172 2011 2340 2089 cujus
2366 2028 2601 2088 prorsus
2634 2008 2783 2067 nihil
2823 2007 3009 2067 simile

609 2103 699 2155 est
738 2102 798 2152 et
835 2112 966 2151 cum
991 2092 1094 2151 illo
1124 2092 1490 2168 conveniens,
1523 2092 1594 2157 de
1620 2092 1807 2171 signis
1834 2100 1975 2170 pute
2002 2100 2061 2150 et
2085 2090 2383 2169 portentis,
2414 2108 2543 2169 quse
2572 2088 2736 2147 Deus
2780 2088 3011 2167 proprie

609 2181 668 2233 et
693 2172 1059 2250 peculiariter
1084 2171 1161 2232 ad
1187 2171 1503 2232 adventum
1531 2173 1748 2231 Christi
1774 2170 2307 2231 accommodamus
2334 2177 2439 2244 est,
2470 2168 2547 2229 ad
2588 2167 2791 2227 fideles
2818 2168 2891 2227 de
2938 2186 3009 2226 eo

608 2251 1218 2327 commonefaciendos,
1251 2259 1310 2311 et
1333 2252 1598 2314 infideles
1625 2252 1813 2329 magis
1839 2251 2140 2329 magisque
2168 2250 2464 2309 convictos
2492 2256 2552 2307 et
2587 2247 3013 2309 inexcusabiles

607 2332 951 2407 reddendos,
983 2352 1112 2409 quae
1138 2331 1381 2408 proinde
1409 2352 1485 2391 ex
1511 2333 1767 2394 motibus
1792 2340 1853 2391 et
1879 2340 2116 2409 aspectu
2143 2338 2427 2393 astrorum
2454 2327 2709 2407 intelligi
2747 2347 2867 2386 non
2910 2346 3009 2404 po-

608 2420 819 2506 terunt,
849 2420 1048 2489 utpote
1077 2431 1208 2505 quse
1235 2418 1456 2471 motum
1485 2420 1544 2471 et
1569 2412 1832 2473 ordinem
1858 2411 2024 2473 illum
2052 2428 2431 2502 communem,
2460 2409 2523 2465 in
2559 2426 2679 2484 quo
2710 2406 3013 2499 estrologi

606 2490 2288 2648 P‘fft’fflffizzffiffffiffifflffiffiisst
2302 2494 2909 2644 ffitssffffiffis
2948 2573 3015 2627 et

611 2651 738 2710 dari
765 2649 958 2708 varias
985 2649 1391 2726 impressiones
1417 2650 1649 2710 illorum
1676 2651 1739 2708 in
1773 2670 2012 2728 corpora
2050 2659 2264 2723 nostra,
2307 2656 2369 2707 et
2406 2647 2598 2706 varias
2645 2646 3015 2706 alterationes

609 2730 742 2790 illes
770 2737 1208 2820 consequentes,
1235 2748 1340 2806 per
1365 2749 1512 2806 quas
1537 2729 1791 2796 motione
1818 2729 2101 2788 indirecta
2124 2727 2462 2788 humoribus
2488 2726 2726 2788 mutatis
2773 2724 3014 2786 diversi-

499 2827 506 2832 ·
609 2809 782 2871 mode
825 2809 1070 2868 afficitur
1115 2828 1343 2868 animus
1389 2809 1717 2886 humanus;
1782 2809 1939 2886 quod
1980 2807 2381 2880 oencedimm3
2427 2805 2613 2867 Aliud
2650 2825 2792 2864 vero
2832 2804 3016 2868 Astra

611 2909 786 2967 agere
811 2889 873 2946 in
901 2889 1262 2948 voluntatem
1291 2895 1350 2947 et
1377 2889 1632 2948 actiones
1658 2889 1959 2964 humanae,
2000 2887 2255 2964 motione,
2286 2885 2384 2944 vel
2426 2885 2657 2961 directa,
2688 2884 2785 2947 vel
2830 2905 3013 2946 necet-

608 2970 772 3028 saria
786 2991 810 3040 ,·
852 2967 1010 3044 quod
1036 2985 1352 3044 negamus:
1395 2987 1527 3026 cum
1553 2967 1657 3027 ille
1698 2968 1773 3026 sit
1813 2967 2072 3044 potentia
2118 2965 2453 3042 inorgsnica
2496 2971 2556 3024 et
2596 2963 3012 3038 immaterialis,

609 3048 737 3106 istae
763 3066 904 3104 vero
932 3064 968 3102 a
989 3046 1178 3104 causis
1205 3046 1544 3123 partialibus
1571 3054 1630 3106 et
1676 3046 1957 3124 proximis
2000 3045 2306 3124 pendeant,
2357 3043 2739 3112 diversimode
2782 3043 3011 3122 specifi-

611 3125 877 3192 cantibus
903 3124 1190 3186 influxum
1217 3145 1406 3185 causae
1435 3126 1771 3187 communis.

694 3204 912 3264 XVII.
955 3204 1268 3281 Josephus,
1302 3213 1361 3265 et
1400 3206 1599 3265 Moses
1641 3205 1704 3264 in
1752 3205 2191 3284 AEgyptiorum,
2240 3204 2452 3267 Daniel
2497 3204 2561 3262 in
2610 3203 3008 3262 Chaldaei-um

613 3283 894 3362 sapientia
919 3283 1170 3344 instituti
1197 3285 1488 3362 leguntur,
1520 3284 1656 3345 Act.
1687 3284 1788 3345 vii.
1832 3290 1929 3362 22,
1962 3286 2112 3346 Dan.
2142 3285 2183 3343 i.
2216 3287 2309 3343 17.
2398 3283 2515 3344 Sed
2555 3302 2672 3341 non
2712 3290 3011 3362 propterea

611 3364 781 3426 vanis
807 3363 936 3424 istis
963 3371 1022 3424 et
1048 3363 1240 3442 impiis
1268 3364 1723 3427 divinationibus
1770 3365 2081 3426 indulsisse
2125 3364 2429 3424 dicuntur:
2472 3363 2775 3439 Sapientia
2816 3381 3009 3424 eorum

611 3443 831 3524 versari
857 3443 1048 3521 potuit
1075 3444 1228 3502 circa
1253 3445 1452 3504 literas
1478 3445 1965 3523 hieroglyphicas,
1998 3444 2177 3507 Artes
2204 3443 2490 3519 liberales,
2524 3443 2826 3516 Numeros,
2858 3441 3010 3500 Geo-

611 3523 893 3617 metriam,
927 3521 1324 3602 Astrologiam
1345 3525 1526 3602 'etiam
1553 3525 1893 3601 natura-lem,
1922 3524 2029 3584 sed
2060 3523 2330 3598 sobriam,
2376 3531 2435 3581 et
2474 3520 2677 3582 solidis
2761 3519 3013 3598 rincipiis

609 3605 968 3680 innitentem,
999 3622 1118 3663 non
1145 3623 1358 3664 vanem
1385 3613 1444 3664 et
1469 3605 1707 3682 impiam
1734 3605 2142 3685 angam-uela,
2172 3623 2207 3662 a
2244 3622 2364 3680 qua
2404 3621 2629 3679 semper
2738 3599 3011 3660 enissimi

610 3683 859 3744 fuerunt.
946 3683 1025 3743 Et
1061 3683 1114 3746 si
1153 3704 1284 3762 quae
1325 3684 1600 3745 vaticinia
1641 3685 1906 3760 edebant,
1950 3685 2047 3744 vel
2088 3681 2627 3760 interpretabantur,
2672 3699 2743 3748 ea
2780 3699 2899 3738 non
2938 3698 3013 3746 ex

612 3762 827 3838 Astris,
861 3762 964 3822 sed
993 3782 1070 3822 ex
1099 3763 1212 3823 Dei
1239 3765 1591 3824 revelatione
1619 3765 1928 3839 habebant,
1960 3763 2055 3822 cui
2082 3782 2151 3822 ea
2176 3768 2415 3839 accepts
2438 3759 2719 3821 ferebant.

551 3850 558 3857 “
692 3842 944 3901 XVIII.
1004 3841 1106 3900 Ad
1161 3843 1590 3920 Experiments‚
1638 3864 1768 3922 quae
1810 3842 2003 3912 afferri
2044 3842 2251 3918 solent,
2300 3841 2465 3903 varia
2510 3839 2709 3918 reponi
2752 3845 3012 3918 possunt.

615 3923 669 3983 1.
715 3920 1001 3998 Pleraque
1049 3939 1126 3978 ex
1169 3920 1242 3980 iis
1285 3943 1413 3985 esse
1463 3924 1736 3984 sublestae
1784 3923 1939 3998 fidei,
1988 3929 2048 3982 et
2094 3919 2285 3988 dubiae
2330 3921 2709 3994 authoritatis,
2762 3938 2891 3995 quae
2920 3917 3014 3977 vel

609 4017 794 4060 vanos
825 3998 1146 4076 Scriptores
1173 4001 1404 4080 habent,
1435 4003 1533 4062 vel
1562 4002 2008 4080 superstitiosos.
2092 4004 2149 4060 2.
2180 4001 2463 4078 Pleraque
2493 3999 2793 4060 sententiis
2834 3997 3010 4059 lubri-

610 4077 782 4138 ei8·et
809 4077 1174 4156 ancipitibus,
1205 4089 1264 4142 et
1290 4082 1362 4160 ,in
1401 4091 1709 4159 utrumque
1751 4081 2121 4150 versatilibus
2160 4079 2285 4156 niti,
2328 4079 2524 4158 qualia
2550 4087 2727 4144 erant
2769 4077 3015 4142 oracula

611 4154 908 4235 Apolli-nis
933 4158 1124 4234 Λοξίου,
1167 4168 1233 4221 ut
1258 4161 1776 4239 quomodocunque
1804 4181 1898 4228 res
1925 4161 2111 4237 cadat,
2152 4177 2277 4220 rem
2312 4179 2423 4228 scu
2468 4158 2731 4235 tetigisse
2776 4157 3009 4216 videsn-

610 4243 724 4296 tur.
808 4239 864 4295 3.
912 4237 975 4296 Si
1003 4239 1268 4316 quaedam
1293 4240 1699 4320 praedictiones
1728 4249 1942 4300 eventu
1970 4248 2112 4309 sunt
2152 4236 2553 4317 comprobatae,
2597 4257 2715 4296 non
2757 4237 3014 4314 sequitur

611 4315 912 4386 ssssientlam
937 4317 1100 4392 illem
1123 4328 1343 4382 ‚certam
1373 4340 1517 4397 esse,
1547 4329 1608 4392 et
1634 4321 1791 4392 veris
1832 4319 2223 4382 fundamentis
2260 4321 2478 4394 nixam,
2523 4317 2661 4396 quis
2700 4316 3011 4378 innumerae

610 4402 746 4468 Sunt
769 4395 918 4472 βΕεθ,
951 4416 1190 4473 querum
1219 4400 1534 4460 vanitatem
1561 4401 1737 4472 elusit
1758 4407 1823 4472 et
1848 4399 2186 4478 proscripsit
2230 4407 2491 4459 eventus.
2576 4401 2634 4464 4.
2679 4397 3009 4459 Eventnum

609 4474 844 4550 veritas,
873 4495 990 4534 non
1017 4498 1184 4540 vsnae
1211 4479 1311 4539 isti
1337 4481 1449 4542 arti
1477 4480 1783 4552 tribuenda
1811 4487 1917 4554 est,
1960 4479 2079 4556 sed,
2126 4477 2242 4539 Vel
2282 4475 2721 4540 vaticinantium
2744 4475 3007 4550 solertiae,

609 4554 746 4633 quia
772 4555 874 4616 ubi
901 4564 992 4618 est
1017 4556 1160 4636 ipsis
1187 4569 1515 4638 compertus
1543 4561 1768 4638 genius,
1808 4559 2125 4636 inclinatiO,
2169 4578 2375 4633 mores,
2420 4557 2628 4634 studia,
2671 4565 2733 4616 et
2774 4554 3011 4616 consilia

608 4654 822 4720 eorum,
847 4635 1001 4718 apud
1029 4657 1175 4719 quos
1202 4648 1368 4704 vates
1395 4649 1594 4718 egunt,
1615 4640 1785 4714 fiecile
1812 4647 1902 4700 est
1929 4639 2071 4718 ipsis
2098 4647 2383 4710 astrorum
2399 4638 2643 4708 obtentu
2664 4635 2850 4706 multe
2868 4654 3007 4713 pm·-
