3300 5225
329 379 559 430 QuAEsr.
590 357 681 442 v.]
1324 381 1404 422 na
1432 380 1646 423 manno
1675 381 1979 423 AnnrrmO.
2531 361 2534 364 ’
2627 366 2744 423 619

328 531 459 584 tur:
499 522 584 581 ita
609 540 729 582 non
756 520 1093 599 simpliciter
1120 523 1262 582 dicit
1270 527 1537 617 ,ιυσιβεῒη
1568 524 1674 584 sed
1714 525 1990 596 ἀγιοουνης
2031 525 2284 600 ems-fn,
2329 532 2396 583 ιιι
2427 523 2742 584 vanitatem

328 603 565 664 cultus‘
547 621 805 679 1psorum
832 611 1054 680 arguat,
1084 623 1157 662 ne
1186 605 1319 682 quis
1347 625 1478 664 enm
1506 605 1858 664 adulationis
1885 613 2201 665 accusaret.

410 680 525 743 VI.
570 682 655 742 Ut
674 681 957 742 Actiones
984 685 1231 744 morales
1261 685 1585 746 Gentilium
1610 705 1730 744 non
1757 693 1896 746 sunt
1909 694 2154 762 peccata
2190 705 2306 761 per
2329 705 2406 760 se,
2451 691 2510 746 et
2547 684 2746 762 quoad

329 763 713 824 substantiam
739 763 947 840 operis,
979 763 1084 823 sed
1101 785 1215 840 per
1240 768 1513 841 accidens,
1544 775 1605 826 et
1630 765 1827 843 quoad
1865 768 2096 826 modum
2120 765 2462 842 operandi,
2443 785 2508 825 m
2545 765 2744 826 condi-

329 844 587 904 tionibus
614 843 1036 920 essentialibus,
1066 853 1303 923 propter
1328 848 1523 906 varios
1564 847 1859 906 defectus·
1852 854 2002 906 ante
2044 854 2314 923 notatos3
2357 863 2474 904 non
2513 855 2745 923 propte-

332 943 431 984 rea
457 931 695 1001 praestat
722 943 819 982 eas
847 924 1127 1001 omittere,
1160 945 1335 1002 quam
1362 935 1654 1004 praestare,
1685 947 1758 986 ne
1787 946 2130 1003 peccemus3
2175 925 2282 986 sed
2319 926 2514 1003 potius
2555 925 2744 986 defec-

332 1013 429 1064 tus
456 1003 670 1081 corrigi
696 1011 756 1062 et
783 1005 1041 1081 suppleri
1066 1006 1297 1066 debent.
1384 1007 1527 1080 Quae
1553 1026 1659 1084 per
1685 1027 1748 1065 se
1775 1014 1912 1066 sunt
1938 1017 2178 1084 peccata
2203 1027 2240 1064 a
2281 1007 2410 1065 Deo
2437 1005 2746 1083 prohibita,

330 1084 650 1144 omittenda
678 1093 840 1160 sunt;
872 1084 975 1144 sed
1003 1105 1133 1162 quae
1160 1105 1265 1163 per
1292 1087 1562 1146 accidens
1588 1095 1816 1147 tantum
1844 1105 1920 1146 ex
1959 1086 2156 1163 aliquo
2183 1086 2746 1146 circumstantiarum

328 1165 577 1242 defectu,
607 1183 725 1222 non
754 1163 1088 1240 omittenda,
1120 1166 1225 1226 sed
1252 1167 1597 1244 corrigenda
1624 1176 1778 1226 sunt.

412 1245 561 1304 VII.
605 1245 833 1302 Merces
873 1254 1101 1304 terrena
1136 1247 1413 1306 virtutem
1456 1267 1655 1308 veram
1695 1257 1756 1306 et
1794 1266 1941 1324 opus
1980 1248 2200 1307 bonum
2225 1265 2344 1304 non
2369 1246 2582 1323 arguit,
2613 1246 2752 1324 quia

332 1345 450 1386 non
478 1325 593 1384 nisi
618 1343 809 1384 rerum
838 1325 1185 1386 caducarum
1222 1335 1329 1404 est,
1360 1347 1507 1404 quas
1536 1328 1698 1388 Deus
1725 1337 1848 1386 tam
1873 1327 2151 1404 reprobis,
2183 1346 2358 1404 quam
2387 1327 2589 1394 electis
2615 1347 2747 1403 pro-

332 1407 553 1466 miscue
578 1404 863 1481 indulget.
946 1407 1168 1484 Estque
1209 1409 1321 1466 hoc
1362 1407 1639 1467 eximium
1679 1408 1722 1467 J
1725 1407 1940 1467 ustitlae
1967 1407 2181 1466 divinae
2223 1406 2650 1482 documentum,
2682 1415 2750 1465 ut

334 1487 541 1546 doceat
560 1495 841 1564 quantum
870 1485 983 1562 ipsi
1011 1505 1150 1546 vera.
1176 1489 1362 1564 pietas
1388 1488 1631 1566 placeat,
1663 1487 1896 1564 quando
1916 1508 2033 1546 non
2062 1497 2288 1547 tantum
2309 1507 2480 1546 veras
2499 1488 2749 1546 virtutes

337 1567 569 1627 aeternis
596 1567 865 1645 praemiis,
896 1566 1001 1624 sed
1030 1569 1205 1626 etiam
1232 1569 1515 1628 virtutum
1540 1569 1827 1644 imagines
1868 1561 2283 1645 temporalibus
2323 1567 2620 1626 beneficiis
2662 1587 2751 1626 re-

334 1656 685 1723 muneratur,
714 1667 833 1705 non
882 1647 1101 1706 ratione
1150 1649 1487 1708 vitiositatis
1531 1648 1898 1724 adhaerentia
1931 1648 2036 1708 sed
2075 1648 2298 1706 ratione
2344 1648 2482 1707 boni
2527 1648 2754 1708 externi

335 1728 683 1806 apparentis,
713 1747 788 1785 ne
817 1727 990 1786 etiam
1018 1728 1283 1788 infideles
1308 1730 1562 1800 habeant
1590 1729 1747 1806 quod
1777 1729 1849 1788 de
1879 1728 1992 1787 Dei
2012 1728 2242 1806 justitia
2269 1738 2712 1805 conquerantur.

419 1808 601 1866 VIII.
647 1807 793 1866 Cum
820 1807 1053 1866 Achabi
1080 1809 1423 1885 humiliatio,
1444 1809 1517 1868 de
1539 1829 1656 1886 qua
1681 1813 1711 1867 1
1737 1809 1888 1886 Reg.
1909 1809 2034 1868 xxi.
2059 1813 2155 1884 27,
2177 1810 2272 1883 28,
2291 1808 2465 1868 fuerit
2487 1809 2759 1868 simulata

342 1895 401 1946 et
426 1887 805 1964 hypocritica,
836 1906 914 1946 ex
939 1886 1245 1946 formidine
1272 1910 1461 1966 poenae
1487 1890 1700 1967 potine,
1732 1909 1905 1966 quam
1933 1907 2011 1948 ex
2051 1908 2246 1948 amore
2278 1889 2530 1966 virtutis,
2561 1911 2664 1968 per
2691 1910 2754 1949 se

340 1969 467 2026 Deo
496 1976 662 2044 grata
689 1985 817 2025 esse
844 1985 963 2025 non
988 1969 1212 2044 potuit;
1245 1969 1298 2026 N
1302 1990 1367 2027 ec
1398 1971 1561 2028 Deus
1588 1971 1675 2026 illi
1698 1970 1984 2028 concessit
2011 1990 2196 2046 poenae
2213 1970 2374 2045 prius
2396 1969 2758 2029 denunciatae

338 2048 665 2106 absolutam
692 2045 1106 2121 remissionem,
1138 2014 1245 2106 se’d
1270 2057 1497 2108 tantum
1518 2049 1774 2125 aliquam
1801 2049 2172 2124 dilationem,
2201 2069 2319 2106 non
2349 2069 2464 2125 quo
2483 2059 2758 2109 testatum

337 2128 569 2201 faceret,
600 2135 893 2204 acceptam
924 2126 1037 2186 sibi
1063 2127 1241 2186 fuisse
1268 2129 1495 2206 profani
1524 2129 1708 2205 Regis
1750 2137 2049 2187 externam
2077 2129 2238 2186 illam
2275 2128 2752 2205 humiliationem,

336 2208 443 2266 sed
466 2216 533 2266 ιιι
561 2207 691 2266 aliis
720 2206 1063 2282 ostenderet,
1090 2207 1231 2284 quid
1270 2209 1346 2268 sit
1387 2208 1812 2286 expectandum
1855 2208 2006 2267 serio
2053 2216 2114 2267 et
2159 2228 2237 2267 ex
2285 2208 2476 2266 animo
2521 2209 2754 2286 resipis-

335 2288 507 2346 centi.
539 2287 929 2346 Ninivitarum
956 2288 1353 2365 resipiscentia
1379 2309 1497 2347 non
1522 2297 1717 2383 potest
1745 2288 2016 2366 operibus
2035 2288 2413 2346 Ethnicorum
2433 2289 2752 2366 accenseri3

342 2389 475 2428 cum
504 2369 771 2427 dicantur
796 2367 873 2426 ad
902 2367 1015 2426 Dei
1052 2369 1295 2427 verbum
1336 2370 1665 2464 resipuisse,
1697 2378 1758 2429 et
1796 2389 1872 2428 ex
1911 2369 2050 2428 fidei
2087 2369 2152 2426 in
2181 2369 2372 2427 Deum
2404 2370 2754 2446 operatione,

346 2469 477 2527 quse
507 2449 651 2526 ipsis
678 2467 951 2524 expresse
978 2447 1267 2526 tribuitur,
1299 2449 1343 2508 J
1346 2470 1440 2509 on
1468 2449 1551 2510 iii.
1582 2453 1639 2526 5,
1671 2460 1730 2510 et
1758 2450 1930 2508 Matt.
1959 2449 2062 2508 xii.
2093 2452 2190 2507 41.

423 2529 542 2587 ΙΧ.
588 2527 877 2605 Quicquid
904 2548 1073 2606 porro
1103 2550 1138 2588 a
1166 2494 1499 2589 Gentilibus
1526 2530 1847 2607 praestitum
1890 2539 1980 2588 est
2019 2530 2128 2588 hac
2169 2529 2230 2586 in
2271 2536 2450 2606 parte,
2481 2549 2599 2588 non
2638 2550 2756 2607 quo

338 2609 475 2669 aliis
500 2609 785 2683 melioreS,
817 2608 921 2668 sed
950 2608 1156 2669 saltem
1182 2610 1375 2670 minus
1400 2609 1543 2669 mali
1566 2609 1788 2687 fierent,
1819 2630 1936 2668 non
1972 2609 2166 2687 arguit
2207 2609 2516 2688 reliquas
2499 2632 2560 2669 m
2601 2612 2755 2690 ipso-

337 2710 465 2750 rum
493 2688 677 2748 libero
704 2690 942 2749 arbitrio
970 2691 1125 2749 vires
1150 2690 1228 2749 ad
1254 2691 1487 2779 bonum,
1518 2691 1656 2767 quia
1681 2711 1756 2749 ne
1782 2692 1894 2749 hoc
1935 2690 2170 2768 quidem
2213 2690 2335 2749 sine
2379 2692 2614 2785 speciali
2643 2692 2758 2750 Dei

338 2770 559 2830 auxilio
586 2770 713 2829 ficri
734 2769 939 2847 potuit.
1012 2766 1271 2865 Quippe
1266 2772 1315 2829 si
1344 2771 1445 2829 alii
1472 2771 1602 2830 aliis
1619 2772 1854 2831 fuerunt
1877 2772 2028 2848 sequi
2045 2771 2295 2848 bonique
2313 2772 2750 2831 retinentiores·
2735 2818 2750 2849 ,

340 2852 391 2911 si
418 2850 601 2927 aliqui
641 2850 967 2925 doctrina,
948 2852 1201 2929 mgeniO,
1234 2850 1589 2928 fortitudine,
1615 2852 1846 2929 justitia
1887 2861 1946 2911 ct
1986 2851 2382 2928 temperantia,
2416 2852 2755 2930 caeterisque

340 2932 655 2991 virtutibus
682 2930 1155 3006 antecelluerunt‚
1187 2940 1253 2991 ut
1278 2933 1429 2991 inter
1454 2932 1613 3010 ipsos
1644 2931 1936 2991 Aristides
1964 2932 2286 2991 celebratur
2325 2941 2560 3011 propter
2579 2934 2754 3011 justi-

340 3013 499 3087 tiam,
534 3012 729 3090 Scipio
757 3020 991 3089 propter
1018 3013 1449 3089 continentiam,
1485 3014 1754 3072 Socrates
1779 3021 2012 3090 propter
2033 3011 2392 3089 sapientiam,
2413 3012 2758 3072 Alexander

338 3103 573 3169 propter
619 3092 1034 3167 fortitudinem,
1066 3094 1167 3151 alii
1214 3102 1450 3170 propter
1490 3093 1635 3152 alias
1677 3093 1941 3169 virtutes,
1972 3113 2090 3152 non
2131 3090 2357 3151 meliori
2396 3103 2616 3153 naturae
2644 3095 2758 3153 ista

340 3172 647 3231 tribuenda
676 3180 825 3247 sunt,
859 3172 964 3230 sed
990 3179 1265 3249 tanquam
1290 3174 1401 3231 Dei
1424 3174 1577 3232 dona
1605 3173 1974 3250 agnoscenda
2003 3182 2155 3249 sunt,
2181 3174 2281 3250 qui
2301 3172 2448 3233 alios
2474 3175 2771 3251 permittit-

342 3272 461 3311 suae
490 3252 735 3327 libidini,
767 3252 1011 3311 aliorum
1053 3273 1193 3311 vero
1236 3252 1508 3312 refraenat
1545 3253 1896 3331 pravitatem
1936 3274 2010 3313 ne
2055 3262 2338 3331 erumpat.
2424 3254 2547 3313 Nec
2598 3256 2757 3332 ipsos

340 3332 622 3391 Ethnicos
663 3332 776 3390 hoc
814 3333 1001 3407 latuit,
1033 3332 1135 3409 qui
1176 3341 1559 3409 agnoverunt,
1601 3335 1845 3391 Virtutes
1884 3355 1997 3393 non
2038 3336 2244 3410 absque
2285 3335 2471 3393 divino
2499 3336 2758 3393 instinctu

338 3413 551 3487 afflari,
582 3420 641 3471 et
666 3415 881 3470 nullum
920 3432 1169 3488 unquam
1208 3414 1393 3471 virum
1432 3434 1700 3491 maynum
1741 3414 1982 3471 extitisse
2021 3414 2138 3471 sine
2177 3415 2378 3488 afflatu
2419 3416 2605 3473 divino
2626 3440 2650 3487 ;
2691 3424 2758 3475 ut

340 3512 456 3551 non
486 3492 665 3550 semel
696 3492 881 3567 Plato,
905 3500 965 3550 et
993 3512 1071 3550 ex
1098 3512 1165 3550 eo
1186 3493 1386 3553 Cicero
1415 3494 1609 3553 tradit.
1657 3494 1736 3552 Et
1764 3493 1910 3551 ratio
1933 3494 2060 3569 ipsa
2085 3493 2412 3570 persuadet.
2465 3496 2582 3552 Cur
2602 3496 2756 3553 enim

342 3573 604 3631 Heroum
632 3572 739 3630 filii
764 3582 885 3631 tam
914 3572 1230 3649 degeneres
1252 3578 1279 3632 P
1323 3574 1441 3633 Cur
1467 3574 1672 3633 eodem
1699 3582 1868 3651 partu
1897 3572 2039 3632 editi
2065 3582 2184 3631 tam
2213 3572 2523 3632 dissimiles
2552 3594 2751 3632 occur-

340 3655 576 3711 rerent?
646 3653 763 3710 Cur
802 3652 1142 3711 educatione
1172 3655 1387 3730 optime
1429 3654 1703 3729 imbuti,
1687 3673 1967 3712 unmanes
1994 3652 2206 3712 belluae
2233 3652 2480 3712 fierent?
2564 3653 2755 3711 Causa

341 3752 481 3809 ergo
510 3732 858 3791 discriminis
885 3733 1055 3792 istius
1082 3753 1200 3791 non
1228 3734 1462 3792 aliunde
1490 3734 1758 3812 petenda,
1789 3754 1964 3811 quam
2005 3754 2041 3792 a
2071 3733 2182 3791 Dei
2211 3733 2592 3811 providentia,
2624 3754 2754 3809 quae

339 3813 477 3871 dum
516 3812 662 3871 alios
712 3811 851 3871 sinit
897 3812 1132 3891 impune
1176 3814 1431 3891 grassari
1474 3814 1536 3871 in
1580 3814 1804 3891 quaevis
1855 3815 2089 3887 scelera,
2121 3812 2266 3871 alios
2313 3813 2528 3892 injecto
2569 3814 2756 3873 veluti

340 3892 519 3951 fraeno
549 3896 772 3951 οοὲιοειι
800 3901 857 3951 et
886 3893 1161 3970 reprimit,
1192 3914 1265 3952 ne
1296 3914 1424 3953 cum
1455 3894 1680 3953 caeteris
1700 3894 1852 3953 laxis
1880 3894 2122 3953 habenis
2144 3894 2446 3952 effraenes'
2431 3915 2492 3951 ιιι
2519 3903 2758 3971 peccata

340 3982 545 4049 ruant;
594 3972 766 4033 Unde
795 3992 913 4031 non
941 3982 1077 4031 sunt
1105 3992 1438 4033 communes
1466 3983 1688 4033 naturae
1717 3974 1901 4047 deteri,
1935 3974 2038 4033 sed
2067 3974 2348 4051 speciales
2377 3975 2488 4033 Dei
2533 3976 2752 4052 gratiae,

338 4073 484 4130 quas
513 4054 671 4111 varie
700 4053 1031 4111 hominibus
1061 4052 1374 4131 dispensat,
1400 4062 1688 4131 quatenus
1717 4020 1992 4131 expedire
2019 4053 2185 4113 novit
2206 4054 2283 4112 ad
2302 4055 2758 4113 conservandam

339 4154 531 4192 rerum
560 4133 1016 4193 universitatem.

424 4214 509 4272 X.
563 4213 993 4289 Qualiscunque
1035 4213 1096 4271 in
1140 4214 1405 4272 Ethnicis
1447 4213 1898 4292 deprehenditur
1933 4214 2188 4292 cognitio
2232 4215 2362 4291 Dei,
2407 4235 2525 4274 non
2613 4225 2764 4276 otest

341 4294 557 4352 bonum
586 4314 732 4370 opus
769 4293 1009 4369 censeri,
1051 4293 1189 4370 quia
1230 4294 1279 4351 si
1322 4294 1745 4353 confitebantur
1784 4314 1899 4371 ore,
1944 4296 2237 4373 negabant
2264 4316 2452 4372 opere.
2539 4237 2764 4355 blbrant

340 4373 550 4449 Deum,
596 4372 701 4433 sed
739 4372 1045 4432 veritatem
1091 4373 1154 4430 in
1196 4373 1483 4450 injustitia
1526 4374 1880 4446 detinebant,
1925 4394 2032 4433 nec
2077 4395 2209 4434 eum
2251 4376 2654 4453 glorificabant
2697 4384 2764 4434 ut

343 4453 557 4546 Deum,
582 4453 643 4512 id
672 4461 761 4511 est
788 4472 906 4511 non
934 4472 1071 4511 vere
1098 4461 1323 4526 norant,
1355 4462 1413 4511 et
1440 4454 1565 4511 haec
1595 4473 1820 4511 summa
1847 4420 2044 4513 delicti
2073 4463 2212 4531 erat,
2243 4456 2398 4513 nolle
2427 4474 2759 4531 agnoscere,

339 4552 513 4609 quem
543 4534 808 4626 igno-rare
838 4552 953 4590 non
981 4539 1264 4609 poterant,
1297 4541 1355 4590 ct
1381 4532 1511 4591 loco
1542 4532 1714 4591 unius
1743 4532 1872 4608 Dei,
1897 4554 2068 4609 quem
2092 4556 2168 4593 ex
2196 4535 2466 4611 operibus
2489 4534 2762 4611 colligere

338 4622 621 4690 poterant,
672 4613 1005 4671 innumeros
1048 4612 1160 4671 sibi
1199 4612 1439 4689 fingere.
1524 4614 1686 4670 Bene
1729 4632 1868 4689 ergo
1916 4612 2096 4672 Athei
2138 4612 2427 4691 Apostolo
2472 4614 2762 4690 dicuntur,

342 4692 495 4771 Eph.
534 4692 596 4753 ii.
632 4696 722 4769 12,
752 4713 885 4753 cum
927 4712 1033 4753 sua
1075 4692 1177 4753 illa
1222 4693 1478 4752 Deorum
1522 4690 1725 4768 turba3
1769 4692 1906 4771 quia
1947 4692 2080 4770 quis
2107 4713 2284 4753 verus
2312 4701 2466 4753 esset
2495 4694 2674 4771 Deus,
2707 4703 2767 4754 et
