<?xml version="1.0" encoding="UTF-8"?>
<!DOCTYPE html PUBLIC "-//W3C//DTD XHTML 1.0 Transitional//EN"
    "http://www.w3.org/TR/xhtml1/DTD/xhtml1-transitional.dtd">
<html xmlns="http://www.w3.org/1999/xhtml" xml:lang="en" lang="en">
 <head>
  <title>
</title>
<meta http-equiv="Content-Type" content="text/html;charset=utf-8" />
  <meta name='ocr-system' content='tesseract 3.04.00' />
  <meta name='ocr-capabilities' content='ocr_page ocr_carea ocr_par ocr_line ocrx_word'/>
</head>
<body>
  <div class='ocr_page' id='page_1' title='image "./institutiotheol00turrgoog_0566.png"; bbox 0 0 3300 5225; ppageno 0'>
   <div class='ocr_carea' id='block_1_1' title="bbox 614 297 3034 380">
    <p class='ocr_par' dir='ltr' id='par_1_1' title="bbox 614 297 3034 380">
     <span class='ocr_line' id='line_1_1' title="bbox 614 297 3034 380; baseline 0 -22"><span class='ocrx_word' id='word_1_1' title='bbox 614 302 731 359; x_wconf 79' lang='lat'>514</span> <span class='ocrx_word' id='word_1_2' title='bbox 1555 319 1739 360; x_wconf 80' lang='lat' dir='ltr'>meus</span> <span class='ocrx_word' id='word_1_3' title='bbox 1767 316 2056 359; x_wconf 68' lang='lat' dir='ltr'>oei-Avus.</span> <span class='ocrx_word' id='word_1_4' title='bbox 2680 297 2960 380; x_wconf 56' lang='lat' dir='ltr'>[quaer.</span> <span class='ocrx_word' id='word_1_5' title='bbox 2987 320 3034 359; x_wconf 87' lang='lat'>1.</span> 
     </span>
    </p>
   </div>
   <div class='ocr_carea' id='block_1_2' title="bbox 615 456 3034 837">
    <p class='ocr_par' dir='ltr' id='par_1_2' title="bbox 615 456 3034 837">
     <span class='ocr_line' id='line_1_2' title="bbox 618 456 3034 535; baseline 0.001 -20"><span class='ocrx_word' id='word_1_6' title='bbox 618 477 654 516; x_wconf 92' lang='lat' dir='ltr'>a</span> <span class='ocrx_word' id='word_1_7' title='bbox 680 457 912 517; x_wconf 83' lang='lat' dir='ltr'>decreto</span> <span class='ocrx_word' id='word_1_8' title='bbox 942 458 1071 534; x_wconf 85' lang='lat' dir='ltr'>Dei,</span> <span class='ocrx_word' id='word_1_9' title='bbox 1100 459 1199 518; x_wconf 83' lang='lat' dir='ltr'>vel</span> <span class='ocrx_word' id='word_1_10' title='bbox 1226 460 1299 518; x_wconf 88' lang='lat' dir='ltr'>ab</span> <span class='ocrx_word' id='word_1_11' title='bbox 1327 458 1638 519; x_wconf 76' lang='lat' dir='ltr'><strong>existentia</strong></span> <span class='ocrx_word' id='word_1_12' title='bbox 1677 458 1780 533; x_wconf 89' lang='lat' dir='ltr'>rei,</span> <span class='ocrx_word' id='word_1_13' title='bbox 1824 477 1956 517; x_wconf 88' lang='lat' dir='ltr'>cum</span> <span class='ocrx_word' id='word_1_14' title='bbox 1994 456 2262 516; x_wconf 84' lang='lat' dir='ltr'>libertate</span> <span class='ocrx_word' id='word_1_15' title='bbox 2304 456 2613 535; x_wconf 78' lang='lat' dir='ltr'><strong>conspirat.</strong></span> <span class='ocrx_word' id='word_1_16' title='bbox 2695 460 3034 517; x_wconf 71' lang='lat' dir='ltr'>Necessitas</span> 
     </span>
     <span class='ocr_line' id='line_1_3' title="bbox 617 536 3028 615; baseline 0.002 -21"><span class='ocrx_word' id='word_1_17' title='bbox 617 538 690 595; x_wconf 81' lang='lat' dir='ltr'>ab</span> <span class='ocrx_word' id='word_1_18' title='bbox 717 538 1028 612; x_wconf 70' lang='lat' dir='ltr'>intrinseco,</span> <span class='ocrx_word' id='word_1_19' title='bbox 1058 557 1189 615; x_wconf 85' lang='lat' dir='ltr'>quae</span> <span class='ocrx_word' id='word_1_20' title='bbox 1217 540 1399 599; x_wconf 88' lang='lat' dir='ltr'>oritur</span> <span class='ocrx_word' id='word_1_21' title='bbox 1425 558 1499 597; x_wconf 87' lang='lat' dir='ltr'>ex</span> <span class='ocrx_word' id='word_1_22' title='bbox 1527 539 1982 597; x_wconf 62' lang='lat' dir='ltr'><strong><em>determinatione</em></strong></span> <span class='ocrx_word' id='word_1_23' title='bbox 2009 538 2248 614; x_wconf 68' lang='lat' dir='ltr'>physica</span> <span class='ocrx_word' id='word_1_24' title='bbox 2273 545 2332 595; x_wconf 87' lang='lat' dir='ltr'>et</span> <span class='ocrx_word' id='word_1_25' title='bbox 2370 536 2542 595; x_wconf 84' lang='lat' dir='ltr'>bruta</span> <span class='ocrx_word' id='word_1_26' title='bbox 2581 536 2660 595; x_wconf 85' lang='lat' dir='ltr'>ad</span> <span class='ocrx_word' id='word_1_27' title='bbox 2695 559 2900 614; x_wconf 87' lang='lat' dir='ltr'>unum,</span> <span class='ocrx_word' id='word_1_28' title='bbox 2953 539 3028 597; x_wconf 90' lang='lat' dir='ltr'>Ii-</span> 
     </span>
     <span class='ocr_line' id='line_1_4' title="bbox 615 615 3027 694; baseline 0.001 -20"><span class='ocrx_word' id='word_1_29' title='bbox 615 615 901 675; x_wconf 87' lang='lat' dir='ltr'>bertatem</span> <span class='ocrx_word' id='word_1_30' title='bbox 926 618 1112 693; x_wconf 89' lang='lat' dir='ltr'>tollit;</span> <span class='ocrx_word' id='word_1_31' title='bbox 1154 621 1471 677; x_wconf 73' lang='lat' dir='ltr'>Necessitas</span> <span class='ocrx_word' id='word_1_32' title='bbox 1496 620 1569 677; x_wconf 79' lang='lat' dir='ltr'>ab</span> <span class='ocrx_word' id='word_1_33' title='bbox 1596 618 1908 692; x_wconf 73' lang='lat' dir='ltr'>intrinseco,</span> <span class='ocrx_word' id='word_1_34' title='bbox 1955 636 2086 694; x_wconf 82' lang='lat' dir='ltr'>quse</span> <span class='ocrx_word' id='word_1_35' title='bbox 2123 616 2252 675; x_wconf 86' lang='lat' dir='ltr'>fluit</span> <span class='ocrx_word' id='word_1_36' title='bbox 2299 637 2377 675; x_wconf 86' lang='lat' dir='ltr'>ex</span> <span class='ocrx_word' id='word_1_37' title='bbox 2419 619 2884 676; x_wconf 65' lang='lat' dir='ltr'>detembiatioroe</span> <span class='ocrx_word' id='word_1_38' title='bbox 2917 640 3027 677; x_wconf 87' lang='lat' dir='ltr'>ra·</span> 
     </span>
     <span class='ocr_line' id='line_1_5' title="bbox 617 696 3028 834; baseline 0.001 -82"><span class='ocrx_word' id='word_1_39' title='bbox 617 696 818 754; x_wconf 78' lang='lat' dir='ltr'>tionali</span> <span class='ocrx_word' id='word_1_40' title='bbox 839 698 1156 834; x_wconf 56' lang='lat' dir='ltr'>voluntptis</span> <span class='ocrx_word' id='word_1_41' title='bbox 1184 698 1258 757; x_wconf 87' lang='lat' dir='ltr'>ab</span> <span class='ocrx_word' id='word_1_42' title='bbox 1284 698 1601 772; x_wconf 87' lang='lat' dir='ltr'>intellectu,</span> <span class='ocrx_word' id='word_1_43' title='bbox 1628 717 1748 755; x_wconf 89' lang='lat' dir='ltr'>non</span> <span class='ocrx_word' id='word_1_44' title='bbox 1775 696 1952 755; x_wconf 88' lang='lat' dir='ltr'>modo</span> <span class='ocrx_word' id='word_1_45' title='bbox 1975 716 2094 754; x_wconf 88' lang='lat' dir='ltr'>non</span> <span class='ocrx_word' id='word_1_46' title='bbox 2109 696 2356 755; x_wconf 76' lang='lat' dir='ltr'><strong>destruit</strong></span> <span class='ocrx_word' id='word_1_47' title='bbox 2381 697 2726 772; x_wconf 85' lang='lat' dir='ltr'>libertatem,</span> <span class='ocrx_word' id='word_1_48' title='bbox 2757 696 2864 756; x_wconf 91' lang='lat' dir='ltr'>sed</span> <span class='ocrx_word' id='word_1_49' title='bbox 2889 718 3028 757; x_wconf 77' lang='lat' dir='ltr'>eam</span> 
     </span>
     <span class='ocr_line' id='line_1_6' title="bbox 622 784 1218 837; baseline 0.007 -4"><span class='ocrx_word' id='word_1_50' title='bbox 622 784 929 835; x_wconf 87' lang='lat' dir='ltr'>conservat</span> <span class='ocrx_word' id='word_1_51' title='bbox 954 784 1013 836; x_wconf 86' lang='lat' dir='ltr'>et</span> <span class='ocrx_word' id='word_1_52' title='bbox 1062 786 1218 837; x_wconf 81' lang='lat' dir='ltr'>ovet.</span> 
     </span>
    </p>
   </div>
   <div class='ocr_carea' id='block_1_3' title="bbox 638 854 3024 955">
    <p class='ocr_par' dir='ltr' id='par_1_3' title="bbox 638 854 3024 955">
     <span class='ocr_line' id='line_1_7' title="bbox 638 854 3024 955; baseline 0 -41"><span class='ocrx_word' id='word_1_53' title='bbox 638 906 866 955; x_wconf 68' lang='lat' dir='ltr'>Libertas</span> <span class='ocrx_word' id='word_1_54' title='bbox 886 908 1082 955; x_wconf 70' lang='lat' dir='ltr'>Adnmi.</span> <span class='ocrx_word' id='word_1_55' title='bbox 1237 856 1350 915; x_wconf 87' lang='lat' dir='ltr'>VI.</span> <span class='ocrx_word' id='word_1_56' title='bbox 1408 856 1671 915; x_wconf 75' lang='lat' dir='ltr'><strong><em>Libertas</em></strong></span> <span class='ocrx_word' id='word_1_57' title='bbox 1711 855 1930 915; x_wconf 81' lang='lat' dir='ltr'>Adami</span> <span class='ocrx_word' id='word_1_58' title='bbox 1965 874 2086 913; x_wconf 88' lang='lat' dir='ltr'>non</span> <span class='ocrx_word' id='word_1_59' title='bbox 2132 854 2244 913; x_wconf 84' lang='lat' dir='ltr'>fuit</span> <span class='ocrx_word' id='word_1_60' title='bbox 2289 854 2516 913; x_wconf 73' lang='lat' dir='ltr'>libertas</span> <span class='ocrx_word' id='word_1_61' title='bbox 2558 854 3024 933; x_wconf 69' lang='lat' dir='ltr'>independentz&#39;oe,</span> 
     </span>
    </p>
   </div>
   <div class='ocr_carea' id='block_1_4' title="bbox 604 934 3040 4676">
    <p class='ocr_par' dir='ltr' id='par_1_4' title="bbox 604 934 3040 3080">
     <span class='ocr_line' id='line_1_8' title="bbox 1140 934 3032 1013; baseline -0.001 -18"><span class='ocrx_word' id='word_1_62' title='bbox 1140 936 1307 1013; x_wconf 80' lang='lat' dir='ltr'><strong>quasi</strong></span> <span class='ocrx_word' id='word_1_63' title='bbox 1332 934 1504 995; x_wconf 86' lang='lat' dir='ltr'>fuerit</span> <span class='ocrx_word' id='word_1_64' title='bbox 1530 934 1856 1010; x_wconf 61' lang='grc' dir='ltr'>ἀνυπεύθυνος,</span> <span class='ocrx_word' id='word_1_65' title='bbox 1887 942 1947 993; x_wconf 90' lang='lat' dir='ltr'>et</span> <span class='ocrx_word' id='word_1_66' title='bbox 1993 934 2255 993; x_wconf 85' lang='lat' dir='ltr'>absolute</span> <span class='ocrx_word' id='word_1_67' title='bbox 2303 934 2395 993; x_wconf 91' lang='lat' dir='ltr'>sui</span> <span class='ocrx_word' id='word_1_68' title='bbox 2443 935 2599 1009; x_wconf 70' lang='grc' dir='ltr'>ἀπε,</span> <span class='ocrx_word' id='word_1_69' title='bbox 2630 953 2768 1012; x_wconf 84' lang='lat' dir='ltr'>qma</span> <span class='ocrx_word' id='word_1_70' title='bbox 2793 955 3032 1013; x_wconf 81' lang='lat' dir='ltr'><strong>semper</strong></span> 
     </span>
     <span class='ocr_line' id='line_1_9' title="bbox 618 1012 3026 1091; baseline 0.001 -20"><span class='ocrx_word' id='word_1_71' title='bbox 618 1021 685 1071; x_wconf 84' lang='lat' dir='ltr'>ut</span> <span class='ocrx_word' id='word_1_72' title='bbox 714 1014 989 1073; x_wconf 88' lang='lat' dir='ltr'>Creatura</span> <span class='ocrx_word' id='word_1_73' title='bbox 1018 1016 1273 1075; x_wconf 81' lang='lat' dir='ltr'>Creatori</span> <span class='ocrx_word' id='word_1_74' title='bbox 1302 1035 1422 1090; x_wconf 90' lang='lat' dir='ltr'>suo,</span> <span class='ocrx_word' id='word_1_75' title='bbox 1453 1024 1513 1073; x_wconf 88' lang='lat' dir='ltr'>et</span> <span class='ocrx_word' id='word_1_76' title='bbox 1540 1023 1605 1074; x_wconf 88' lang='lat' dir='ltr'>ut</span> <span class='ocrx_word' id='word_1_77' title='bbox 1625 1034 1800 1073; x_wconf 86' lang='lat' dir='ltr'>causa</span> <span class='ocrx_word' id='word_1_78' title='bbox 1828 1013 2084 1073; x_wconf 85' lang='lat' dir='ltr'>secunda</span> <span class='ocrx_word' id='word_1_79' title='bbox 2108 1014 2326 1091; x_wconf 75' lang='lat' dir='ltr'>primae,</span> <span class='ocrx_word' id='word_1_80' title='bbox 2357 1012 2428 1071; x_wconf 91' lang='lat' dir='ltr'>dc</span> <span class='ocrx_word' id='word_1_81' title='bbox 2471 1015 2558 1072; x_wconf 88' lang='lat' dir='ltr'>uit</span> <span class='ocrx_word' id='word_1_82' title='bbox 2585 1014 2812 1091; x_wconf 84' lang='lat' dir='ltr'>subjici,</span> <span class='ocrx_word' id='word_1_83' title='bbox 2843 1024 2905 1073; x_wconf 89' lang='lat' dir='ltr'>et</span> <span class='ocrx_word' id='word_1_84' title='bbox 2945 1017 3026 1074; x_wconf 87' lang='lat' dir='ltr'>ab</span> 
     </span>
     <span class='ocr_line' id='line_1_10' title="bbox 618 1093 3026 1171; baseline 0.001 -20"><span class='ocrx_word' id='word_1_85' title='bbox 618 1093 749 1169; x_wconf 88' lang='lat' dir='ltr'>ejus</span> <span class='ocrx_word' id='word_1_86' title='bbox 774 1102 919 1153; x_wconf 88' lang='lat' dir='ltr'>nutu</span> <span class='ocrx_word' id='word_1_87' title='bbox 945 1095 1194 1171; x_wconf 88' lang='lat' dir='ltr'>pendere</span> <span class='ocrx_word' id='word_1_88' title='bbox 1219 1119 1235 1155; x_wconf 70' lang='grc' dir='ltr'>ς</span> <span class='ocrx_word' id='word_1_89' title='bbox 1278 1094 1409 1153; x_wconf 86' lang='lat' dir='ltr'>Non</span> <span class='ocrx_word' id='word_1_90' title='bbox 1435 1094 1546 1153; x_wconf 86' lang='lat' dir='ltr'>fuit</span> <span class='ocrx_word' id='word_1_91' title='bbox 1574 1096 1800 1153; x_wconf 68' lang='lat' dir='ltr'>liber-tas</span> <span class='ocrx_word' id='word_1_92' title='bbox 1835 1093 2368 1151; x_wconf 62' lang='lat' dir='ltr'>indata-minationis</span> <span class='ocrx_word' id='word_1_93' title='bbox 2393 1094 2710 1152; x_wconf 81' lang='lat' dir='ltr'>voluntatis</span> <span class='ocrx_word' id='word_1_94' title='bbox 2737 1095 2812 1153; x_wconf 88' lang='lat' dir='ltr'>ab</span> <span class='ocrx_word' id='word_1_95' title='bbox 2849 1095 3026 1153; x_wconf 88' lang='lat' dir='ltr'>intel-</span> 
     </span>
     <span class='ocr_line' id='line_1_11' title="bbox 618 1171 3024 1251; baseline 0.002 -22"><span class='ocrx_word' id='word_1_96' title='bbox 618 1171 775 1231; x_wconf 89' lang='lat' dir='ltr'>lectu</span> <span class='ocrx_word' id='word_1_97' title='bbox 801 1174 1087 1249; x_wconf 87' lang='lat' dir='ltr'>practico;</span> <span class='ocrx_word' id='word_1_98' title='bbox 1134 1174 1279 1232; x_wconf 79' lang='lat' dir='ltr'>Haec</span> <span class='ocrx_word' id='word_1_99' title='bbox 1308 1174 1462 1232; x_wconf 89' lang='lat' dir='ltr'>enim</span> <span class='ocrx_word' id='word_1_100' title='bbox 1488 1174 1848 1233; x_wconf 84' lang='lat' dir='ltr'>voluntatem</span> <span class='ocrx_word' id='word_1_101' title='bbox 1884 1173 1948 1231; x_wconf 88' lang='lat' dir='ltr'>in</span> <span class='ocrx_word' id='word_1_102' title='bbox 1973 1173 2290 1251; x_wconf 83' lang='lat' dir='ltr'>appetitum</span> <span class='ocrx_word' id='word_1_103' title='bbox 2317 1172 2706 1231; x_wconf 72' lang='lat' dir='ltr'>irrationalem</span> <span class='ocrx_word' id='word_1_104' title='bbox 2733 1182 3024 1233; x_wconf 81' lang='lat' dir='ltr'>transmu-</span> 
     </span>
     <span class='ocr_line' id='line_1_12' title="bbox 619 1252 3023 1331; baseline 0.001 -22"><span class='ocrx_word' id='word_1_105' title='bbox 619 1258 816 1327; x_wconf 82' lang='lat' dir='ltr'>tasset,</span> <span class='ocrx_word' id='word_1_106' title='bbox 847 1261 914 1311; x_wconf 88' lang='lat' dir='ltr'>ut</span> <span class='ocrx_word' id='word_1_107' title='bbox 939 1261 1232 1331; x_wconf 82' lang='lat' dir='ltr'>appeteret</span> <span class='ocrx_word' id='word_1_108' title='bbox 1276 1254 1495 1312; x_wconf 87' lang='lat' dir='ltr'>malum</span> <span class='ocrx_word' id='word_1_109' title='bbox 1523 1254 1631 1312; x_wconf 86' lang='lat' dir='ltr'>sub</span> <span class='ocrx_word' id='word_1_110' title='bbox 1660 1253 1884 1312; x_wconf 85' lang='lat' dir='ltr'>ratione</span> <span class='ocrx_word' id='word_1_111' title='bbox 1917 1252 2072 1327; x_wconf 81' lang='lat' dir='ltr'>mali,</span> <span class='ocrx_word' id='word_1_112' title='bbox 2123 1260 2185 1311; x_wconf 87' lang='lat' dir='ltr'>et</span> <span class='ocrx_word' id='word_1_113' title='bbox 2224 1271 2342 1311; x_wconf 88' lang='lat' dir='ltr'>non</span> <span class='ocrx_word' id='word_1_114' title='bbox 2381 1259 2502 1309; x_wconf 88' lang='lat' dir='ltr'>tam</span> <span class='ocrx_word' id='word_1_115' title='bbox 2541 1252 2797 1327; x_wconf 83' lang='lat' dir='ltr'>libertas,</span> <span class='ocrx_word' id='word_1_116' title='bbox 2845 1274 3023 1331; x_wconf 86' lang='lat' dir='ltr'>quam</span> 
     </span>
     <span class='ocr_line' id='line_1_13' title="bbox 621 1329 3025 1410; baseline 0.002 -22"><span class='ocrx_word' id='word_1_117' title='bbox 621 1329 868 1390; x_wconf 66' lang='lat' dir='ltr'>effraenis</span> <span class='ocrx_word' id='word_1_118' title='bbox 896 1332 1097 1392; x_wconf 86' lang='lat' dir='ltr'>fuisset</span> <span class='ocrx_word' id='word_1_119' title='bbox 1122 1333 1372 1408; x_wconf 72' lang='lat' dir='ltr'>licentia,</span> <span class='ocrx_word' id='word_1_120' title='bbox 1404 1352 1533 1410; x_wconf 78' lang='lat' dir='ltr'>quse</span> <span class='ocrx_word' id='word_1_121' title='bbox 1562 1353 1694 1391; x_wconf 89' lang='lat' dir='ltr'>cum</span> <span class='ocrx_word' id='word_1_122' title='bbox 1722 1332 1972 1409; x_wconf 80' lang='lat' dir='ltr'><strong>imagine</strong></span> <span class='ocrx_word' id='word_1_123' title='bbox 2003 1331 2116 1390; x_wconf 86' lang='lat' dir='ltr'>Dei</span> <span class='ocrx_word' id='word_1_124' title='bbox 2143 1330 2346 1389; x_wconf 81' lang='lat' dir='ltr'>fuisset</span> <span class='ocrx_word' id='word_1_125' title='bbox 2371 1330 2670 1397; x_wconf 70' lang='grc' dir='ltr'>ἅσῦστιτος.</span> <span class='ocrx_word' id='word_1_126' title='bbox 2757 1331 2878 1391; x_wconf 86' lang='lat' dir='ltr'>Sed</span> <span class='ocrx_word' id='word_1_127' title='bbox 2917 1335 3025 1392; x_wconf 90' lang='lat' dir='ltr'>tri-</span> 
     </span>
     <span class='ocr_line' id='line_1_14' title="bbox 798 1411 3022 1519; baseline 0 -48"><span class='ocrx_word' id='word_1_128' title='bbox 798 1465 928 1519; x_wconf 74' lang='lat' dir='ltr'>Fuit,</span> <span class='ocrx_word' id='word_1_129' title='bbox 1142 1414 1281 1490; x_wconf 84' lang='lat' dir='ltr'>plex</span> <span class='ocrx_word' id='word_1_130' title='bbox 1309 1412 1425 1471; x_wconf 87' lang='lat' dir='ltr'>alia</span> <span class='ocrx_word' id='word_1_131' title='bbox 1460 1412 1570 1471; x_wconf 83' lang='lat' dir='ltr'>fuit</span> <span class='ocrx_word' id='word_1_132' title='bbox 1611 1412 1675 1469; x_wconf 93' lang='lat' dir='ltr'>in</span> <span class='ocrx_word' id='word_1_133' title='bbox 1701 1412 1826 1489; x_wconf 89' lang='lat' dir='ltr'>ipso</span> <span class='ocrx_word' id='word_1_134' title='bbox 1855 1413 2098 1487; x_wconf 72' lang='lat' dir='ltr'>libertas,</span> <span class='ocrx_word' id='word_1_135' title='bbox 2132 1413 2186 1468; x_wconf 91' lang='grc'>1.</span> <span class='ocrx_word' id='word_1_136' title='bbox 2215 1430 2252 1468; x_wconf 81' lang='lat' dir='ltr'>a</span> <span class='ocrx_word' id='word_1_137' title='bbox 2277 1411 2556 1470; x_wconf 76' lang='lat' dir='ltr'><em>coactione</em></span> <span class='ocrx_word' id='word_1_138' title='bbox 2571 1435 2596 1484; x_wconf 90' lang='lat'><em>;</em></span> <span class='ocrx_word' id='word_1_139' title='bbox 2639 1416 2697 1470; x_wconf 79' lang='lat'>2.</span> <span class='ocrx_word' id='word_1_140' title='bbox 2727 1431 2763 1470; x_wconf 91' lang='lat' dir='ltr'>a</span> <span class='ocrx_word' id='word_1_141' title='bbox 2789 1414 3022 1471; x_wconf 72' lang='lat' dir='ltr'>necessi-</span> 
     </span>
     <span class='ocr_line' id='line_1_15' title="bbox 621 1491 3022 1568; baseline 0 -19"><span class='ocrx_word' id='word_1_142' title='bbox 621 1521 665 1566; x_wconf 59' lang='lat'>1,</span> <span class='ocrx_word' id='word_1_143' title='bbox 684 1522 736 1568; x_wconf 64' lang='grc' dir='ltr'><strong>Δ</strong></span> <span class='ocrx_word' id='word_1_144' title='bbox 754 1524 1016 1567; x_wconf 70' lang='lat' dir='ltr'>coactione.</span> <span class='ocrx_word' id='word_1_145' title='bbox 1145 1501 1257 1550; x_wconf 80' lang='lat' dir='ltr'>tate</span> <span class='ocrx_word' id='word_1_146' title='bbox 1288 1493 1529 1568; x_wconf 69' lang='lat' dir='ltr'>physica</span> <span class='ocrx_word' id='word_1_147' title='bbox 1547 1515 1572 1565; x_wconf 84' lang='lat'>,·</span> <span class='ocrx_word' id='word_1_148' title='bbox 1627 1495 1685 1550; x_wconf 85' lang='lat'>3.</span> <span class='ocrx_word' id='word_1_149' title='bbox 1731 1512 1765 1549; x_wconf 84' lang='lat' dir='ltr'>a</span> <span class='ocrx_word' id='word_1_150' title='bbox 1808 1492 2082 1564; x_wconf 67' lang='lat' dir='ltr'>aemiliae,</span> <span class='ocrx_word' id='word_1_151' title='bbox 2127 1497 2252 1548; x_wconf 84' lang='lat' dir='ltr'>tum</span> <span class='ocrx_word' id='word_1_152' title='bbox 2299 1491 2538 1566; x_wconf 85' lang='lat' dir='ltr'>peccati,</span> <span class='ocrx_word' id='word_1_153' title='bbox 2585 1499 2708 1549; x_wconf 88' lang='lat' dir='ltr'>tum</span> <span class='ocrx_word' id='word_1_154' title='bbox 2753 1492 3022 1550; x_wconf 63' lang='lat' dir='ltr'>miserie.</span> 
     </span>
     <span class='ocr_line' id='line_1_16' title="bbox 622 1570 3026 1651; baseline 0.003 -28"><span class='ocrx_word' id='word_1_155' title='bbox 622 1579 667 1625; x_wconf 83' lang='lat'>2.</span> <span class='ocrx_word' id='word_1_156' title='bbox 689 1582 738 1625; x_wconf 77' lang='lat' dir='ltr'>A</span> <span class='ocrx_word' id='word_1_157' title='bbox 757 1582 1045 1651; x_wconf 59' lang='lat' dir='ltr'>necessitato</span> <span class='ocrx_word' id='word_1_158' title='bbox 1146 1572 1293 1629; x_wconf 81' lang='lat' dir='ltr'>Duae</span> <span class='ocrx_word' id='word_1_159' title='bbox 1320 1571 1541 1647; x_wconf 77' lang='lat' dir='ltr'>priores</span> <span class='ocrx_word' id='word_1_160' title='bbox 1558 1570 1986 1629; x_wconf 74' lang='lat' dir='ltr'><strong>constituebant</strong></span> <span class='ocrx_word' id='word_1_161' title='bbox 2011 1570 2316 1629; x_wconf 62' lang='lat' dir='ltr'>libertatem</span> <span class='ocrx_word' id='word_1_162' title='bbox 2345 1570 2473 1647; x_wconf 86' lang='lat' dir='ltr'>ejus</span> <span class='ocrx_word' id='word_1_163' title='bbox 2500 1572 2859 1647; x_wconf 71' lang='lat' dir='ltr'>essentialem,</span> <span class='ocrx_word' id='word_1_164' title='bbox 2889 1592 3026 1649; x_wconf 76' lang='lat' dir='ltr'>quae</span> 
     </span>
     <span class='ocr_line' id='line_1_17' title="bbox 1142 1649 3024 1726; baseline 0.001 -18"><span class='ocrx_word' id='word_1_165' title='bbox 1142 1649 1364 1708; x_wconf 87' lang='lat' dir='ltr'>homini</span> <span class='ocrx_word' id='word_1_166' title='bbox 1390 1650 1453 1707; x_wconf 90' lang='lat' dir='ltr'>in</span> <span class='ocrx_word' id='word_1_167' title='bbox 1480 1668 1824 1726; x_wconf 88' lang='lat' dir='ltr'>quocunque</span> <span class='ocrx_word' id='word_1_168' title='bbox 1853 1657 2008 1708; x_wconf 85' lang='lat' dir='ltr'>statu</span> <span class='ocrx_word' id='word_1_169' title='bbox 2036 1650 2112 1708; x_wconf 89' lang='lat' dir='ltr'>sit</span> <span class='ocrx_word' id='word_1_170' title='bbox 2139 1650 2484 1708; x_wconf 88' lang='lat' dir='ltr'>constitutus</span> <span class='ocrx_word' id='word_1_171' title='bbox 2520 1650 2890 1725; x_wconf 88' lang='lat' dir='ltr'>conveniunt,</span> <span class='ocrx_word' id='word_1_172' title='bbox 2921 1672 3024 1710; x_wconf 89' lang='lat' dir='ltr'>cu-</span> 
     </span>
     <span class='ocr_line' id='line_1_18' title="bbox 1138 1728 3032 1809; baseline 0.001 -22"><span class='ocrx_word' id='word_1_173' title='bbox 1138 1729 1240 1806; x_wconf 86' lang='lat' dir='ltr'>jus</span> <span class='ocrx_word' id='word_1_174' title='bbox 1268 1728 1383 1787; x_wconf 90' lang='lat' dir='ltr'>duo</span> <span class='ocrx_word' id='word_1_175' title='bbox 1414 1735 1549 1787; x_wconf 84' lang='lat' dir='ltr'>sunt</span> <span class='ocrx_word' id='word_1_176' title='bbox 1587 1729 1946 1787; x_wconf 66' lang='lat' dir='ltr'>characteres</span> <span class='ocrx_word' id='word_1_177' title='bbox 1985 1733 2042 1786; x_wconf 70' lang='grc' dir='ltr'>τὶ</span> <span class='ocrx_word' id='word_1_178' title='bbox 2083 1734 2430 1809; x_wconf 54' lang='lat' dir='ltr'>queen-mbr,</span> <span class='ocrx_word' id='word_1_179' title='bbox 2479 1738 2540 1787; x_wconf 91' lang='lat' dir='ltr'>et</span> <span class='ocrx_word' id='word_1_180' title='bbox 2583 1734 2640 1787; x_wconf 71' lang='grc' dir='ltr'>τὶ</span> <span class='ocrx_word' id='word_1_181' title='bbox 2687 1728 2908 1806; x_wconf 63' lang='grc' dir='ltr'>ἐκείνων,</span> <span class='ocrx_word' id='word_1_182' title='bbox 2959 1738 3032 1789; x_wconf 80' lang='lat' dir='ltr'>ut</span> 
     </span>
     <span class='ocr_line' id='line_1_19' title="bbox 622 1807 3029 1885; baseline 0 -18"><span class='ocrx_word' id='word_1_183' title='bbox 622 1808 781 1885; x_wconf 87' lang='lat' dir='ltr'>quod</span> <span class='ocrx_word' id='word_1_184' title='bbox 807 1808 875 1867; x_wconf 85' lang='lat' dir='ltr'>fit</span> <span class='ocrx_word' id='word_1_185' title='bbox 900 1808 1002 1867; x_wconf 88' lang='lat' dir='ltr'>fiat</span> <span class='ocrx_word' id='word_1_186' title='bbox 1028 1808 1245 1885; x_wconf 81' lang='lat' dir='ltr'>praevio</span> <span class='ocrx_word' id='word_1_187' title='bbox 1272 1808 1513 1867; x_wconf 88' lang='lat' dir='ltr'>rationis</span> <span class='ocrx_word' id='word_1_188' title='bbox 1532 1807 1778 1885; x_wconf 87' lang='lat' dir='ltr'>judicio,</span> <span class='ocrx_word' id='word_1_189' title='bbox 1805 1816 1864 1867; x_wconf 89' lang='lat' dir='ltr'>et</span> <span class='ocrx_word' id='word_1_190' title='bbox 1895 1817 2116 1885; x_wconf 86' lang='lat' dir='ltr'>sponte.</span> <span class='ocrx_word' id='word_1_191' title='bbox 2204 1809 2320 1866; x_wconf 86' lang='lat' dir='ltr'>Sed</span> <span class='ocrx_word' id='word_1_192' title='bbox 2346 1809 2628 1885; x_wconf 82' lang='lat' dir='ltr'>posterior</span> <span class='ocrx_word' id='word_1_193' title='bbox 2663 1811 3029 1868; x_wconf 73' lang='lat' dir='ltr'>accidentalis</span> 
     </span>
     <span class='ocr_line' id='line_1_20' title="bbox 604 1887 3032 1967; baseline 0 -22"><span class='ocrx_word' id='word_1_194' title='bbox 604 1888 741 1963; x_wconf 68' lang='lat' dir='ltr'>ficit,</span> <span class='ocrx_word' id='word_1_195' title='bbox 773 1888 911 1964; x_wconf 85' lang='lat' dir='ltr'>quia</span> <span class='ocrx_word' id='word_1_196' title='bbox 938 1888 1270 1966; x_wconf 82' lang='lat' dir='ltr'>supervenit</span> <span class='ocrx_word' id='word_1_197' title='bbox 1297 1888 1551 1947; x_wconf 81' lang='lat' dir='ltr'>libertati</span> <span class='ocrx_word' id='word_1_198' title='bbox 1578 1887 1889 1963; x_wconf 79' lang='lat' dir='ltr'>essentiali,</span> <span class='ocrx_word' id='word_1_199' title='bbox 1921 1898 1979 1945; x_wconf 90' lang='lat' dir='ltr'>et</span> <span class='ocrx_word' id='word_1_200' title='bbox 2006 1887 2081 1946; x_wconf 91' lang='lat' dir='ltr'>ab</span> <span class='ocrx_word' id='word_1_201' title='bbox 2107 1888 2211 1945; x_wconf 87' lang='lat' dir='ltr'>illa</span> <span class='ocrx_word' id='word_1_202' title='bbox 2245 1889 2498 1965; x_wconf 85' lang='lat' dir='ltr'>separari</span> <span class='ocrx_word' id='word_1_203' title='bbox 2537 1895 2766 1966; x_wconf 88' lang='lat' dir='ltr'>potest;</span> <span class='ocrx_word' id='word_1_204' title='bbox 2809 1889 3032 1967; x_wconf 80' lang='lat' dir='ltr'>quippe</span> 
     </span>
     <span class='ocr_line' id='line_1_21' title="bbox 620 1966 3032 2043; baseline 0.002 -18"><span class='ocrx_word' id='word_1_205' title='bbox 620 1967 791 2026; x_wconf 87' lang='lat' dir='ltr'>datur</span> <span class='ocrx_word' id='word_1_206' title='bbox 816 1988 959 2027; x_wconf 86' lang='lat' dir='ltr'>vera</span> <span class='ocrx_word' id='word_1_207' title='bbox 980 1968 1239 2043; x_wconf 74' lang='lat' dir='ltr'>libertae,</span> <span class='ocrx_word' id='word_1_208' title='bbox 1266 1967 1370 2027; x_wconf 85' lang='lat' dir='ltr'>uhi</span> <span class='ocrx_word' id='word_1_209' title='bbox 1394 1968 1530 2027; x_wconf 84' lang='lat' dir='ltr'>talis</span> <span class='ocrx_word' id='word_1_210' title='bbox 1556 1986 1675 2027; x_wconf 85' lang='lat' dir='ltr'>non</span> <span class='ocrx_word' id='word_1_211' title='bbox 1703 1967 1872 2027; x_wconf 87' lang='lat' dir='ltr'>datur</span> <span class='ocrx_word' id='word_1_212' title='bbox 1899 1966 2232 2027; x_wconf 85' lang='lat' dir='ltr'>immunitas</span> <span class='ocrx_word' id='word_1_213' title='bbox 2259 1987 2296 2025; x_wconf 89' lang='lat' dir='ltr'>a</span> <span class='ocrx_word' id='word_1_214' title='bbox 2323 1969 2616 2043; x_wconf 82' lang='lat' dir='ltr'>servitute,</span> <span class='ocrx_word' id='word_1_215' title='bbox 2659 1976 2726 2025; x_wconf 85' lang='lat' dir='ltr'>ut</span> <span class='ocrx_word' id='word_1_216' title='bbox 2765 1968 2828 2025; x_wconf 89' lang='lat' dir='ltr'>in</span> <span class='ocrx_word' id='word_1_217' title='bbox 2869 1978 3032 2029; x_wconf 84' lang='lat' dir='ltr'>statu</span> 
     </span>
     <span class='ocr_line' id='line_1_22' title="bbox 726 2046 859 2105; baseline 0 0"><span class='ocrx_word' id='word_1_218' title='bbox 726 2046 859 2105; x_wconf 87' lang='lat' dir='ltr'>cati.</span> 
     </span>
     <span class='ocr_line' id='line_1_23' title="bbox 618 2066 3034 2204; baseline 0 -18"><span class='ocrx_word' id='word_1_219' title='bbox 618 2066 849 2186; x_wconf 55' lang='lat' dir='ltr'><strong>POCVII.</strong></span> <span class='ocrx_word' id='word_1_220' title='bbox 894 2127 1060 2187; x_wconf 87' lang='lat' dir='ltr'>Licet</span> <span class='ocrx_word' id='word_1_221' title='bbox 1084 2147 1225 2187; x_wconf 83' lang='lat' dir='ltr'>vero</span> <span class='ocrx_word' id='word_1_222' title='bbox 1252 2127 1401 2186; x_wconf 89' lang='lat' dir='ltr'>liber</span> <span class='ocrx_word' id='word_1_223' title='bbox 1441 2125 1613 2186; x_wconf 85' lang='lat' dir='ltr'>fuerit</span> <span class='ocrx_word' id='word_1_224' title='bbox 1650 2146 1686 2185; x_wconf 90' lang='lat' dir='ltr'>a</span> <span class='ocrx_word' id='word_1_225' title='bbox 1727 2126 2005 2185; x_wconf 84' lang='lat' dir='ltr'>servitute</span> <span class='ocrx_word' id='word_1_226' title='bbox 2047 2126 2286 2204; x_wconf 87' lang='lat' dir='ltr'>peccati,</span> <span class='ocrx_word' id='word_1_227' title='bbox 2329 2126 2467 2203; x_wconf 84' lang='lat' dir='ltr'>quia</span> <span class='ocrx_word' id='word_1_228' title='bbox 2500 2126 2696 2203; x_wconf 88' lang='lat' dir='ltr'>justus</span> <span class='ocrx_word' id='word_1_229' title='bbox 2737 2135 2796 2185; x_wconf 90' lang='lat' dir='ltr'>et</span> <span class='ocrx_word' id='word_1_230' title='bbox 2831 2135 3034 2187; x_wconf 83' lang='lat' dir='ltr'>rectus</span> 
     </span>
     <span class='ocr_line' id='line_1_24' title="bbox 619 2202 3036 2284; baseline 0 -18"><span class='ocrx_word' id='word_1_231' title='bbox 619 2214 845 2269; x_wconf 83' lang='lat' dir='ltr'>creatus</span> <span class='ocrx_word' id='word_1_232' title='bbox 874 2217 979 2284; x_wconf 88' lang='lat' dir='ltr'>est,</span> <span class='ocrx_word' id='word_1_233' title='bbox 1010 2228 1128 2267; x_wconf 87' lang='lat' dir='ltr'>non</span> <span class='ocrx_word' id='word_1_234' title='bbox 1166 2202 1277 2267; x_wconf 80' lang='lat' dir='ltr'>fuit</span> <span class='ocrx_word' id='word_1_235' title='bbox 1315 2215 1511 2266; x_wconf 87' lang='lat' dir='ltr'>tamen</span> <span class='ocrx_word' id='word_1_236' title='bbox 1538 2208 1678 2264; x_wconf 77' lang='lat' dir='ltr'>liber</span> <span class='ocrx_word' id='word_1_237' title='bbox 1715 2226 1752 2264; x_wconf 87' lang='lat' dir='ltr'>a</span> <span class='ocrx_word' id='word_1_238' title='bbox 1791 2206 2171 2281; x_wconf 71' lang='lat' dir='ltr'>mutabilitate,</span> <span class='ocrx_word' id='word_1_239' title='bbox 2215 2206 2354 2283; x_wconf 87' lang='lat' dir='ltr'>quia</span> <span class='ocrx_word' id='word_1_240' title='bbox 2395 2206 2810 2283; x_wconf 79' lang='lat' dir='ltr'>qualiscunque</span> <span class='ocrx_word' id='word_1_241' title='bbox 2851 2207 3036 2267; x_wconf 81' lang='lat' dir='ltr'>fuerit</span> 
     </span>
     <span class='ocr_line' id='line_1_25' title="bbox 618 2284 3033 2365; baseline -0 -18"><span class='ocrx_word' id='word_1_242' title='bbox 618 2288 749 2365; x_wconf 85' lang='lat' dir='ltr'>ejus</span> <span class='ocrx_word' id='word_1_243' title='bbox 776 2288 1052 2347; x_wconf 83' lang='lat' dir='ltr'>sanctitas</span> <span class='ocrx_word' id='word_1_244' title='bbox 1080 2296 1139 2347; x_wconf 88' lang='lat' dir='ltr'>et</span> <span class='ocrx_word' id='word_1_245' title='bbox 1164 2287 1411 2365; x_wconf 84' lang='lat' dir='ltr'>justitia,</span> <span class='ocrx_word' id='word_1_246' title='bbox 1442 2286 1738 2345; x_wconf 87' lang='lat' dir='ltr'>mutabilis</span> <span class='ocrx_word' id='word_1_247' title='bbox 1763 2285 1890 2361; x_wconf 78' lang='lat' dir='ltr'>fuit,</span> <span class='ocrx_word' id='word_1_248' title='bbox 1919 2306 1958 2344; x_wconf 90' lang='lat' dir='ltr'>a</span> <span class='ocrx_word' id='word_1_249' title='bbox 1983 2306 2100 2362; x_wconf 86' lang='lat' dir='ltr'>qua</span> <span class='ocrx_word' id='word_1_250' title='bbox 2123 2284 2364 2362; x_wconf 76' lang='lat' dir='ltr'>proinde</span> <span class='ocrx_word' id='word_1_251' title='bbox 2389 2286 2634 2344; x_wconf 84' lang='lat' dir='ltr'>deficere</span> <span class='ocrx_word' id='word_1_252' title='bbox 2659 2286 2866 2363; x_wconf 81' lang='lat' dir='ltr'>potuit.</span> <span class='ocrx_word' id='word_1_253' title='bbox 2951 2286 3033 2346; x_wconf 86' lang='lat' dir='ltr'>In</span> 
     </span>
     <span class='ocr_line' id='line_1_26' title="bbox 620 2365 3036 2445; baseline 0 -20"><span class='ocrx_word' id='word_1_254' title='bbox 620 2386 689 2425; x_wconf 85' lang='lat' dir='ltr'>eo</span> <span class='ocrx_word' id='word_1_255' title='bbox 716 2368 931 2445; x_wconf 86' lang='lat' dir='ltr'>quippe</span> <span class='ocrx_word' id='word_1_256' title='bbox 957 2375 1113 2427; x_wconf 84' lang='lat' dir='ltr'>statu</span> <span class='ocrx_word' id='word_1_257' title='bbox 1138 2366 1363 2444; x_wconf 87' lang='lat' dir='ltr'>positus</span> <span class='ocrx_word' id='word_1_258' title='bbox 1390 2367 1502 2425; x_wconf 84' lang='lat' dir='ltr'>fuit</span> <span class='ocrx_word' id='word_1_259' title='bbox 1528 2365 1812 2440; x_wconf 89' lang='lat' dir='ltr'>Adamus,</span> <span class='ocrx_word' id='word_1_260' title='bbox 1843 2374 1909 2425; x_wconf 87' lang='lat' dir='ltr'>ut</span> <span class='ocrx_word' id='word_1_261' title='bbox 1947 2373 2144 2442; x_wconf 86' lang='lat' dir='ltr'>posset</span> <span class='ocrx_word' id='word_1_262' title='bbox 2169 2372 2324 2424; x_wconf 85' lang='lat' dir='ltr'>stare</span> <span class='ocrx_word' id='word_1_263' title='bbox 2349 2373 2410 2424; x_wconf 84' lang='lat' dir='ltr'>et</span> <span class='ocrx_word' id='word_1_264' title='bbox 2436 2365 2658 2440; x_wconf 84' lang='lat' dir='ltr'>cadere,</span> <span class='ocrx_word' id='word_1_265' title='bbox 2701 2385 2940 2443; x_wconf 80' lang='lat' dir='ltr'>peccare</span> <span class='ocrx_word' id='word_1_266' title='bbox 2967 2376 3036 2427; x_wconf 85' lang='lat' dir='ltr'>et</span> 
     </span>
     <span class='ocr_line' id='line_1_27' title="bbox 620 2444 3034 2525; baseline 0 -21"><span class='ocrx_word' id='word_1_267' title='bbox 620 2466 737 2505; x_wconf 89' lang='lat' dir='ltr'>non</span> <span class='ocrx_word' id='word_1_268' title='bbox 784 2466 1041 2525; x_wconf 85' lang='lat' dir='ltr'>peccare.</span> <span class='ocrx_word' id='word_1_269' title='bbox 1141 2445 1312 2521; x_wconf 88' lang='lat' dir='ltr'>Quod</span> <span class='ocrx_word' id='word_1_270' title='bbox 1358 2446 1625 2524; x_wconf 81' lang='lat' dir='ltr'>quamvis</span> <span class='ocrx_word' id='word_1_271' title='bbox 1671 2446 1952 2504; x_wconf 87' lang='lat' dir='ltr'>minorem</span> <span class='ocrx_word' id='word_1_272' title='bbox 1998 2444 2408 2521; x_wconf 76' lang='lat' dir='ltr'>persectionem</span> <span class='ocrx_word' id='word_1_273' title='bbox 2451 2453 2658 2522; x_wconf 81' lang='lat' dir='ltr'>arguat</span> <span class='ocrx_word' id='word_1_274' title='bbox 2701 2465 2820 2522; x_wconf 70' lang='lat' dir='ltr'>prm</span> <span class='ocrx_word' id='word_1_275' title='bbox 2867 2454 3034 2505; x_wconf 84' lang='lat' dir='ltr'>statu</span> 
     </span>
     <span class='ocr_line' id='line_1_28' title="bbox 621 2524 3034 2603; baseline -0 -19"><span class='ocrx_word' id='word_1_276' title='bbox 621 2526 839 2603; x_wconf 79' lang='lat' dir='ltr'>gratiss,</span> <span class='ocrx_word' id='word_1_277' title='bbox 890 2526 991 2603; x_wconf 90' lang='lat' dir='ltr'>qui</span> <span class='ocrx_word' id='word_1_278' title='bbox 1044 2526 1421 2585; x_wconf 87' lang='lat' dir='ltr'>immutabilis</span> <span class='ocrx_word' id='word_1_279' title='bbox 1462 2534 1569 2601; x_wconf 89' lang='lat' dir='ltr'>est,</span> <span class='ocrx_word' id='word_1_280' title='bbox 1624 2524 1852 2584; x_wconf 85' lang='lat' dir='ltr'>nullum</span> <span class='ocrx_word' id='word_1_281' title='bbox 1899 2533 2097 2583; x_wconf 84' lang='lat' dir='ltr'>tamen</span> <span class='ocrx_word' id='word_1_282' title='bbox 2139 2524 2346 2583; x_wconf 74' lang='lat' dir='ltr'>vitium</span> <span class='ocrx_word' id='word_1_283' title='bbox 2391 2524 2490 2582; x_wconf 85' lang='lat' dir='ltr'>vel</span> <span class='ocrx_word' id='word_1_284' title='bbox 2535 2524 3034 2601; x_wconf 82' lang='lat' dir='ltr'>imperfectionem</span> 
     </span>
     <span class='ocr_line' id='line_1_29' title="bbox 619 2603 3036 2684; baseline 0.001 -22"><span class='ocrx_word' id='word_1_285' title='bbox 619 2614 799 2681; x_wconf 88' lang='lat' dir='ltr'>notat,</span> <span class='ocrx_word' id='word_1_286' title='bbox 846 2605 1129 2684; x_wconf 78' lang='lat' dir='ltr'>siquidem</span> <span class='ocrx_word' id='word_1_287' title='bbox 1170 2605 1609 2665; x_wconf 80' lang='lat' dir='ltr'>immutabilitas</span> <span class='ocrx_word' id='word_1_288' title='bbox 1648 2625 1766 2665; x_wconf 86' lang='lat' dir='ltr'>non</span> <span class='ocrx_word' id='word_1_289' title='bbox 1807 2613 1896 2664; x_wconf 86' lang='lat' dir='ltr'>est</span> <span class='ocrx_word' id='word_1_290' title='bbox 1931 2604 2148 2664; x_wconf 90' lang='lat' dir='ltr'>donum</span> <span class='ocrx_word' id='word_1_291' title='bbox 2187 2613 2424 2680; x_wconf 82' lang='lat' dir='ltr'>naturae,</span> <span class='ocrx_word' id='word_1_292' title='bbox 2469 2603 2572 2663; x_wconf 88' lang='lat' dir='ltr'>scd</span> <span class='ocrx_word' id='word_1_293' title='bbox 2605 2604 2842 2682; x_wconf 57' lang='lat' dir='ltr'>gratim:</span> <span class='ocrx_word' id='word_1_294' title='bbox 2892 2604 3036 2664; x_wconf 80' lang='lat' dir='ltr'>Non</span> 
     </span>
     <span class='ocr_line' id='line_1_30' title="bbox 621 2683 3038 2762; baseline 0 -18"><span class='ocrx_word' id='word_1_295' title='bbox 621 2693 814 2762; x_wconf 88' lang='lat' dir='ltr'>potest</span> <span class='ocrx_word' id='word_1_296' title='bbox 838 2694 1032 2744; x_wconf 88' lang='lat' dir='ltr'>tamen</span> <span class='ocrx_word' id='word_1_297' title='bbox 1058 2686 1417 2746; x_wconf 80' lang='lat' dir='ltr'>mutabilitas</span> <span class='ocrx_word' id='word_1_298' title='bbox 1458 2685 1561 2745; x_wconf 83' lang='lat' dir='ltr'>illa</span> <span class='ocrx_word' id='word_1_299' title='bbox 1598 2685 1884 2762; x_wconf 81' lang='lat' dir='ltr'>pertinere</span> <span class='ocrx_word' id='word_1_300' title='bbox 1925 2685 2002 2743; x_wconf 83' lang='lat' dir='ltr'>ad</span> <span class='ocrx_word' id='word_1_301' title='bbox 2043 2684 2369 2744; x_wconf 84' lang='lat' dir='ltr'>libertatem</span> <span class='ocrx_word' id='word_1_302' title='bbox 2397 2683 2628 2761; x_wconf 86' lang='lat' dir='ltr'>Adami,</span> <span class='ocrx_word' id='word_1_303' title='bbox 2659 2685 2930 2761; x_wconf 77' lang='lat' dir='ltr'>quamvis</span> <span class='ocrx_word' id='word_1_304' title='bbox 2957 2706 3038 2745; x_wconf 88' lang='lat' dir='ltr'>eo</span> 
     </span>
     <span class='ocr_line' id='line_1_31' title="bbox 619 2763 3038 2843; baseline 0 -20"><span class='ocrx_word' id='word_1_305' title='bbox 619 2765 852 2824; x_wconf 88' lang='lat' dir='ltr'>nomine</span> <span class='ocrx_word' id='word_1_306' title='bbox 880 2785 1293 2843; x_wconf 86' lang='lat' dir='ltr'>nonnunquam</span> <span class='ocrx_word' id='word_1_307' title='bbox 1318 2765 1533 2840; x_wconf 83' lang='lat' dir='ltr'>veniat,</span> <span class='ocrx_word' id='word_1_308' title='bbox 1564 2765 1702 2842; x_wconf 82' lang='lat' dir='ltr'>quia</span> <span class='ocrx_word' id='word_1_309' title='bbox 1727 2773 1846 2824; x_wconf 85' lang='lat' dir='ltr'>tam</span> <span class='ocrx_word' id='word_1_310' title='bbox 1873 2764 2086 2824; x_wconf 85' lang='lat' dir='ltr'>illustri</span> <span class='ocrx_word' id='word_1_311' title='bbox 2113 2765 2304 2823; x_wconf 86' lang='lat' dir='ltr'>ornari</span> <span class='ocrx_word' id='word_1_312' title='bbox 2329 2784 2447 2822; x_wconf 89' lang='lat' dir='ltr'>non</span> <span class='ocrx_word' id='word_1_313' title='bbox 2473 2764 2680 2822; x_wconf 88' lang='lat' dir='ltr'>metuit</span> <span class='ocrx_word' id='word_1_314' title='bbox 2703 2763 2895 2841; x_wconf 83' lang='lat' dir='ltr'>elogio</span> <span class='ocrx_word' id='word_1_315' title='bbox 2923 2765 3038 2823; x_wconf 79' lang='lat' dir='ltr'>illa</span> 
     </span>
     <span class='ocr_line' id='line_1_32' title="bbox 622 2842 3040 2921; baseline 0.001 -19"><span class='ocrx_word' id='word_1_316' title='bbox 622 2844 893 2920; x_wconf 86' lang='lat' dir='ltr'>conditio,</span> <span class='ocrx_word' id='word_1_317' title='bbox 924 2865 1055 2921; x_wconf 78' lang='lat' dir='ltr'>quae</span> <span class='ocrx_word' id='word_1_318' title='bbox 1080 2854 1207 2904; x_wconf 90' lang='lat' dir='ltr'>tum</span> <span class='ocrx_word' id='word_1_319' title='bbox 1233 2845 1507 2920; x_wconf 74' lang='lat' dir='ltr'>libertati,</span> <span class='ocrx_word' id='word_1_320' title='bbox 1534 2853 1660 2902; x_wconf 90' lang='lat' dir='ltr'>tum</span> <span class='ocrx_word' id='word_1_321' title='bbox 1686 2844 2032 2903; x_wconf 84' lang='lat' dir='ltr'>beatitudini</span> <span class='ocrx_word' id='word_1_322' title='bbox 2070 2844 2322 2903; x_wconf 86' lang='lat' dir='ltr'>hominis</span> <span class='ocrx_word' id='word_1_323' title='bbox 2343 2842 2590 2902; x_wconf 82' lang='lat' dir='ltr'>&#39;modum</span> <span class='ocrx_word' id='word_1_324' title='bbox 2621 2843 2892 2921; x_wconf 84' lang='lat' dir='ltr'>ponebat,</span> <span class='ocrx_word' id='word_1_325' title='bbox 2923 2845 3040 2904; x_wconf 76' lang='lat' dir='ltr'>sed</span> 
     </span>
     <span class='ocr_line' id='line_1_33' title="bbox 622 2921 3036 3002; baseline 0.001 -20"><span class='ocrx_word' id='word_1_326' title='bbox 622 2923 732 2982; x_wconf 81' lang='lat' dir='ltr'>fuit</span> <span class='ocrx_word' id='word_1_327' title='bbox 757 2932 984 2983; x_wconf 88' lang='lat' dir='ltr'>tantum</span> <span class='ocrx_word' id='word_1_328' title='bbox 1022 2924 1307 2983; x_wconf 85' lang='lat' dir='ltr'>libertatis</span> <span class='ocrx_word' id='word_1_329' title='bbox 1336 2923 1635 2981; x_wconf 82' lang='lat' dir='ltr'>Adamicae</span> <span class='ocrx_word' id='word_1_330' title='bbox 1663 2923 1972 3000; x_wconf 82' lang='lat' dir='ltr'>appendix,</span> <span class='ocrx_word' id='word_1_331' title='bbox 2017 2943 2148 3001; x_wconf 75' lang='lat' dir='ltr'>quse</span> <span class='ocrx_word' id='word_1_332' title='bbox 2189 2923 2274 2982; x_wconf 85' lang='lat' dir='ltr'>ita</span> <span class='ocrx_word' id='word_1_333' title='bbox 2313 2923 2545 3002; x_wconf 85' lang='lat' dir='ltr'>propria</span> <span class='ocrx_word' id='word_1_334' title='bbox 2587 2923 2675 2981; x_wconf 91' lang='lat' dir='ltr'>illi</span> <span class='ocrx_word' id='word_1_335' title='bbox 2713 2921 2840 3000; x_wconf 86' lang='lat' dir='ltr'>fnit,</span> <span class='ocrx_word' id='word_1_336' title='bbox 2869 2932 2938 2984; x_wconf 87' lang='lat' dir='ltr'>ut</span> <span class='ocrx_word' id='word_1_337' title='bbox 2963 2925 3036 2984; x_wconf 79' lang='lat' dir='ltr'>in</span> 
     </span>
     <span class='ocr_line' id='line_1_34' title="bbox 621 3001 2045 3080; baseline 0.001 -20"><span class='ocrx_word' id='word_1_338' title='bbox 621 3003 784 3061; x_wconf 90' lang='lat' dir='ltr'>nullo</span> <span class='ocrx_word' id='word_1_339' title='bbox 810 3002 1042 3061; x_wconf 88' lang='lat' dir='ltr'>homine</span> <span class='ocrx_word' id='word_1_340' title='bbox 1070 3001 1243 3061; x_wconf 84' lang='lat' dir='ltr'>fuerit</span> <span class='ocrx_word' id='word_1_341' title='bbox 1269 3002 1532 3079; x_wconf 83' lang='lat' dir='ltr'>amplius,</span> <span class='ocrx_word' id='word_1_342' title='bbox 1562 3002 1660 3060; x_wconf 78' lang='lat' dir='ltr'>vel</span> <span class='ocrx_word' id='word_1_343' title='bbox 1687 3022 1816 3061; x_wconf 87' lang='lat' dir='ltr'>esse</span> <span class='ocrx_word' id='word_1_344' title='bbox 1841 3002 2045 3080; x_wconf 83' lang='lat' dir='ltr'>possit.</span> 
     </span>
    </p>

    <p class='ocr_par' dir='ltr' id='par_1_5' title="bbox 616 3081 3036 4492">
     <span class='ocr_line' id='line_1_35' title="bbox 703 3081 3034 3160; baseline 0.002 -21"><span class='ocrx_word' id='word_1_345' title='bbox 703 3082 886 3140; x_wconf 90' lang='lat' dir='ltr'>VIII.</span> <span class='ocrx_word' id='word_1_346' title='bbox 931 3081 1027 3139; x_wconf 86' lang='lat' dir='ltr'>Ex</span> <span class='ocrx_word' id='word_1_347' title='bbox 1066 3082 1177 3140; x_wconf 85' lang='lat' dir='ltr'>hac</span> <span class='ocrx_word' id='word_1_348' title='bbox 1204 3101 1344 3139; x_wconf 84' lang='lat' dir='ltr'>vero</span> <span class='ocrx_word' id='word_1_349' title='bbox 1384 3081 1768 3140; x_wconf 81' lang='lat' dir='ltr'>mutabilitate</span> <span class='ocrx_word' id='word_1_350' title='bbox 1808 3082 2188 3158; x_wconf 62' lang='lat' dir='ltr'>indifferentia</span> <span class='ocrx_word' id='word_1_351' title='bbox 2227 3081 2424 3158; x_wconf 87' lang='lat' dir='ltr'>oritur,</span> <span class='ocrx_word' id='word_1_352' title='bbox 2468 3101 2598 3160; x_wconf 76' lang='lat' dir='ltr'>qnae</span> <span class='ocrx_word' id='word_1_353' title='bbox 2623 3081 2806 3160; x_wconf 78' lang='lat' dir='ltr'>vulgo</span> <span class='ocrx_word' id='word_1_354' title='bbox 2845 3083 3034 3143; x_wconf 84' lang='lat' dir='ltr'>tribui</span> 
     </span>
     <span class='ocr_line' id='line_1_36' title="bbox 622 3159 3036 3241; baseline 0 -21"><span class='ocrx_word' id='word_1_355' title='bbox 622 3160 771 3220; x_wconf 87' lang='lat' dir='ltr'>solet</span> <span class='ocrx_word' id='word_1_356' title='bbox 799 3159 1047 3236; x_wconf 88' lang='lat' dir='ltr'>Adamo,</span> <span class='ocrx_word' id='word_1_357' title='bbox 1092 3160 1166 3219; x_wconf 88' lang='lat' dir='ltr'>de</span> <span class='ocrx_word' id='word_1_358' title='bbox 1206 3179 1322 3237; x_wconf 91' lang='lat' dir='ltr'>qua</span> <span class='ocrx_word' id='word_1_359' title='bbox 1357 3161 1647 3237; x_wconf 71' lang='lat' dir='ltr'>quaeritur,</span> <span class='ocrx_word' id='word_1_360' title='bbox 1681 3160 1782 3219; x_wconf 90' lang='lat' dir='ltr'>An</span> <span class='ocrx_word' id='word_1_361' title='bbox 1821 3161 2062 3221; x_wconf 84' lang='lat' dir='ltr'>libertas</span> <span class='ocrx_word' id='word_1_362' title='bbox 2101 3163 2227 3238; x_wconf 89' lang='lat' dir='ltr'>ejus</span> <span class='ocrx_word' id='word_1_363' title='bbox 2262 3162 2326 3220; x_wconf 89' lang='lat' dir='ltr'>in</span> <span class='ocrx_word' id='word_1_364' title='bbox 2365 3182 2436 3221; x_wconf 86' lang='lat' dir='ltr'>ea</span> <span class='ocrx_word' id='word_1_365' title='bbox 2476 3162 2668 3241; x_wconf 86' lang='lat' dir='ltr'>posita</span> <span class='ocrx_word' id='word_1_366' title='bbox 2690 3161 2880 3222; x_wconf 84' lang='lat' dir='ltr'>fuerit.</span> <span class='ocrx_word' id='word_1_367' title='bbox 2925 3162 3036 3222; x_wconf 79' lang='lat' dir='ltr'>Ad</span> 
     </span>
     <span class='ocr_line' id='line_1_37' title="bbox 621 3240 3036 3321; baseline 0.002 -23"><span class='ocrx_word' id='word_1_368' title='bbox 621 3257 795 3318; x_wconf 88' lang='lat' dir='ltr'>quam</span> <span class='ocrx_word' id='word_1_369' title='bbox 821 3240 1236 3317; x_wconf 83' lang='lat' dir='ltr'>respondemus</span> <span class='ocrx_word' id='word_1_370' title='bbox 1261 3241 1550 3317; x_wconf 84' lang='lat' dir='ltr'>negative,</span> <span class='ocrx_word' id='word_1_371' title='bbox 1586 3243 1639 3298; x_wconf 92' lang='lat'>1.</span> <span class='ocrx_word' id='word_1_372' title='bbox 1669 3241 1806 3318; x_wconf 84' lang='lat' dir='ltr'>quia</span> <span class='ocrx_word' id='word_1_373' title='bbox 1830 3242 1965 3300; x_wconf 84' lang='lat' dir='ltr'>talis</span> <span class='ocrx_word' id='word_1_374' title='bbox 1992 3243 2256 3321; x_wconf 68' lang='grc' dir='ltr'>ἴσορῥοπάι,</span> <span class='ocrx_word' id='word_1_375' title='bbox 2287 3261 2390 3300; x_wconf 89' lang='lat' dir='ltr'>seu</span> <span class='ocrx_word' id='word_1_376' title='bbox 2421 3242 2659 3319; x_wconf 84' lang='lat' dir='ltr'>aequalis</span> <span class='ocrx_word' id='word_1_377' title='bbox 2696 3241 2772 3300; x_wconf 93' lang='lat' dir='ltr'>ad</span> <span class='ocrx_word' id='word_1_378' title='bbox 2810 3242 3036 3302; x_wconf 83' lang='lat' dir='ltr'>bonum</span> 
     </span>
     <span class='ocr_line' id='line_1_38' title="bbox 621 3319 3028 3400; baseline 0.001 -22"><span class='ocrx_word' id='word_1_379' title='bbox 621 3328 681 3378; x_wconf 85' lang='lat' dir='ltr'>et</span> <span class='ocrx_word' id='word_1_380' title='bbox 707 3319 923 3382; x_wconf 84' lang='lat' dir='ltr'>malum</span> <span class='ocrx_word' id='word_1_381' title='bbox 950 3319 1273 3398; x_wconf 83' lang='lat' dir='ltr'>propensio,</span> <span class='ocrx_word' id='word_1_382' title='bbox 1304 3339 1436 3378; x_wconf 88' lang='lat' dir='ltr'>cum</span> <span class='ocrx_word' id='word_1_383' title='bbox 1463 3320 1782 3380; x_wconf 85' lang='lat' dir='ltr'>voluntatis</span> <span class='ocrx_word' id='word_1_384' title='bbox 1812 3329 2018 3381; x_wconf 83' lang='lat' dir='ltr'>natura</span> <span class='ocrx_word' id='word_1_385' title='bbox 2057 3331 2296 3399; x_wconf 83' lang='lat' dir='ltr'>pugnat,</span> <span class='ocrx_word' id='word_1_386' title='bbox 2326 3340 2456 3398; x_wconf 76' lang='lat' dir='ltr'>quse</span> <span class='ocrx_word' id='word_1_387' title='bbox 2481 3321 2806 3380; x_wconf 88' lang='lat' dir='ltr'>necessario</span> <span class='ocrx_word' id='word_1_388' title='bbox 2834 3322 3028 3400; x_wconf 86' lang='lat' dir='ltr'>sequi-</span> 
     </span>
     <span class='ocr_line' id='line_1_39' title="bbox 620 3399 3036 3480; baseline 0.001 -22"><span class='ocrx_word' id='word_1_389' title='bbox 620 3407 716 3458; x_wconf 89' lang='lat' dir='ltr'>tur</span> <span class='ocrx_word' id='word_1_390' title='bbox 755 3399 1041 3459; x_wconf 78' lang='lat' dir='ltr'>dictamen</span> <span class='ocrx_word' id='word_1_391' title='bbox 1081 3400 1436 3477; x_wconf 83' lang='lat' dir='ltr'>intellectus;</span> <span class='ocrx_word' id='word_1_392' title='bbox 1480 3403 1538 3460; x_wconf 74' lang='lat'>2.</span> <span class='ocrx_word' id='word_1_393' title='bbox 1582 3419 1714 3460; x_wconf 89' lang='lat' dir='ltr'>cum</span> <span class='ocrx_word' id='word_1_394' title='bbox 1751 3408 1906 3460; x_wconf 83' lang='lat' dir='ltr'>statu</span> <span class='ocrx_word' id='word_1_395' title='bbox 1941 3399 2262 3476; x_wconf 85' lang='lat' dir='ltr'>creationis,</span> <span class='ocrx_word' id='word_1_396' title='bbox 2293 3401 2356 3460; x_wconf 86' lang='lat' dir='ltr'>in</span> <span class='ocrx_word' id='word_1_397' title='bbox 2395 3421 2510 3480; x_wconf 82' lang='lat' dir='ltr'>quo</span> <span class='ocrx_word' id='word_1_398' title='bbox 2537 3401 2808 3460; x_wconf 81' lang='lat' dir='ltr'>voluntas</span> <span class='ocrx_word' id='word_1_399' title='bbox 2837 3410 3036 3460; x_wconf 83' lang='lat' dir='ltr'>creata</span> 
     </span>
     <span class='ocr_line' id='line_1_40' title="bbox 620 3477 3026 3573; baseline -0.001 -33"><span class='ocrx_word' id='word_1_400' title='bbox 620 3477 732 3540; x_wconf 84' lang='lat' dir='ltr'>fuit</span> <span class='ocrx_word' id='word_1_401' title='bbox 758 3479 930 3538; x_wconf 76' lang='lat' dir='ltr'>valde</span> <span class='ocrx_word' id='word_1_402' title='bbox 956 3479 1125 3555; x_wconf 89' lang='lat' dir='ltr'>bona,</span> <span class='ocrx_word' id='word_1_403' title='bbox 1156 3488 1356 3558; x_wconf 81' lang='lat' dir='ltr'>utpote</span> <span class='ocrx_word' id='word_1_404' title='bbox 1382 3479 1460 3539; x_wconf 85' lang='lat' dir='ltr'>ad</span> <span class='ocrx_word' id='word_1_405' title='bbox 1484 3479 1798 3573; x_wconf 68' lang='lat' dir='ltr'>imaginem</span> <span class='ocrx_word' id='word_1_406' title='bbox 1827 3479 1940 3539; x_wconf 89' lang='lat' dir='ltr'>Dei</span> <span class='ocrx_word' id='word_1_407' title='bbox 1981 3480 2045 3538; x_wconf 91' lang='lat' dir='ltr'>in</span> <span class='ocrx_word' id='word_1_408' title='bbox 2081 3480 2312 3557; x_wconf 89' lang='lat' dir='ltr'>justitia</span> <span class='ocrx_word' id='word_1_409' title='bbox 2337 3489 2398 3539; x_wconf 85' lang='lat' dir='ltr'>et</span> <span class='ocrx_word' id='word_1_410' title='bbox 2421 3481 2726 3540; x_wconf 85' lang='lat' dir='ltr'>sanctitate</span> <span class='ocrx_word' id='word_1_411' title='bbox 2755 3480 3026 3557; x_wconf 84' lang='lat' dir='ltr'>condita;</span> 
     </span>
     <span class='ocr_line' id='line_1_41' title="bbox 619 3559 3030 3638; baseline 0 -20"><span class='ocrx_word' id='word_1_412' title='bbox 619 3559 793 3618; x_wconf 77' lang='lat' dir='ltr'>valde</span> <span class='ocrx_word' id='word_1_413' title='bbox 820 3561 973 3619; x_wconf 87' lang='lat' dir='ltr'>bona</span> <span class='ocrx_word' id='word_1_414' title='bbox 999 3569 1192 3620; x_wconf 86' lang='lat' dir='ltr'>autem</span> <span class='ocrx_word' id='word_1_415' title='bbox 1218 3581 1337 3619; x_wconf 90' lang='lat' dir='ltr'>non</span> <span class='ocrx_word' id='word_1_416' title='bbox 1370 3568 1541 3634; x_wconf 87' lang='lat' dir='ltr'>esset,</span> <span class='ocrx_word' id='word_1_417' title='bbox 1584 3579 1635 3618; x_wconf 76' lang='lat' dir='ltr'>si</span> <span class='ocrx_word' id='word_1_418' title='bbox 1675 3559 1752 3618; x_wconf 81' lang='lat' dir='ltr'>ad</span> <span class='ocrx_word' id='word_1_419' title='bbox 1777 3559 2001 3634; x_wconf 83' lang='lat' dir='ltr'>vitium,</span> <span class='ocrx_word' id='word_1_420' title='bbox 2033 3579 2196 3636; x_wconf 68' lang='lat' dir='ltr'>:eque</span> <span class='ocrx_word' id='word_1_421' title='bbox 2222 3579 2291 3618; x_wconf 86' lang='lat' dir='ltr'>ao</span> <span class='ocrx_word' id='word_1_422' title='bbox 2319 3559 2396 3618; x_wconf 87' lang='lat' dir='ltr'>ad</span> <span class='ocrx_word' id='word_1_423' title='bbox 2419 3560 2712 3635; x_wconf 82' lang='lat' dir='ltr'>virtutem,</span> <span class='ocrx_word' id='word_1_424' title='bbox 2739 3579 3030 3638; x_wconf 79' lang='lat' dir='ltr'>propensa</span> 
     </span>
     <span class='ocr_line' id='line_1_42' title="bbox 620 3639 3025 3717; baseline 0 -19"><span class='ocrx_word' id='word_1_425' title='bbox 620 3647 799 3716; x_wconf 83' lang='lat' dir='ltr'>esset3</span> <span class='ocrx_word' id='word_1_426' title='bbox 844 3643 901 3699; x_wconf 84' lang='lat'>3.</span> <span class='ocrx_word' id='word_1_427' title='bbox 930 3659 1061 3700; x_wconf 85' lang='lat' dir='ltr'>cum</span> <span class='ocrx_word' id='word_1_428' title='bbox 1106 3641 1265 3717; x_wconf 84' lang='lat' dir='ltr'>Lege</span> <span class='ocrx_word' id='word_1_429' title='bbox 1306 3639 1527 3699; x_wconf 90' lang='lat' dir='ltr'>homini</span> <span class='ocrx_word' id='word_1_430' title='bbox 1566 3639 1704 3714; x_wconf 77' lang='lat' dir='ltr'>lata,</span> <span class='ocrx_word' id='word_1_431' title='bbox 1748 3658 1879 3716; x_wconf 76' lang='lat' dir='ltr'>quse</span> <span class='ocrx_word' id='word_1_432' title='bbox 1910 3641 2098 3698; x_wconf 88' lang='lat' dir='ltr'>Deum</span> <span class='ocrx_word' id='word_1_433' title='bbox 2139 3647 2262 3698; x_wconf 87' lang='lat' dir='ltr'>tota</span> <span class='ocrx_word' id='word_1_434' title='bbox 2299 3647 2492 3698; x_wconf 85' lang='lat' dir='ltr'>mente</span> <span class='ocrx_word' id='word_1_435' title='bbox 2533 3648 2593 3698; x_wconf 89' lang='lat' dir='ltr'>et</span> <span class='ocrx_word' id='word_1_436' title='bbox 2627 3641 2765 3698; x_wconf 88' lang='lat' dir='ltr'>totis</span> <span class='ocrx_word' id='word_1_437' title='bbox 2799 3639 3025 3698; x_wconf 85' lang='lat' dir='ltr'>viribus</span> 
     </span>
     <span class='ocr_line' id='line_1_43' title="bbox 622 3717 3024 3797; baseline -0.001 -17"><span class='ocrx_word' id='word_1_438' title='bbox 622 3737 815 3789; x_wconf 67' lang='lat' dir='ltr'>‚amare</span> <span class='ocrx_word' id='word_1_439' title='bbox 851 3721 1130 3796; x_wconf 81' lang='lat' dir='ltr'>jubebat3</span> <span class='ocrx_word' id='word_1_440' title='bbox 1174 3739 1209 3777; x_wconf 93' lang='lat' dir='ltr'>a</span> <span class='ocrx_word' id='word_1_441' title='bbox 1236 3739 1353 3797; x_wconf 91' lang='lat' dir='ltr'>qua</span> <span class='ocrx_word' id='word_1_442' title='bbox 1377 3718 1577 3796; x_wconf 87' lang='lat' dir='ltr'>utique</span> <span class='ocrx_word' id='word_1_443' title='bbox 1613 3719 1738 3797; x_wconf 79' lang='lat' dir='ltr'>jam</span> <span class='ocrx_word' id='word_1_444' title='bbox 1779 3720 2129 3793; x_wconf 81' lang='lat' dir='ltr'>recessisset,</span> <span class='ocrx_word' id='word_1_445' title='bbox 2159 3718 2210 3776; x_wconf 89' lang='lat' dir='ltr'>si</span> <span class='ocrx_word' id='word_1_446' title='bbox 2249 3719 2309 3776; x_wconf 89' lang='lat' dir='ltr'>in</span> <span class='ocrx_word' id='word_1_447' title='bbox 2337 3719 2442 3778; x_wconf 78' lang='lat' dir='ltr'>tali</span> <span class='ocrx_word' id='word_1_448' title='bbox 2469 3719 2789 3796; x_wconf 67' lang='lat' dir='ltr'>aequilibrio</span> <span class='ocrx_word' id='word_1_449' title='bbox 2817 3717 3024 3777; x_wconf 87' lang='lat' dir='ltr'>fuisset</span> 
     </span>
     <span class='ocr_line' id='line_1_44' title="bbox 620 3797 3023 3880; baseline 0 -25"><span class='ocrx_word' id='word_1_450' title='bbox 620 3799 988 3859; x_wconf 81' lang='lat' dir='ltr'>constitutus.</span> <span class='ocrx_word' id='word_1_451' title='bbox 1076 3799 1141 3858; x_wconf 80' lang='lat' dir='ltr'>Si</span> <span class='ocrx_word' id='word_1_452' title='bbox 1166 3818 1305 3877; x_wconf 87' lang='lat' dir='ltr'>ergo</span> <span class='ocrx_word' id='word_1_453' title='bbox 1335 3799 1600 3876; x_wconf 73' lang='lat' dir='ltr'>quaedam</span> <span class='ocrx_word' id='word_1_454' title='bbox 1642 3797 1912 3880; x_wconf 65' lang='grc' dir='ltr'>ἅὶιαφοςία</span> <span class='ocrx_word' id='word_1_455' title='bbox 1951 3799 2040 3856; x_wconf 89' lang='lat' dir='ltr'>illi</span> <span class='ocrx_word' id='word_1_456' title='bbox 2069 3798 2378 3857; x_wconf 88' lang='lat' dir='ltr'>tribuenda</span> <span class='ocrx_word' id='word_1_457' title='bbox 2401 3807 2506 3874; x_wconf 86' lang='lat' dir='ltr'>est,</span> <span class='ocrx_word' id='word_1_458' title='bbox 2537 3818 2654 3858; x_wconf 89' lang='lat' dir='ltr'>non</span> <span class='ocrx_word' id='word_1_459' title='bbox 2682 3807 2772 3857; x_wconf 87' lang='lat' dir='ltr'>est</span> <span class='ocrx_word' id='word_1_460' title='bbox 2808 3798 3023 3857; x_wconf 85' lang='lat' dir='ltr'>intelli-</span> 
     </span>
     <span class='ocr_line' id='line_1_45' title="bbox 621 3877 3026 3956; baseline 0 -21"><span class='ocrx_word' id='word_1_461' title='bbox 621 3877 814 3953; x_wconf 83' lang='lat' dir='ltr'>genda</span> <span class='ocrx_word' id='word_1_462' title='bbox 838 3878 901 3936; x_wconf 88' lang='lat' dir='ltr'>in</span> <span class='ocrx_word' id='word_1_463' title='bbox 926 3889 1057 3938; x_wconf 73' lang='lat' dir='ltr'>actu</span> <span class='ocrx_word' id='word_1_464' title='bbox 1082 3883 1336 3954; x_wconf 74' lang='lat' dir='ltr'>secunde,</span> <span class='ocrx_word' id='word_1_465' title='bbox 1368 3887 1429 3939; x_wconf 86' lang='lat' dir='ltr'>et</span> <span class='ocrx_word' id='word_1_466' title='bbox 1454 3879 1647 3956; x_wconf 85' lang='lat' dir='ltr'>quoad</span> <span class='ocrx_word' id='word_1_467' title='bbox 1679 3881 1993 3956; x_wconf 76' lang='lat' dir='ltr'>potentiam</span> <span class='ocrx_word' id='word_1_468' title='bbox 2010 3879 2326 3954; x_wconf 71' lang='lat' dir='ltr'>simultatis,</span> <span class='ocrx_word' id='word_1_469' title='bbox 2365 3878 2532 3954; x_wconf 87' lang='lat' dir='ltr'>quasi</span> <span class='ocrx_word' id='word_1_470' title='bbox 2571 3877 2822 3955; x_wconf 88' lang='lat' dir='ltr'>potuerit</span> <span class='ocrx_word' id='word_1_471' title='bbox 2849 3877 3026 3936; x_wconf 88' lang='lat' dir='ltr'>simul</span> 
     </span>
     <span class='ocr_line' id='line_1_46' title="bbox 621 3957 3028 4035; baseline 0.001 -21"><span class='ocrx_word' id='word_1_472' title='bbox 621 3963 681 4014; x_wconf 89' lang='lat' dir='ltr'>et</span> <span class='ocrx_word' id='word_1_473' title='bbox 708 3957 887 4014; x_wconf 88' lang='lat' dir='ltr'>semel</span> <span class='ocrx_word' id='word_1_474' title='bbox 912 3977 1153 4018; x_wconf 87' lang='lat' dir='ltr'>manens</span> <span class='ocrx_word' id='word_1_475' title='bbox 1178 3959 1241 4016; x_wconf 88' lang='lat' dir='ltr'>in</span> <span class='ocrx_word' id='word_1_476' title='bbox 1267 3959 1369 4017; x_wconf 94' lang='lat' dir='ltr'>illo</span> <span class='ocrx_word' id='word_1_477' title='bbox 1398 3966 1553 4017; x_wconf 84' lang='lat' dir='ltr'>statu</span> <span class='ocrx_word' id='word_1_478' title='bbox 1580 3968 1715 4018; x_wconf 86' lang='lat' dir='ltr'>actu</span> <span class='ocrx_word' id='word_1_479' title='bbox 1752 3958 1887 4016; x_wconf 87' lang='lat' dir='ltr'>ferri</span> <span class='ocrx_word' id='word_1_480' title='bbox 1925 3958 2003 4017; x_wconf 89' lang='lat' dir='ltr'>ad</span> <span class='ocrx_word' id='word_1_481' title='bbox 2041 3957 2259 4017; x_wconf 87' lang='lat' dir='ltr'>bonnm</span> <span class='ocrx_word' id='word_1_482' title='bbox 2287 3964 2346 4017; x_wconf 86' lang='lat' dir='ltr'>et</span> <span class='ocrx_word' id='word_1_483' title='bbox 2371 3957 2448 4017; x_wconf 86' lang='lat' dir='ltr'>ad</span> <span class='ocrx_word' id='word_1_484' title='bbox 2483 3957 2718 4034; x_wconf 86' lang='lat' dir='ltr'>malum,</span> <span class='ocrx_word' id='word_1_485' title='bbox 2750 3958 2909 4035; x_wconf 89' lang='lat' dir='ltr'>quod</span> <span class='ocrx_word' id='word_1_486' title='bbox 2935 3965 3028 4017; x_wconf 86' lang='lat' dir='ltr'>est</span> 
     </span>
     <span class='ocr_line' id='line_1_47' title="bbox 619 4033 3028 4115; baseline 0.001 -22"><span class='ocrx_word' id='word_1_487' title='bbox 619 4033 912 4112; x_wconf 63' lang='grc' dir='ltr'>εἰσ-ὑπατων,</span> <span class='ocrx_word' id='word_1_488' title='bbox 942 4038 1081 4114; x_wconf 87' lang='lat' dir='ltr'>quia</span> <span class='ocrx_word' id='word_1_489' title='bbox 1106 4039 1190 4096; x_wconf 88' lang='lat' dir='ltr'>sic</span> <span class='ocrx_word' id='word_1_490' title='bbox 1214 4038 1389 4096; x_wconf 87' lang='lat' dir='ltr'>homo</span> <span class='ocrx_word' id='word_1_491' title='bbox 1418 4045 1836 4114; x_wconf 86' lang='lat' dir='ltr'>supponeretur</span> <span class='ocrx_word' id='word_1_492' title='bbox 1861 4058 1988 4098; x_wconf 88' lang='lat' dir='ltr'>esse</span> <span class='ocrx_word' id='word_1_493' title='bbox 2016 4038 2191 4098; x_wconf 88' lang='lat' dir='ltr'>simul</span> <span class='ocrx_word' id='word_1_494' title='bbox 2215 4037 2442 4115; x_wconf 87' lang='lat' dir='ltr'>integer</span> <span class='ocrx_word' id='word_1_495' title='bbox 2466 4045 2528 4096; x_wconf 88' lang='lat' dir='ltr'>et</span> <span class='ocrx_word' id='word_1_496' title='bbox 2549 4037 2748 4114; x_wconf 85' lang='lat' dir='ltr'>lapsus</span> <span class='ocrx_word' id='word_1_497' title='bbox 2772 4059 2788 4096; x_wconf 75' lang='lat' dir='ltr'>t</span> <span class='ocrx_word' id='word_1_498' title='bbox 2831 4037 2936 4096; x_wconf 88' lang='lat' dir='ltr'>sed</span> <span class='ocrx_word' id='word_1_499' title='bbox 2961 4037 3028 4095; x_wconf 90' lang='lat' dir='ltr'>in</span> 
     </span>
     <span class='ocr_line' id='line_1_48' title="bbox 616 4116 3028 4195; baseline 0.001 -22"><span class='ocrx_word' id='word_1_500' title='bbox 616 4123 749 4172; x_wconf 79' lang='lat' dir='ltr'>actu</span> <span class='ocrx_word' id='word_1_501' title='bbox 765 4116 977 4192; x_wconf 81' lang='lat' dir='ltr'>primo,</span> <span class='ocrx_word' id='word_1_502' title='bbox 1008 4124 1066 4175; x_wconf 87' lang='lat' dir='ltr'>et</span> <span class='ocrx_word' id='word_1_503' title='bbox 1092 4117 1284 4194; x_wconf 90' lang='lat' dir='ltr'>quoad</span> <span class='ocrx_word' id='word_1_504' title='bbox 1308 4117 1641 4175; x_wconf 73' lang='lat' dir='ltr'>simultatm</span> <span class='ocrx_word' id='word_1_505' title='bbox 1657 4118 1938 4193; x_wconf 77' lang='lat' dir='ltr'>potentiae,</span> <span class='ocrx_word' id='word_1_506' title='bbox 1969 4119 2106 4195; x_wconf 90' lang='lat' dir='ltr'>quia</span> <span class='ocrx_word' id='word_1_507' title='bbox 2131 4118 2390 4194; x_wconf 88' lang='lat' dir='ltr'>potentia</span> <span class='ocrx_word' id='word_1_508' title='bbox 2410 4135 2512 4176; x_wconf 90' lang='lat' dir='ltr'>seu</span> <span class='ocrx_word' id='word_1_509' title='bbox 2539 4117 2784 4176; x_wconf 85' lang='lat' dir='ltr'>facultas</span> <span class='ocrx_word' id='word_1_510' title='bbox 2803 4116 3028 4176; x_wconf 75' lang='lat' dir='ltr'>Aduni</span> 
     </span>
     <span class='ocr_line' id='line_1_49' title="bbox 616 4192 3031 4274; baseline 0.002 -22"><span class='ocrx_word' id='word_1_511' title='bbox 616 4192 703 4252; x_wconf 77' lang='lat' dir='ltr'>ita</span> <span class='ocrx_word' id='word_1_512' title='bbox 748 4202 871 4254; x_wconf 84' lang='lat' dir='ltr'>erat</span> <span class='ocrx_word' id='word_1_513' title='bbox 914 4195 1195 4272; x_wconf 82' lang='lat' dir='ltr'>disposita</span> <span class='ocrx_word' id='word_1_514' title='bbox 1238 4214 1343 4271; x_wconf 88' lang='lat' dir='ltr'>per</span> <span class='ocrx_word' id='word_1_515' title='bbox 1388 4193 1775 4255; x_wconf 87' lang='lat' dir='ltr'>conditionem</span> <span class='ocrx_word' id='word_1_516' title='bbox 1821 4197 2158 4258; x_wconf 88' lang='lat' dir='ltr'>mutabilem</span> <span class='ocrx_word' id='word_1_517' title='bbox 2203 4197 2267 4255; x_wconf 90' lang='lat' dir='ltr'>in</span> <span class='ocrx_word' id='word_1_518' title='bbox 2309 4216 2427 4274; x_wconf 86' lang='lat' dir='ltr'>qua</span> <span class='ocrx_word' id='word_1_519' title='bbox 2473 4197 2740 4256; x_wconf 85' lang='lat' dir='ltr'>conditus</span> <span class='ocrx_word' id='word_1_520' title='bbox 2788 4205 2929 4274; x_wconf 81' lang='lat' dir='ltr'>erat,</span> <span class='ocrx_word' id='word_1_521' title='bbox 2957 4204 3031 4256; x_wconf 88' lang='lat' dir='ltr'>ut</span> 
     </span>
     <span class='ocr_line' id='line_1_50' title="bbox 616 4273 3029 4368; baseline 0.001 -36"><span class='ocrx_word' id='word_1_522' title='bbox 616 4281 815 4368; x_wconf 83' lang='lat' dir='ltr'>posset</span> <span class='ocrx_word' id='word_1_523' title='bbox 841 4273 917 4332; x_wconf 87' lang='lat' dir='ltr'>ad</span> <span class='ocrx_word' id='word_1_524' title='bbox 942 4274 1157 4334; x_wconf 87' lang='lat' dir='ltr'>malum</span> <span class='ocrx_word' id='word_1_525' title='bbox 1184 4274 1569 4351; x_wconf 84' lang='lat' dir='ltr'>determinari,</span> <span class='ocrx_word' id='word_1_526' title='bbox 1600 4295 1718 4336; x_wconf 91' lang='lat' dir='ltr'>non</span> <span class='ocrx_word' id='word_1_527' title='bbox 1743 4277 1936 4336; x_wconf 90' lang='lat' dir='ltr'>minus</span> <span class='ocrx_word' id='word_1_528' title='bbox 1961 4297 2030 4336; x_wconf 88' lang='lat' dir='ltr'>ac</span> <span class='ocrx_word' id='word_1_529' title='bbox 2059 4277 2134 4335; x_wconf 88' lang='lat' dir='ltr'>ad</span> <span class='ocrx_word' id='word_1_530' title='bbox 2173 4277 2407 4353; x_wconf 89' lang='lat' dir='ltr'>bonum,</span> <span class='ocrx_word' id='word_1_531' title='bbox 2445 4276 2548 4335; x_wconf 88' lang='lat' dir='ltr'>sed</span> <span class='ocrx_word' id='word_1_532' title='bbox 2590 4277 2916 4337; x_wconf 81' lang='lat' dir='ltr'>successive</span> <span class='ocrx_word' id='word_1_533' title='bbox 2964 4283 3029 4335; x_wconf 86' lang='lat' dir='ltr'>et</span> 
     </span>
     <span class='ocr_line' id='line_1_51' title="bbox 616 4353 3028 4491; baseline 0.001 -79"><span class='ocrx_word' id='word_1_534' title='bbox 616 4373 679 4412; x_wconf 84' lang='lat' dir='ltr'>m</span> <span class='ocrx_word' id='word_1_535' title='bbox 708 4371 881 4491; x_wconf 53' lang='lat' dir='ltr'>sonan</span> <span class='ocrx_word' id='word_1_536' title='bbox 908 4353 1115 4431; x_wconf 81' lang='lat' dir='ltr'>diviso,</span> <span class='ocrx_word' id='word_1_537' title='bbox 1144 4373 1264 4413; x_wconf 88' lang='lat' dir='ltr'>non</span> <span class='ocrx_word' id='word_1_538' title='bbox 1290 4354 1459 4416; x_wconf 84' lang='lat' dir='ltr'>simul</span> <span class='ocrx_word' id='word_1_539' title='bbox 1500 4363 1561 4415; x_wconf 87' lang='lat' dir='ltr'>et</span> <span class='ocrx_word' id='word_1_540' title='bbox 1587 4355 1652 4416; x_wconf 89' lang='lat' dir='ltr'>in.</span> <span class='ocrx_word' id='word_1_541' title='bbox 1677 4375 1850 4416; x_wconf 87' lang='lat' dir='ltr'>sensu</span> <span class='ocrx_word' id='word_1_542' title='bbox 1877 4357 2228 4434; x_wconf 80' lang='lat' dir='ltr'>composit03</span> <span class='ocrx_word' id='word_1_543' title='bbox 2271 4357 2429 4435; x_wconf 85' lang='lat' dir='ltr'>quod</span> <span class='ocrx_word' id='word_1_544' title='bbox 2453 4356 2640 4416; x_wconf 83' lang='lat' dir='ltr'>tristis</span> <span class='ocrx_word' id='word_1_545' title='bbox 2665 4356 3028 4434; x_wconf 83' lang='lat' dir='ltr'>experientia</span> 
     </span>
     <span class='ocr_line' id='line_1_52' title="bbox 616 4433 2022 4492; baseline 0 0"><span class='ocrx_word' id='word_1_546' title='bbox 616 4433 789 4492; x_wconf 86' lang='lat' dir='ltr'>nimis</span> <span class='ocrx_word' id='word_1_547' title='bbox 856 4433 1029 4492; x_wconf 89' lang='lat' dir='ltr'>ocuit.</span> <span class='ocrx_word' id='word_1_548' title='bbox 2017 4435 2022 4437; x_wconf 74' lang='grc'><strong>’</strong></span> 
     </span>
    </p>

    <p class='ocr_par' dir='ltr' id='par_1_6' title="bbox 614 4512 3024 4676">
     <span class='ocr_line' id='line_1_53' title="bbox 696 4512 3024 4588; baseline 0.001 -17"><span class='ocrx_word' id='word_1_549' title='bbox 696 4513 817 4572; x_wconf 85' lang='grc' dir='ltr'>ΙΧ.</span> <span class='ocrx_word' id='word_1_550' title='bbox 862 4512 1141 4588; x_wconf 76' lang='lat' dir='ltr'>Quamvis</span> <span class='ocrx_word' id='word_1_551' title='bbox 1180 4513 1417 4574; x_wconf 87' lang='lat' dir='ltr'>libertas</span> <span class='ocrx_word' id='word_1_552' title='bbox 1456 4523 1678 4575; x_wconf 70' lang='lat' dir='ltr'>naturae</span> <span class='ocrx_word' id='word_1_553' title='bbox 1713 4518 2022 4576; x_wconf 78' lang='lat' dir='ltr'>conveniat</span> <span class='ocrx_word' id='word_1_554' title='bbox 2059 4517 2122 4574; x_wconf 88' lang='lat' dir='ltr'>in</span> <span class='ocrx_word' id='word_1_555' title='bbox 2149 4515 2554 4576; x_wconf 85' lang='lat' dir='ltr'>essentialibus</span> <span class='ocrx_word' id='word_1_556' title='bbox 2581 4536 2714 4574; x_wconf 91' lang='lat' dir='ltr'>cum</span> <span class='ocrx_word' id='word_1_557' title='bbox 2753 4515 3024 4574; x_wconf 85' lang='lat' dir='ltr'>libertate</span> 
     </span>
     <span class='ocr_line' id='line_1_54' title="bbox 614 4593 3024 4676; baseline 0.001 -24"><span class='ocrx_word' id='word_1_558' title='bbox 614 4593 864 4654; x_wconf 84' lang='lat' dir='ltr'>hominis</span> <span class='ocrx_word' id='word_1_559' title='bbox 891 4593 952 4653; x_wconf 86' lang='lat' dir='ltr'>in</span> <span class='ocrx_word' id='word_1_560' title='bbox 978 4593 1109 4656; x_wconf 87' lang='lat' dir='ltr'>aliis</span> <span class='ocrx_word' id='word_1_561' title='bbox 1136 4594 1381 4655; x_wconf 77' lang='lat' dir='ltr'>statibus</span> <span class='ocrx_word' id='word_1_562' title='bbox 1408 4594 1754 4673; x_wconf 66' lang='lat' dir='ltr'>constituta,</span> <span class='ocrx_word' id='word_1_563' title='bbox 1797 4597 1971 4676; x_wconf 85' lang='lat' dir='ltr'>longe</span> <span class='ocrx_word' id='word_1_564' title='bbox 1999 4603 2194 4656; x_wconf 84' lang='lat' dir='ltr'>tamen</span> <span class='ocrx_word' id='word_1_565' title='bbox 2221 4595 2416 4656; x_wconf 83' lang='lat' dir='ltr'>differt</span> <span class='ocrx_word' id='word_1_566' title='bbox 2453 4596 2518 4655; x_wconf 90' lang='lat' dir='ltr'>in</span> <span class='ocrx_word' id='word_1_567' title='bbox 2545 4594 3024 4656; x_wconf 78' lang='lat' dir='ltr'>accidentalibus.</span> 
     </span>
    </p>
   </div>
  </div>
 </body>
</html>
