3300 5225
582 312 701 372 506
1503 324 1686 366 Locus
1715 322 2017 365 ssrrnws.
2625 302 2890 387 [qums-r.
2921 325 3008 365 ιι.

582 474 743 529 hrum
781 472 841 528 in
871 466 1211 545 Evangelio,
1244 469 1449 525 Mensa
1482 486 1608 524 cum
1644 466 1890 540 panibus
1917 475 2233 541 conspectus
2261 465 2322 523 in
2347 465 2643 525 beneficiis
2668 486 2802 544 quse
2831 468 3007 525 nobis

586 550 988 609 communicat.
1049 552 1106 607 3.
1130 547 1301 623 Quod
1324 548 1535 619 suffitus
1562 546 1650 603 illi
1673 548 1855 604 denar.
1921 546 2070 619 Quia
2096 565 2170 603 ex
2198 564 2357 605 more
2388 546 2463 604 V.
2493 546 2562 604 Τ.
2591 546 2870 623 loquitur,
2901 546 3008 605 ubi

583 630 791 689 odores
808 629 933 687 dari
956 628 1218 687 solebant
1238 647 1340 706 per
1367 627 1545 685 alium
1572 626 1627 683 ei
1655 624 1756 702 qui
1783 626 2080 684 incensum
2109 625 2373 684 faciebat.
2445 626 2555 700 Ita,
2585 626 2738 684 sicut
2765 626 3008 685 Christo

584 710 833 769 officium
863 708 1270 767 Mediatorium
1318 714 1379 765 et
1424 706 1618 765 omnia
1666 705 1802 763 data
1843 712 1980 764 sunt
2015 724 2050 762 a
2079 705 2268 779 Patre,
2315 712 2376 764 et
2407 705 2654 783 Spiritus
2681 706 2806 765 sine
2835 725 3006 763 men-

584 808 735 864 sura,
768 789 978 847 Matth.
1008 788 1089 846 xi.
1121 792 1217 862 27,
1260 787 1305 847 J
1308 786 1516 845 ohann.
1547 786 1628 843 iii.
1660 788 1756 859 34,
1785 783 1933 841 nihil
1959 792 2242 862 repugnat
2271 784 2495 844 suffitus
2521 784 2610 842 illi
2649 784 2776 843 dari
2817 787 3005 843 etiam

581 889 616 926 a
646 868 788 943 Deo,
820 877 879 927 et
906 867 1323 945 gratiositatem
1368 865 1589 924 meritis
1634 864 1780 941 ejus,
1831 884 1948 940 quo
1975 884 2174 941 preces
2217 865 2559 925 Sanctorum
2586 874 2838 941 accepta
2871 865 3010 924 Deo

582 949 741 1007 fiant.
826 947 1051 1005 Deinde
1078 966 1195 1005 non
1222 946 1493 1005 dicuntur
1518 942 1631 1021 ipsi
1659 943 1780 1003 dati
1807 943 2033 1003 suffitus
2059 944 2174 1019 isti,
2204 943 2362 1021 quod
2389 944 2506 1003 illis
2543 954 2758 1020 egeret,
2783 944 2892 1002 sed
2931 952 3008 1003 ut

581 1028 715 1085 illos
742 1048 817 1086 ex
846 1026 1031 1085 officio
1062 1026 1221 1085 Patri
1249 1024 1497 1084 offerret.
1542 1024 1808 1100 Denique
1851 1023 2278 1083 observandum
2302 1024 2587 1082 visionem
2612 1024 2784 1081 istam
2809 1031 3004 1082 totam

583 1107 950 1184 allegoricam
978 1126 1122 1181 esse,
1154 1126 1283 1183 quae
1325 1104 1473 1163 nihil
1500 1102 1659 1162 aliud
1697 1102 1964 1177 ostendit,
2012 1123 2186 1180 quam
2229 1104 2462 1162 unicum
2509 1102 2768 1161 fidelium
2793 1104 3001 1181 praesi-

580 1186 743 1246 dium
770 1187 833 1245 in
859 1185 1193 1263 ingentibus
1220 1183 1662 1257 calamitatibus,
1685 1182 1760 1240 ad
1788 1200 1932 1259 quas
1959 1182 2354 1242 immittendas
2370 1181 2592 1260 Angeli
2612 1202 2674 1241 se
2689 1182 2996 1259 parabant,

582 1266 703 1324 fore
730 1285 929 1343 preces
955 1264 1211 1323 fidelium
1256 1285 1292 1322 a
1320 1264 1549 1323 Christo
1576 1261 1818 1337 oblatas,
1867 1268 1927 1319 et
1972 1272 2206 1339 propter
2240 1282 2374 1321 eum
2415 1270 2626 1339 gratas,
2657 1281 2802 1338 quas
2831 1262 3000 1321 Deus

582 1345 899 1404 certissime
926 1344 1003 1403 ad
1030 1345 1283 1422 ipsorum
1312 1344 1557 1403 salutem
1584 1341 1962 1400 exauditurus
1991 1342 2082 1400 sit.

664 1425 822 1483 XII.
866 1425 1057 1483 Locus
1086 1424 1285 1482 Tobiae
1311 1423 1414 1481 xii.
1449 1425 1540 1497 15,
1570 1421 1676 1480 ubi
1701 1430 2041 1499 personatus
2069 1421 2168 1480 ille
2197 1420 2466 1498 Angelus
2493 1420 2566 1479 de
2593 1440 2711 1497 quo
2738 1421 2821 1479 ibi
2861 1422 2990 1498 agi-

583 1514 693 1580 tur,
726 1503 838 1563 sibi
866 1503 1116 1562 officium
1162 1503 1271 1561 soli
1300 1502 1453 1559 Filio
1497 1501 1610 1559 Dei
1653 1502 1947 1578 proprium
1989 1501 2208 1577 tribuit,
2239 1501 2378 1559 dum
2423 1499 2724 1577 profitetur
2767 1520 2830 1559 se
2874 1522 2994 1560 esse

584 1604 757 1642 unum
782 1604 857 1641 ex
881 1592 1087 1659 septem
1114 1582 1221 1639 illis
1248 1582 1476 1657 Any-elis
1501 1582 1723 1655 sanetis,
1748 1581 1848 1655 qui
1871 1583 2138 1655 deserant
2149 1600 2351 1657 preces
2369 1580 2726 1655 Sanctorum,
2756 1580 2894 1657 quia
2913 1600 2992 1639 ex

586 1662 942 1740 Apocrypho
969 1662 1119 1719 libro
1146 1661 1376 1737 petitur,
1420 1660 1521 1737 qui
1568 1659 1885 1719 mendaciis
1912 1669 1972 1719 et
2013 1660 2516 1737 superstitionibus
2551 1667 2753 1737 scatet,
2783 1662 2989 1720 merito

585 1742 859 1819 rejicitur,
890 1760 1007 1798 non
1032 1741 1225 1798 minus
1252 1740 1406 1798 enim
1433 1740 1529 1797 hic
1556 1758 1591 1797 a
1618 1738 1862 1797 veritate
1903 1740 2156 1815 recessit,
2187 1759 2362 1816 quam
2403 1759 2581 1816 quum
2623 1759 2686 1799 se
2716 1740 2988 1799 Azariam

583 1840 731 1897 esse,
752 1820 999 1877 Ananias
1026 1820 1225 1896 magni
1250 1818 1433 1877 filium
1462 1838 1539 1877 ex
1564 1818 1702 1876 filiis
1725 1818 1909 1878 Israel
1935 1818 2252 1896 profitetur,
2275 1827 2350 1894 et,
2375 1838 2502 1896 cap.
2519 1819 2642 1895 vii„
2665 1838 2730 1878 se
2757 1838 2886 1879 esse
2913 1841 2988 1879 ex

586 1900 743 1959 tribu
772 1900 829 1958 N
830 1898 1122 1977 ephtalim,
1154 1920 1229 1957 ex
1258 1898 1593 1975 captivitate
1622 1899 1896 1958 Nineves.

1187 1978 1378 2037 XIII.
1444 1978 1528 2037 Ut
1554 1998 1694 2037 vero
1723 1977 1940 2056 Angeli
1987 1998 2104 2037 non
2153 1986 2290 2037 sunt
2339 1979 2756 2039 Intercesseres
2803 1980 2988 2039 nostri

626 2034 699 2079 ΒΘ
719 2033 1034 2137 “fgssssnffl‘
1107 2058 1263 2135 apud
1290 2059 1497 2132 Deum,
1531 2059 1625 2117 Ita
1665 2078 1772 2117 nec
1799 2058 2074 2119 censendi
2115 2066 2250 2118 sunt
2295 2058 2586 2135 objectum
2623 2059 2814 2119 cultus
2855 2060 2988 2119 reli-

1107 2138 1275 2215 giosi,
1305 2137 1463 2215 quod
1492 2138 1782 2197 Pontificii
1809 2138 2044 2213 vellent,
2073 2148 2206 2215 post
2233 2145 2459 2197 veteres
2480 2139 2788 2214 Anqelt‘cos,
2821 2158 2988 2216 quos,

586 2227 651 2278 ut
690 2218 766 2277 ad
806 2218 1027 2277 cultum
1069 2218 1434 2295 Angelorum
1481 2218 1788 2277 inclinatos
1815 2218 2101 2277 haereticis
2134 2226 2418 2295 aggregat
2444 2219 2696 2293 Auqtoet„
2727 2218 2786 2277 li.
2821 2220 2998 2285 Quod

1108 2301 1229 2357 vult
1251 2300 1457 2372 Deum,
1486 2298 1626 2355 haer.
1659 2300 1754 2357 39.
1839 2297 2012 2357 Unde
2041 2296 2294 2357 secunda
2327 2298 2507 2356 oritur
2535 2297 2808 2374 Quaestio,
2839 2300 2996 2359 eirca

1106 2398 1305 2436 eorum
1346 2377 1601 2452 cultum3
1644 2377 1720 2435 de
1761 2398 1877 2454 qua
1916 2377 2179 2452 observa,
2225 2376 2357 2435 Non
2401 2376 2598 2453 quaeri,
2639 2377 2738 2435 An
2781 2378 2996 2455 aliquis

1107 2458 1290 2515 honor
1318 2465 1377 2516 et
1403 2457 1699 2515 veneratio
1727 2456 2003 2516 debeatur
2031 2456 2320 2533 Angelis:
2363 2456 2496 2515 Non
2523 2476 2802 2535 negamus
2837 2459 2994 2516 enim

586 2538 862 2595 honorem
890 2536 1007 2595 illis
1035 2536 1427 2596 exhibendum
1454 2555 1580 2595 esse
1608 2556 1714 2614 pro
1753 2536 1974 2596 ratione
2016 2556 2214 2595 eorum
2241 2535 2558 2614 dignitatis,
2605 2545 2672 2596 ut
2709 2556 2992 2615 agnosca-

586 2637 716 2676 mus
759 2625 819 2674 et
862 2617 1217 2677 celebremus
1245 2637 1443 2677 eorum
1484 2617 1904 2692 excellentiam,
1940 2617 2304 2694 praesentiam
2344 2637 2724 2693 revereamur,
2754 2621 2996 2678 monitis

588 2698 1062 2774 obtemperemus,
1094 2698 1360 2775 exempla
1388 2696 1693 2772 imitemur,
1725 2703 1784 2755 et
1809 2697 2096 2756 intensum
2127 2697 2380 2774 ipsorum
2415 2716 2560 2773 erga
2585 2717 2692 2756 nos
2719 2717 2992 2774 amorem,

586 2787 787 2836 mutuo
816 2797 1009 2836 amore
1036 2797 1489 2854 compensemus,
1505 2797 1621 2853 quo
1650 2784 1912 2853 spectant
1939 2777 2040 2834 illa
2069 2775 2342 2853 August.,
2373 2776 2447 2834 de
2473 2796 2614 2834 vera
2643 2777 2833 2855 Relig.
2865 2797 2996 2856 cap.

590 2859 685 2932 55,
716 2859 1085 2916 Honor-amus
1112 2878 1203 2916 eos
1236 2877 1349 2915 non
1374 2857 1649 2930 servitute,
1692 2859 1794 2914 sed
1829 2857 2104 2914 charitate
2125 2880 2145 2914 .·
2191 2855 2307 2915 Sed
2349 2856 2446 2932 agi
2485 2857 2713 2933 proprie
2741 2857 2814 2915 de
2841 2861 2998 2916 cultu

588 2938 867 3013 reliqioso.
940 2937 1367 3012 Qualiscunque
1394 2935 1549 2994 enim
1576 2935 1654 2994 sit
1671 2943 1944 2994 ereaturae
1974 2935 2276 3013 Angelicae
2297 2935 2570 3013 dignitas,
2599 2936 2998 3013 pertendimus

590 3036 691 3074 eos
718 3035 836 3073 non
863 3034 1033 3092 posse
1060 3015 1283 3073 censeri
1312 3015 1505 3073 cultus
1530 3014 1790 3107 religiosi
1817 3015 2127 3093 objectum.

590 3133 1077 3247 *zemma
1118 3093 1377 3249 ,effi
1406 3095 1701 3232 3⁸33?ssss
1719 3099 2026 3234 33:322ss
2053 3097 2490 3252 &asma
2515 3096 2996 3252 {ffifflfflg

648 3248 829 3351 {fl-8⁶1·
864 3261 926 3293 0¹
969 3247 1073 3293 col.
1114 3273 1221 3310 vos
1250 3254 1449 3312 brabio
1478 3194 1780 3348 defraudet
1805 3275 1910 3332 pro
1936 3255 2194 3330 libidine,
2226 3257 2286 3348 in
2313 3255 2666 3348 ‘demi-ssione
2693 3257 2888 3332 animi,
2933 3269 2996 3316 et

590 3411 823 3471 inflatus
850 3420 1041 3472 mente
1070 3333 1886 3472 „ssu¹0t31-1²1³2¹1¹55‘³¹⁰¹}3¹{153333
1912 3335 2994 3493 ῗὲιῖηἳοὲιξιῗὲῖθίῗῗῗὲῐ“ἶῗ.ἶῗέἕ

590 3491 708 3570 Ap.
738 3493 821 3552 ait
846 3513 963 3567 eos,
994 3493 1094 3570 qui
1122 3513 1371 3552 errorem
1412 3494 1575 3552 illum
1605 3493 1896 3569 fovebant,
1926 3494 2128 3554 fideles
2155 3494 2560 3576 xoeraesgaesn'm,
2592 3495 2670 3554 id.
2689 3498 2996 3570 proemium

590 3573 723 3648 ipsis
750 3574 1094 3649 intercipere,
1124 3573 1221 3632 vel
1248 3594 1285 3633 a
1310 3573 1547 3651 praemio
1573 3574 1868 3650 proposito
1895 3574 2189 3650 impedire,
2215 3575 2436 3634 scilicet
2452 3595 2488 3632 a
2507 3582 2664 3633 recta
2683 3575 2782 3632 via
2809 3575 2990 3634 abdu-

589 3651 790 3728 cend0,
822 3652 919 3712 vel
946 3673 983 3710 a
1007 3653 1269 3730 legitima
1294 3661 1449 3712 meta
1474 3661 1535 3712 et
1562 3672 1737 3730 scopo
1765 3653 2080 3727 evocando,
2111 3654 2247 3730 quia
2273 3674 2309 3712 a
2335 3655 2565 3714 Christo
2593 3655 2694 3731 qui
2719 3663 2874 3713 meta
2901 3665 2993 3714 est

591 3752 792 3791 cursus
820 3732 1017 3806 nostri,
1050 3739 1110 3791 et
1135 3733 1265 3809 ejus
1290 3752 1431 3792 vero
1461 3733 1621 3792 cultu
1648 3753 1750 3792 eos
1775 3733 2202 3792 abstrahebant.
2287 3738 2344 3793 2.
2377 3734 2535 3793 Dicit
2559 3737 2798 3793 volentes
2823 3735 2887 3793 id
2903 3735 2988 3794 fa-

588 3831 734 3884 cere,
764 3820 831 3871 ut
858 3811 1061 3872 innuat
1088 3815 1292 3870 cultum
1318 3813 1472 3871 hunc
1514 3831 1639 3872 esse
1667 3813 2060 3888 voluntarium,
2091 3833 2208 3872 non
2231 3813 2593 3891 imperatum,
2625 3814 2726 3890 qui
2771 3813 2874 3873 fiat
2914 3834 2990 3874 ex

588 3890 819 3966 propria
844 3890 1095 3948 hominis
1120 3891 1419 3950 voluntate
1448 3900 1507 3950 et
1532 3891 1791 3968 libidine,
1821 3913 1940 3951 non
1967 3901 2158 3952 autem
2186 3914 2263 3953 ex
2286 3894 2398 3952 Dei
2425 3893 2716 3951 mandato.
2772 3897 2829 3952 3.
2859 3896 2990 3952 Hu-

588 3969 876 4026 militatem
902 3972 1185 4046 affectare,
1216 3971 1316 4047 qui
1360 3971 1750 4030 Romanorum
1780 3972 1954 4030 etiam
1992 3973 2165 4032 hodie
2206 3981 2525 4050 praetextus
2557 3981 2663 4050 est,
2693 3981 2752 4031 et
2779 3974 2988 4032 nihilo-

588 4047 779 4105 minus
808 4057 1031 4124 turqere
1054 4069 1218 4107 sensu
1242 4051 1433 4108 carnis
1458 4069 1590 4123 suae,
1620 4050 1760 4125 quia
1799 4050 1930 4109 falsi
1957 4051 2124 4111 istius
2165 4054 2358 4112 cultus
2403 4061 2808 4128 commentum,
2839 4053 2988 4112 indi-

587 4126 739 4184 cium
768 4135 857 4185 est
886 4127 1183 4204 superbiae,
1214 4148 1330 4205 qua
1357 4128 1732 4204 sapientiores
1757 4130 1963 4190 volunt
1990 4132 2177 4190 videri
2207 4134 2353 4192 Dee.
2411 4136 2469 4191 4.
2501 4133 2634 4192 Non
2663 4142 2846 4192 tenere
2875 4134 2990 4194 Ca-

578 4214 701 4280 put,
732 4206 870 4281 quia
897 4206 1127 4266 Christo
1154 4207 1280 4283 ipso
1308 4207 1601 4284 excidunt,
1633 4210 1732 4285 qui
1775 4210 1952 4268 alium
1981 4212 2201 4272 socium
2241 4213 2330 4272 illi
2357 4213 2416 4270 in
2445 4213 2606 4272 cultu
2644 4214 2988 4292 adjungunt.

590 4283 855 4361 Denique
872 4287 1079 4362 pedem
1104 4288 1314 4360 inferre
1360 4287 1419 4344 in
1447 4307 1515 4346 ea
1556 4307 1683 4365 quae
1707 4311 1819 4348 non
1859 4291 2132 4368 viderunt,
2155 4293 2256 4370 jus
2285 4293 2394 4352 sibi
2423 4293 2688 4352 faciendo
2713 4293 2992 4372 loquendi

586 4365 658 4424 de
686 4365 1014 4442 incognitis,
1046 4374 1105 4425 et
1132 4386 1236 4424 sua
1264 4375 1587 4426 commenta
1614 4377 1888 4446 tanquam
1917 4373 2150 4430 oracula
2175 4373 2519 4448 proferendi.

668 4443 811 4502 XV.
856 4444 1255 4522 Nequicquam
1297 4447 1393 4504 hic
1437 4447 1738 4524 excipitur,
1803 4452 1854 4507 1.
1901 4449 1960 4507 Α
1999 4453 2297 4528 Per-romb,
2339 4455 2606 4534 Quo-nutu
2645 4472 2746 4512 seu
2785 4455 2990 4511 cultum

582 4524 945 4601 Anqelorum,
966 4524 1213 4602 intelligi
1231 4526 1597 4603 oriyinaliter,
1616 4547 1734 4586 non
1755 4530 2028 4606 effective,
2049 4551 2165 4589 non
2185 4533 2405 4592 cultum
2435 4532 2685 4610 Angelis
2712 4533 2986 4607 delatum,

582 4605 685 4663 sed
716 4604 932 4666 cultum
964 4605 1037 4664 ab
1060 4604 1307 4682 Angelis
1336 4607 1573 4666 allatum
1596 4630 1611 4684 ;
1658 4608 1878 4669 seilicet
1901 4609 2120 4688 Legem
2142 4631 2244 4672 seu
2269 4611 2631 4688 Religionem
2655 4612 2699 4672 J
2700 4611 2985 4688 udaieam,

646 2362 813 2409 Status
837 2362 1003 2412 Ques·

745 2422 909 2466 tionis.
