3300 5225
340 390 561 441 Quaezsr.
593 366 749 451 xva]
1318 390 1395 430 m:
1425 388 1794 433 sommum:
2636 378 2744 435 121

332 536 663 611 propatulo,
692 550 825 609 quae
853 538 1055 590 extant
1080 530 1143 589 in
1170 528 1396 589 Graeco.
1461 532 1525 591 C.
1556 552 1659 592 xv.
1688 534 1744 608 8,
1775 532 1987 591 desunt
2013 532 2140 610 ista,
2171 533 2594 611 appropinquat
2619 537 2760 593 milzi

334 617 585 692 populus
600 613 689 671 laic
704 631 919 670 oremo
935 634 959 683 ;
988 630 1113 689 cap.
1132 628 1235 668 xx·
1256 614 1351 686 22,
1382 610 1594 671 desunt
1619 612 1749 689 ista,
1781 621 1836 671 et
1859 614 2187 690 baptismate
2214 634 2323 691 quo
2353 634 2452 690 eqo
2477 616 2750 690 baptizor,

344 693 625 773 baptizari
639 695 667 751 ἓ
713 695 742 749 1
776 692 907 751 Cor.
936 692 1015 750 vi.
1046 694 1142 766 20,
1186 700 1319 765 post
1360 691 1419 748 in
1460 713 1700 769 corpore
1737 702 1920 751 vestro
1962 693 2188 768 desunt,
2219 704 2274 753 et
2313 695 2372 753 in
2397 695 2602 770 spiritu
2629 714 2755 770 quae

343 784 475 835 sunt
499 773 631 841 Dei.
734 770 1054 830 Additione
1098 770 1271 830 etiam
1318 790 1435 828 non
1484 773 1664 831 semel
1709 780 1928 849 peccat,
1971 773 2113 833 Luc.
2153 794 2213 833 x.
2249 778 2301 850 l,
2341 774 2650 851 desiqnavit
2702 783 2756 833 et

346 856 491 915 alios
516 852 870 929 septinginta
909 853 1067 925 duos,
1098 851 1159 908 in
1186 850 1394 909 Graeco
1430 854 1605 933 ἑτέραις
1632 850 1979 929 ἑβδομήκοντα.
2025 852 2161 912 Act.
2191 853 2272 911 ix.
2303 856 2400 931 29,
2431 855 2758 930 loquebatur

347 954 567 1013 quoque
607 933 874 1010 gentibus,
904 940 959 989 et
999 931 1321 1007 dzkputahat
1356 950 1481 989 cum
1513 932 1750 1007 Graecis,
1795 953 1900 1010 pro
1947 936 2274 1010 loquebatur
2320 944 2374 993 et
2415 935 2759 1010 disceptabat

348 1018 617 1074 adversus
648 1012 881 1073 Graecos
897 1035 921 1083 ,·
962 1012 1130 1070 Rom.
1159 1010 1239 1067 iv,
1269 1030 1344 1068 ex
1369 1012 1626 1087 operibus
1653 1014 1837 1089 Legis,
1867 1013 1930 1071 in
1959 1014 2165 1073 Graeco
2205 1021 2295 1072 est
2320 1022 2544 1073 tantum
2572 1014 2755 1090 operi-

346 1097 463 1153 bus.
547 1093 725 1151 Plura
752 1099 887 1149 sunt
922 1091 1186 1167 idgenuS,
1217 1108 1347 1166 quse
1372 1090 1704 1169 legentibus
1731 1112 2028 1151 occurrere
2068 1102 2327 1170 possunt.
2411 1092 2564 1152 Vide
2590 1095 2760 1171 plura

348 1174 503 1252 apud
546 1170 973 1245 Whitakerum,
1006 1169 1387 1246 Chamierum,
1421 1170 1687 1248 Amama,
1718 1172 1762 1233 J
1763 1172 2060 1248 amesium,
2099 1183 2159 1232 et
2201 1174 2346 1232 alios
2387 1192 2463 1233 ex
2508 1174 2754 1250 Nostris,

348 1255 450 1331 qui
478 1272 699 1313 errores
725 1250 1027 1310 Versionis
1054 1250 1223 1309 istius
1248 1258 1539 1309 notarunt.

430 1333 615 1394 VIII.
658 1334 715 1391 6.
759 1330 1129 1408 Quaecunque
1158 1329 1236 1388 sit
1260 1329 1363 1387 illa
1391 1330 1619 1407 Versio,
1648 1350 1824 1408 quam
1851 1330 2058 1389 volunt
2081 1330 2402 1390 conflatam
2443 1332 2652 1408 partim
2681 1350 2757 1390 ex

350 1413 549 1488 veteri,
581 1432 711 1492 quae
750 1412 909 1469 Itala
948 1409 1159 1469 dicitur
1198 1408 1357 1487 Aug.
1398 1412 1502 1470 lib.
1547 1416 1602 1486 2,
1647 1410 1720 1469 de
1751 1411 1921 1471 Doct.
1953 1410 2164 1470 Christ.
2206 1432 2257 1470 c.
2291 1413 2382 1487 18,
2415 1421 2474 1472 et
2501 1411 2761 1488 Vulgata

351 1494 460 1571 ipsi
491 1493 851 1569 Hieronymo
878 1490 940 1547 in
969 1490 1050 1549 Is.
1080 1510 1130 1549 c.
1160 1492 1257 1565 49,
1288 1492 1496 1567 partim
1524 1510 1600 1549 ex
1636 1509 1794 1549 nova
1822 1490 2199 1568 Hieronymi3
2244 1510 2360 1549 non
2399 1499 2592 1568 potest
2631 1510 2760 1550 esse

350 1573 719 1633 authentica:
777 1590 913 1629 nam
960 1589 1147 1647 neque
1191 1570 1449 1648 Vulgata
1496 1570 1814 1637 Sedu-noeros
1863 1569 1989 1646 fuit,
2040 1570 2185 1630 alias
2235 1571 2593 1649 Hieronymo
2641 1591 2759 1630 non

350 1653 611 1712 licuisset
637 1652 797 1709 illam
825 1650 1111 1727 corrigere
1138 1658 1199 1709 et
1224 1650 1587 1727 interpolare,
1618 1671 1808 1728 neque
1835 1670 1989 1710 nova
2015 1670 2145 1729 quae
2173 1670 2248 1710 ex
2277 1659 2518 1730 utraque
2546 1651 2762 1710 coaluit

352 1733 486 1791 talis
514 1732 737 1791 censeri
762 1738 954 1809 potest
980 1729 1195 1790 fatente
1227 1728 1605 1808 Hieronymo.

435 1813 554 1871 IX.
599 1816 655 1871 7.
700 1811 849 1885 Quia
898 1810 1208 1869 Decretum
1254 1809 1498 1869 Concilii
1541 1810 1908 1870 canonizavit
1945 1810 2292 1886 Editionem,
2325 1831 2454 1889 quae
2501 1810 2759 1869 nondum

352 1892 462 1951 fuit
487 1894 549 1950 in
576 1911 768 1951 rerum
794 1898 1015 1964 natura,
1048 1889 1152 1949 sed
1177 1898 1310 1966 post
1336 1890 1721 1967 quadraginta
1764 1911 1866 1949 sex
1909 1910 2092 1949 annos
2129 1890 2361 1949 demum
2403 1890 2633 1969 prodire
2661 1890 2759 1948 de·

352 1972 515 2033 buitz
559 1972 708 2030 Nam
753 1970 1047 2028 decretum
1089 1978 1355 2045 rogatum
1400 1979 1489 2029 est
1532 1990 1664 2028 ann.
1717 1972 1888 2044 1546,
1933 1979 1992 2029 et
2034 1990 2186 2028 anuo
2231 1970 2460 2030 demum
2508 1973 2679 2047 1590,
2727 1990 2764 2029 a

358 2052 527 2111 Sixto
549 2052 625 2109 V.
648 2049 883 2109 biennio
908 2055 1103 2106 autem
1128 2056 1262 2124 post
1287 2068 1323 2106 a
1340 2049 1633 2107 Clemente
1663 2068 1808 2126 opus
1835 2048 2158 2109 confectum
2187 2059 2276 2109 est
2303 2059 2361 2109 et
2387 2049 2760 2127 publicatum.

356 2131 443 2190 At
470 2131 571 2208 qui
600 2129 921 2187 Concilium
946 2127 1135 2204 potuit
1161 2126 1403 2204 probare
1431 2137 1491 2188 et
1516 2128 1904 2186 authenticam
1935 2127 2225 2187 declarare
2251 2128 2562 2188 editionem
2589 2148 2764 2207 quam

354 2230 473 2268 non
500 2208 874 2283 examinarat,
904 2214 963 2265 et
990 2225 1121 2283 quas
1147 2206 1453 2283 nequidem
1481 2214 1619 2265 tunc
1646 2206 1836 2265 adhuc
1863 2206 2016 2265 facta
2041 2216 2165 2265 erat
2178 2210 2208 2266 ?

962 2285 1047 2344 Χ.
1071 2283 1237 2344 Licet
1256 2285 1493 2344 Hebraei
1510 2294 1569 2344 ct
1587 2284 1781 2344 Graeci
1797 2305 1932 2344 suos
1951 2286 2259 2344 habuerint
2278 2285 2502 2345 Textus
2523 2286 2762 2345 authen-

444 2352 783 2458 Γῗιέξῗὲοὴ·
880 2364 1044 2441 ticos,
1095 2384 1212 2423 non
1260 2366 1521 2443 sequitur
1576 2364 1818 2424 Latinos
1877 2364 2273 2424 authenticum
2326 2365 2500 2425 etiam
2553 2365 2767 2425 habere

696 2445 709 2459 '
879 2444 1107 2521 debere,
1153 2445 1291 2522 quia
1332 2465 1449 2503 non
1498 2444 1699 2503 eadem
1744 2453 1834 2504 est
1879 2452 2252 2521 utrorumque
2298 2446 2480 2521 ratio;
2542 2446 2692 2503 Nam
2733 2466 2770 2503 a

358 2524 665 2603 Prophetis
692 2534 752 2584 et
781 2526 1083 2603 Apostolis
1110 2546 1147 2584 a
1176 2524 1395 2603 Spiritu
1427 2524 1487 2584 S.
1516 2524 1812 2602 inspiratis
1839 2532 1996 2583 certo
2035 2523 2380 2602 profluxisse
2408 2526 2485 2585 V.
2514 2526 2583 2585 Τ.
2612 2526 2766 2584 Tex-

358 2616 481 2667 tum
524 2605 857 2683 Hebraeum,
902 2614 962 2665 et
1004 2604 1273 2665 Graecum
1316 2606 1471 2665 Novi
1525 2615 1787 2666 constat:
1858 2604 1963 2664 sed
2017 2625 2186 2665 nemo
2241 2604 2456 2666 dixerit
2496 2606 2574 2666 V.
2619 2605 2765 2666 Ver-

358 2687 537 2747 sionis
564 2687 835 2746 authores
861 2686 959 2745 vel
985 2695 1343 2763 promotores
1369 2685 1547 2746 fuisse
1573 2686 1790 2764 pariter
1815 2683 2183 2752 θωπνεῦστους.
2489 2685 2494 2690 ’

439 2766 560 2824 XI.
605 2766 846 2843 Longus
886 2766 1189 2825 Versionis
1230 2785 1371 2826 usus
1412 2786 1543 2826 cum
1587 2767 1810 2825 ratione
1854 2767 2198 2844 conjunctus
2237 2766 2324 2824 illi
2365 2765 2770 2826 authoritatem

358 2846 663 2905 conciliare
690 2855 899 2924 potest,
930 2845 1035 2905 sed
1061 2866 1179 2905 non
1206 2847 1561 2907 authentiam
1588 2846 1678 2904 illi
1703 2847 1974 2923 tribuere,
2004 2855 2071 2906 ut
2097 2847 2172 2905 ab
2199 2866 2268 2905 ea
2295 2847 2456 2906 nullo
2483 2855 2771 2924 praetextu
2879 2856 2886 2874 ¹

358 2925 653 2986 discedere
680 2926 769 2986 fas
797 2927 890 2986 sit.
975 2925 1135 2985 Talis
1175 2927 1327 2985 enim
1372 2927 1687 3002 authentia,
1731 2947 1848 2985 non
1890 2946 1925 2985 a
1961 2927 2140 3003 longo
2181 2946 2308 3001 usu,
2354 2926 2458 2984 sed
2497 2945 2532 2983 a
2573 2924 2772 2984 diviua

358 3006 734 3084 inspiratione
760 3006 993 3085 pendet.
1078 3007 1305 3066 Deinde
1333 3007 1751 3084 qualiscunque
1777 3006 1961 3065 fuerit·
1992 3006 2162 3066 istius
2190 3005 2491 3065 Versionis
2518 3025 2676 3080 usus,
2709 3005 2770 3063 in

362 3086 487 3146 sola
515 3086 779 3145 Ecclesia
806 3086 1017 3145 Latina
1043 3087 1311 3162 obtinuit,
1340 3105 1457 3145 non
1488 3085 1696 3145 Graeca
1723 3095 1782 3145 et
1810 3086 2107 3146 Orientali.

444 3164 600 3223 XII.
642 3164 801 3224 Vera
827 3175 888 3224 et
912 3166 1143 3243 propria
1170 3186 1345 3225 causa
1372 3165 1662 3225 Editionis
1689 3166 2052 3242 authenticae,
2083 3184 2201 3225 non
2227 3173 2318 3224 est
2346 3165 2582 3224 Patrum
2611 3165 2771 3224 testi-

363 3243 637 3318 monium,
667 3245 865 3320 praxis
894 3245 1188 3320 Ecclesiae,
1208 3246 1305 3305 vel
1334 3245 1692 3305 confirmatio
1719 3245 1982 3305 Concilii.
2065 3245 2216 3304 Nam
2244 3245 2418 3304 etiam
2445 3253 2593 3306 teste
2623 3245 2772 3304 Bell.

364 3322 467 3381 lib.
497 3322 535 3381 i.
564 3323 637 3381 de
665 3325 742 3382 V.
774 3324 849 3382 D.
879 3345 930 3383 c.
959 3327 1049 3399 10,
1083 3325 1346 3385 Ecclesia
1372 3345 1489 3384 non
1515 3325 1657 3384 facit
1682 3325 1862 3385 libros
1889 3325 2268 3399 authenticos,
2316 3325 2420 3383 sed
2463 3325 2610 3383 tales
2647 3344 2776 3383 esse

367 3401 639 3461 declarat.
724 3403 865 3478 Quae
892 3423 1033 3481 ergo
1061 3405 1271 3464 Versio
1300 3405 1361 3463 in
1389 3425 1451 3465 se
1478 3405 1812 3465 authentica
1849 3425 1966 3464 non
1995 3404 2121 3480 fuit,
2151 3425 2280 3464 eam
2306 3405 2482 3463 talem
2512 3404 2778 3462 Ecclesia

367 3481 660 3541 declarare
688 3503 803 3542 non
830 3493 1041 3561 potest.

450 3562 640 3620 XIII.
671 3563 803 3621 Non
831 3584 977 3640 opus
1004 3572 1093 3622 est
1120 3571 1187 3623 ut
1203 3563 1436 3640 Vulgus
1462 3562 1620 3639 quod
1648 3563 1977 3640 imperitum
2005 3571 2094 3620 est
2119 3563 2447 3638 linguarum
2467 3561 2776 3619 Hebraxeae

367 3648 429 3700 et
456 3641 693 3718 Graecae,
722 3643 934 3702 habeat
962 3643 1280 3720 Vulgatam
1313 3662 1419 3718 pro
1446 3641 1793 3717 authentica,
1823 3651 1890 3700 ut
1917 3641 2102 3718 possit
2143 3641 2289 3698 scire
2317 3659 2392 3696 an
2425 3640 2777 3716 Scripturam

367 3720 527 3798 legat
553 3741 751 3781 necne.
836 3723 985 3797 Quia
1015 3724 1325 3799 Scripturas
1352 3721 1656 3779 veritatem
1683 3741 1800 3779 non
1827 3721 2020 3778 minus
2060 3739 2136 3778 ex
2163 3718 2546 3777 Vei-sionibus
2573 3739 2776 3778 verna-

369 3800 517 3859 culis
544 3821 690 3877 quas
716 3802 861 3880 legit
888 3811 947 3862 et
973 3802 1249 3880 intelligit
1275 3819 1623 3878 cognoscere
1648 3808 1858 3880 potest,
1877 3819 2050 3878 quam
2079 3819 2156 3860 ex
2173 3799 2436 3876 Vulgata
2460 3818 2632 3876 quam
2661 3819 2779 3860 non

368 3879 661 3959 intelligit.

1266 4119 1656 4197 QUAESTIO
1697 4120 1878 4182 XVI.

1122 4299 1201 4340 DF.
1228 4299 1635 4342 Pnnrnc'rlonn
1665 4297 2026 4342 sclm’mRAE.

370 4441 465 4499 An
493 4441 793 4516 Scriptura
820 4440 900 4498 ita
916 4443 1166 4516 perfecte
1182 4443 1461 4500 contineat
1484 4461 1824 4520 quaecunque
1847 4450 1979 4502 sunt
2000 4444 2085 4502 ad
2105 4443 2340 4501 salutem
2366 4443 2698 4518 necessaria,
2722 4452 2785 4501 ut

463 4521 629 4580 nullis
646 4530 781 4596 post
804 4541 929 4579 eam
962 4521 1379 4582 Tradilionibus
1405 4521 1654 4603 α’νγςείφοις
1683 4543 1823 4600 opus
1849 4523 1922 4581 sit
1935 4525 1963 4581 ‚²
2046 4520 2211 4581 Affir.
2242 4532 2441 4583 contra
2472 4521 2681 4582 Pontis.

456 4681 505 4738 Ι.
553 4681 635 4740 Ut
665 4680 954 4741 Pontificii
980 4681 1208 4744 facilius
1241 4682 1551 4763 Scripturae
1580 4683 1876 4760 Tribunal,
1909 4683 2066 4760 quod
2095 4683 2208 4742 sibi
2249 4680 2542 4742 adversari
2569 4680 2778 4740 inteni-
