3300 5225
335 363 553 414 QUAEST·
583 342 697 424 110]
1316 367 1395 406 ns
1422 367 1704 408 racemo·
2604 343 2722 400 563

333 513 425 565 ter
443 509 744 580 peccatum
774 503 1046 580 parentis,
1086 505 1243 582 quod
1271 505 1547 566 Calvinus
1574 505 1790 584 optime
1805 503 2074 584 explicat,
2099 502 2267 562 Insti.
2296 500 2398 560 lib.
2431 500 2514 558 iii.
2547 518 2596 558 c.
2625 501 2723 572 23,

341 601 389 641 s.
418 587 453 640 7
458 627 477 658 ,
510 584 546 615 “
574 582 698 641 Nec
725 582 879 650 enim
906 583 1120 642 factum
1147 592 1238 644 est
1262 585 1615 660 naturaliter,
1636 593 1704 644 ut
1731 605 1932 645 omnes
1958 603 1993 642 a
2020 583 2204 642 salute
2225 578 2574 654 exciderent,
2595 577 2723 636 uni-

338 680 408 719 us
434 661 689 738 parentis
717 662 942 739 culpa.”
1008 663 1087 722 Et
1112 670 1352 756 postea:
1397 665 1434 697 “
1464 663 1716 724 Cunctos
1741 663 2014 724 mortales
2039 663 2100 720 in
2125 659 2298 722 unius
2323 657 2573 716 hominis
2598 675 2725 732 per-

338 757 482 800 sona
506 739 679 800 morti
706 749 934 800 aeternae
960 749 1315 820 mancipatos
1342 741 1520 802 fuisse
1552 743 1848 820 Scriptura
1873 743 2101 802 clamat.
2145 739 2278 798 Hoc
2304 755 2484 815 quum
2509 742 2728 794 naturae

338 818 592 878 adscribi
617 827 881 897 nequeat,
910 821 987 880 ab
1014 820 1339 882 admirabili
1367 821 1480 881 Dei
1506 821 1750 882 consilio
1774 821 2094 900 profectum
2119 837 2249 878 esse
2275 814 2494 875 nemini
2520 814 2725 873 obscu-

334 918 463 958 rum
488 900 636 958 est.'’
680 899 947 958 Ibidem:
991 901 1029 933 “
1058 901 1277 960 Iterum
1298 919 1516 978 quaere,
1559 900 1715 960 unde
1746 901 1962 961 factum
2001 907 2108 974 est,
2137 906 2204 958 ut
2241 904 2330 956 tot
2369 900 2575 972 gentes
2613 910 2731 968 una

332 997 465 1036 cum
489 978 689 1038 liberis
716 997 913 1038 eorum
940 977 1256 1040 infantibus
1282 988 1511 1039 aeternae
1537 980 1712 1038 morti
1737 979 2064 1038 involveret
2102 977 2300 1054 lapsus
2327 973 2482 1032 Adae
2507 971 2728 1049 absquo

330 1057 603 1133 remedio,
632 1057 749 1116 nisi
773 1058 911 1135 quia
938 1058 1067 1116 Deo
1092 1058 1176 1118 ita
1199 1059 1393 1119 visum
1418 1067 1508 1118 est
1527 1062 1556 1118 ?
1604 1059 1722 1117 Hic
1749 1059 2146 1118 obmutescere
2172 1061 2398 1132 oportet
2423 1060 2544 1110 tam
2571 1049 2726 1122 dica-

334 1155 430 1194 ces
468 1136 688 1212 alioqui
728 1137 979 1213 linguas.
1052 1138 1363 1198 Decretum
1400 1137 1635 1214 quidem
1678 1137 1953 1196 horribile
2000 1136 2201 1211 fateor,
2249 1131 2494 1190 inficiari
2533 1137 2728 1189 tamen

329 1234 499 1273 nemo
545 1222 755 1292 potest,
783 1215 925 1292 quin
964 1216 1319 1293 prasciverit
1360 1217 1521 1276 Dens
1546 1235 1722 1293 quem
1761 1216 1986 1276 exitum
2023 1213 2328 1272 habiturus
2367 1217 2521 1270 esset
2551 1209 2725 1267 homo

330 1300 640 1370 antequam
664 1294 856 1372 ipsum
888 1294 1176 1371 conderet,
1207 1304 1268 1355 et
1302 1295 1434 1356 ideo
1473 1294 1846 1374 praesciverit,
1885 1294 2024 1371 quia
2059 1291 2288 1352 decreto
2327 1309 2432 1350 suo
2460 1289 2544 1348 sic
2571 1285 2723 1345 ordi-

330 1374 555 1432 narat.”

414 1450 645 1510 XXIL
660 1451 830 1526 Quod
856 1458 1049 1512 autem
1073 1453 1321 1531 privatio
1341 1453 1583 1530 justitiae
1606 1452 1923 1531 originalia,
1947 1459 2006 1511 et
2031 1450 2194 1510 labes
2219 1445 2583 1508 haereditaria
2607 1463 2726 1504 non

332 1535 559 1588 tantum
604 1539 905 1607 peccatum
960 1531 1053 1606 sit,
1104 1533 1211 1590 sed
1253 1532 1427 1590 etiam
1473 1552 1660 1608 poenae
1708 1533 1990 1591 rationem
2031 1530 2258 1601 habeat,
2304 1526 2516 1585 exinde
2555 1522 2724 1582 facile

338 1609 647 1686 colligitur.
734 1613 787 1668 l.
818 1609 967 1684 Quia
992 1609 1232 1670 inflictio
1260 1611 1397 1670 mali
1424 1611 1664 1668 maximi
1691 1619 1816 1670 tum
1842 1609 2038 1668 damni
2063 1617 2188 1668 tum
2233 1624 2436 1666 sensus
2479 1621 2596 1662 non
2623 1621 2723 1678 po-

336 1695 454 1746 test
478 1707 595 1746 non
624 1707 749 1748 esse
765 1709 951 1765 poenae
968 1689 1261 1767 irrogatio.
1332 1689 1419 1747 At
1438 1709 1542 1766 per
1560 1690 1731 1748 istam
1751 1687 2224 1766 propagationem
2245 1683 2527 1760 infligitur
2541 1680 2724 1738 maxi-

336 1783 497 1825 mum
522 1770 735 1825 malum
760 1775 1053 1842 creaturas,
1084 1777 1209 1828 tum
1235 1769 1433 1828 damni
1455 1788 1559 1845 per
1584 1768 1968 1844 privationem
2001 1765 2245 1843 justitie
2274 1771 2334 1822 et
2371 1761 2512 1820 boni
2538 1759 2727 1820 inesse

338 1842 537 1918 debiti,
558 1853 617 1904 et
643 1846 1061 1921 separationem
1078 1867 1115 1905 a
1132 1849 1277 1922 Deo,
1296 1856 1421 1906 tum
1445 1867 1637 1906 sensus
1664 1866 1768 1922 per
1786 1845 2254 1924 depravationem
2283 1841 2462 1902 totius
2487 1847 2724 1914 natmae,

336 1929 399 1980 et
448 1923 792 1982 horrendam
846 1924 1183 1984 facultatum
1234 1926 1485 1984 hominis
1538 1927 1764 1997 ὀτιξύη.
1849 1929 1904 1983 2.
1957 1925 2104 1998 Quia
2157 1921 2400 1981 eandem
2447 1918 2728 1977 rationem

334 2009 641 2079 utrumque
680 2002 792 2061 hoc
831 2004 1047 2062 malum
1086 2004 1149 2060 in
1188 2005 1357 2064 nobis
1399 2005 1652 2080 sortitur,
1682 2023 1856 2081 quam
1895 2002 2100 2061 habuit
2144 2002 2206 2058 in
2254 2000 2504 2072 AdamO,
2551 1996 2727 2072 siqui,-

335 2079 469 2140 dem
523 2081 599 2139 ab
652 2100 723 2140 eo
788 2081 849 2138 in
896 2101 1003 2140 nos
1050 2082 1360 2158 derivatur,
1400 2091 1676 2160 tanqmm
1727 2083 1856 2159 ejus
1901 2081 2180 2140 haeredeS.
2261 2078 2350 2137 At
2393 2075 2599 2136 habuit
2638 2094 2726 2132 ra-

336 2157 553 2217 tionem
599 2179 785 2236 poeuae
831 2159 894 2218 in
921 2160 1169 2235 Adam0,
1214 2159 1499 2238 siquidem
1530 2161 1641 2220 fuit
1671 2179 1827 2220 mors
1864 2159 2194 2236 spiritualia,
2244 2177 2376 2234 quae
2415 2175 2452 2212 a
2489 2162 2727 2230 peccato

332 2238 462 2314 ejus
488 2239 701 2297 actuali
726 2237 900 2297 fluxit
925 2259 1001 2298 ex
1028 2239 1487 2300 interminatione
1516 2241 1647 2298 Dei.
1733 2240 1856 2298 Nec
1897 2239 2089 2297 obstat
2129 2235 2288 2312 quod
2325 2233 2575 2312 privatio
2615 2231 2730 2290 ista

326 2315 575 2392 justitiae
600 2325 868 2394 respectu
892 2317 1145 2377 hominis
1170 2318 1449 2378 rationem
1476 2318 1654 2377 habet
1681 2318 1920 2394 peccati,
1951 2317 2088 2392 quia
2111 2315 2305 2393 privat
2332 2332 2464 2372 eum
2491 2309 2725 2370 rectitu-

334 2394 469 2453 dine
496 2395 692 2455 debita
718 2395 941 2470 inesse;
985 2397 1123 2474 quia
1160 2416 1279 2456 non
1306 2397 1519 2456 desinit
1556 2397 1772 2456 habere
1811 2396 2090 2456 rationem
2118 2413 2305 2472 poenae
2345 2413 2382 2450 a
2419 2398 2583 2468 parte
2612 2389 2726 2448 Dei

336 2471 497 2532 illam
524 2473 844 2536 ordinantis
883 2475 960 2533 ad
988 2475 1261 2535 damnum
1289 2484 1565 2534 creaturae
1590 2483 1826 2552 propter
1863 2481 2178 2552 peccatum,
2211 2471 2262 2530 si
2287 2490 2405 2528 non
2431 2467 2726 2547 proprium

333 2559 394 2610 et
418 2554 737 2630 personale,
766 2561 827 2614 at
854 2554 1148 2632 publicum
1176 2562 1235 2616 et
1260 2574 1591 2615 commune:
1622 2555 1710 2615 Ut
1735 2553 2041 2627 induratio,
2069 2571 2200 2629 quae
2227 2569 2263 2608 a
2286 2557 2449 2628 parte
2476 2546 2728 2606 hominis

332 2632 588 2708 seipsum
613 2632 937 2693 indurantis
961 2643 1261 2712 peccatum
1288 2642 1393 2709 est,
1437 2654 1473 2693 a
1511 2641 1674 2711 parte
1704 2634 1816 2691 Dei
1853 2632 2146 2691 hominem
2183 2628 2525 2703 indm-antis,
2556 2643 2729 2703 poena

333 2718 425 2769 est
450 2712 821 2789 gravissima;
866 2722 1171 2789 utrumque
1198 2720 1391 2773 autem
1420 2713 1593 2772 simul
1618 2711 1932 2771 subsistere
1958 2728 2128 2787 posse
2153 2709 2304 2767 infra
2328 2704 2685 2785 probabitur.

414 2790 675 2850 XXIII.
706 2794 763 2851 5.
793 2792 943 2867 Quia
968 2792 1162 2851 Adam
1190 2792 1301 2851 fuit
1326 2793 1517 2869 stirps,
1542 2792 1726 2865 radiX,
1751 2799 1810 2849 et
1838 2791 2023 2867 Caput
2052 2787 2297 2849 Generis
2323 2784 2578 2859 humani,
2607 2804 2726 2843 non

330 2876 557 2929 tantum
582 2870 646 2927 in
676 2890 847 2939 'semu
876 2872 1127 2947 physice,
1157 2878 1217 2929 et
1254 2872 1475 2929 ratione
1500 2870 1770 2943 seminali,
1803 2868 1906 2927 sed
1932 2868 2240 2941 moraliter,
2271 2873 2330 2924 et
2357 2864 2418 2923 in
2443 2884 2608 2922 semu
2633 2882 2722 2921 re-

324 2950 739 3024 proesenmtt‘vo,
768 2950 870 3027 qui
894 2969 999 3027 pro
1033 2970 1097 3009 se
1137 2958 1196 3009 et
1220 2950 1467 3026 posteris
1494 2949 1615 3007 suis
1646 2947 1836 3007 foedus
1875 2946 2190 3024 pepigerat,
2219 2954 2286 3009 ut
2313 2963 2486 3022 supra
2511 2942 2720 3017 visum,

332 3027 436 3101 qui
462 3026 702 3103 proinde
730 3037 796 3088 ut
821 3048 927 3105 pro
956 3048 1017 3087 se
1045 3037 1105 3088 et
1132 3028 1251 3087 suis
1279 3027 1432 3087 dona
1457 3048 1586 3105 quse
1612 3026 1866 3085 habebat
1891 3033 2205 3101 acceperat,
2235 3024 2318 3082 ita
2351 3022 2464 3083 sibi
2491 3020 2724 3096 suisque

328 3124 399 3163 ea
425 3107 645 3181 amisit3
688 3107 1039 3185 Principiata
1064 3108 1219 3166 enim
1244 3108 1308 3167 in
1347 3105 1643 3185 principiis
1685 3104 1982 3179 contineri,
2011 3111 2071 3162 et
2111 3122 2310 3161 eorum
2337 3099 2726 3159 conditionem

330 3182 541 3242 referre
568 3193 809 3245 constat.
896 3186 975 3244 Et
1002 3186 1149 3246 sicut
1176 3186 1441 3245 Adamas
1468 3184 1605 3243 vitae
1642 3183 2030 3242 conditionem
2057 3189 2118 3241 et
2142 3179 2582 3258 promissionem
2607 3196 2726 3236 non

328 3261 442 3319 sibi
468 3269 709 3337 tantum,
738 3263 844 3322 sed
870 3264 1045 3323 etiam
1072 3265 1193 3323 suis
1218 3264 1463 3342 posteris
1490 3270 1804 3339 acceperat,
1836 3261 1888 3321 si
1919 3268 2130 3321 staret:
2175 3260 2272 3319 Ita
2297 3258 2497 3319 debuit
2521 3256 2725 3317 mortis

329 3348 551 3399 reatum
580 3360 685 3399 suo
721 3342 907 3420 lapsu,
936 3362 1055 3399 non
1094 3342 1207 3400 sibi
1232 3350 1471 3416 tantum,
1504 3340 1607 3400 sed
1647 3340 1824 3399 etiam
1865 3341 1986 3399 suis
2026 3340 2294 3399 omnibus
2330 3335 2723 3396 contraxisse:

328 3417 479 3476 Nam
504 3418 583 3479 ad
620 3439 795 3497 quem
820 3420 1108 3497 pertinent
1134 3420 1449 3495 commoda,
1493 3419 1568 3476 ad
1610 3418 1777 3478 illum
1804 3438 2034 3496 quoque
2061 3438 2236 3478 onera
2275 3424 2335 3476 et
2361 3413 2726 3475 incommoda

327 3497 612 3573 pertinere
641 3498 1031 3575 nequissimum
1059 3506 1165 3557 est.

412 3576 663 3635 XXIV.
709 3580 765 3638 6.
796 3578 1024 3655 Negata
1050 3576 1423 3654 imputatione
1450 3576 1676 3653 peccati
1695 3574 1932 3653 Adami,
1971 3595 2088 3634 non
2114 3594 2316 3654 parum
2342 3571 2723 3631 labefactatur

323 3653 626 3731 imputatio
647 3656 893 3734 justitiae
923 3656 1155 3730 Christi,
1185 3676 1313 3733 quae
1340 3675 1416 3714 ex
1442 3654 1689 3714 adverso
1718 3655 1831 3713 sibi
1871 3654 2237 3732 respondent,
2261 3660 2321 3713 et
2347 3652 2558 3730 quibus
2584 3650 2720 3708 niti·

322 3740 417 3793 tur
441 3735 731 3811 praecipua
755 3755 893 3813 pars
916 3735 1239 3810 antithesis,
1258 3754 1429 3811 quam
1458 3733 1678 3793 Paulus
1702 3733 1956 3793 instituit
1981 3734 2131 3793 inter
2150 3732 2444 3791 Adamum
2471 3730 2721 3806 primum

324 3820 385 3870 et
412 3813 727 3872 secundum
751 3836 765 3889 ;
810 3834 940 3875 cum
968 3814 1277 3873 facillimus
1304 3812 1381 3872 sit
1405 3813 1603 3889 lapsus
1630 3833 1666 3871 a
1693 3813 1901 3890 prioris
1928 3813 2252 3889 negatione,
2283 3810 2360 3869 ad
2385 3806 2720 3887 posterioris

322 3890 748 3952 inficiationem.
821 3893 993 3953 Unde
1022 3912 1191 3951 nemo
1218 3901 1307 3951 est
1333 3911 1408 3950 ex
1434 3891 1738 3967 haereticis,
1768 3892 1870 3970 qui
1905 3892 2343 3968 imputationem
2369 3888 2592 3965 peccati
2618 3905 2718 3945 ne-

322 3978 551 4046 garunt,
582 3972 681 4048 qui
724 3990 842 4030 non
870 3972 1073 4031 eadem
1118 3972 1337 4031 ratione
1364 3971 1802 4048 imputationem
1835 3969 2080 4048 justitiae
2110 3969 2326 4029 Chrisfi
2351 3966 2716 4046 oppugnarit,

320 4056 388 4107 ut
414 4050 603 4108 visum
630 4050 693 4107 in
721 4051 1069 4127 Pelagianis,
1104 4050 1442 4124 Socinianis,
1465 4050 1850 4109 Arminianis.
1921 4049 2080 4107 Hinc
2104 4048 2173 4107 fit
2198 4056 2266 4107 ut
2289 4048 2558 4120 rationes,
2591 4045 2720 4122 qui·

320 4126 432 4187 bus
458 4128 766 4205 imputatio
788 4131 1010 4205 peccati
1053 4129 1205 4189 Adae
1233 4138 1613 4207 oppugnatur,
1658 4150 1775 4190 non
1801 4128 1994 4187 minus
2021 4127 2340 4204 retorqueri
2365 4126 2592 4203 possint
2617 4123 2718 4183 ad-

320 4225 527 4267 versus
552 4208 986 4284 imputationem
1023 4208 1266 4286 justitiae
1296 4208 1541 4283 Christi,.
1556 4217 1615 4267 et
1655 4208 1772 4267 illae
1811 4208 2024 4285 quibus
2063 4206 2381 4267 adstruitur
2415 4203 2719 4283 imputatio
2791 4265 2798 4269 ,

324 4284 555 4359 Christi,
587 4286 799 4345 faciant
838 4288 1011 4345 etiam
1052 4287 1128 4345 ad
1155 4286 1521 4347 asserendam
1560 4287 1999 4363 imputationem
2025 4285 2247 4364 peccati
2275 4284 2510 4345 Adami.
2593 4283 2650 4341 N
2651 4301 2716 4339 ec

324 4364 517 4424 obstat
528 4366 683 4442 quod
700 4366 1001 4442 imputatio
1014 4366 1259 4443 justitias
1272 4365 1487 4425 christi
1504 4365 1579 4425 sit
1599 4385 1677 4423 ex
1693 4365 1896 4442 gratia,
1921 4365 2222 4458 imputatio
2244 4384 2382 4423 vero
2402 4362 2624 4439 peccati
2642 4380 2718 4418 ex

312 4444 557 4519 justitia,
580 4444 764 4521 possit
800 4453 990 4504 autem
1018 4445 1207 4521 gratia
1233 4444 1483 4503 tribuere
1500 4444 1668 4503 alteri
1695 4443 1759 4502 id
1783 4445 1941 4522 quod
1969 4464 2022 4503 el
2049 4464 2166 4504 non
2183 4444 2441 4517 debetur,
2471 4441 2518 4501 J
2517 4440 2716 4500 ustitia

320 4540 439 4581 non
464 4524 667 4600 possit,
679 4523 816 4600 quia
842 4524 1029 4599 gratia
1048 4522 1149 4582 dat
1168 4522 1508 4583 beneficium
1534 4523 1878 4599 immerenti,
1901 4525 1946 4583 J
1947 4523 2147 4585 ustitia
2171 4541 2400 4600 poenam
2428 4539 2545 4578 non
2572 4518 2711 4587 irro-

315 4610 422 4677 gat
462 4602 575 4660 nisi
602 4603 861 4662 merenti.
906 4602 1054 4663 Nam
1084 4602 1144 4660 in
1171 4602 1545 4681 imputatione
1573 4602 1796 4679 peccati
1822 4602 1992 4679 Adae,
2017 4602 2060 4664 J
2062 4601 2261 4665 ustitia
2290 4599 2401 4661 Dei
2428 4618 2544 4658 non
2569 4597 2712 4658 irro-
