3300 5225
500 295 617 352 328
1445 309 1628 350 Locus
1658 309 1947 359 Qusnrus.
2514 288 2772 371 [Quffis‘r.
2802 310 2913 352 xn.

503 453 842 511 confirmare
889 450 1063 509 fidem
1111 470 1381 510 verorum
1429 451 1690 510 fidelium
1736 453 2019 512 adversus
2066 451 2447 511 defectionem
2498 451 2810 528 Hymenaei
2856 461 2919 511 et
2956 502 2965 510 .

507 532 741 602 Phileti,
785 540 845 591 et
885 532 1128 592 aliorum
1171 530 1421 608 idgenus
1462 530 1896 608 Apostatarum,
1947 551 2020 592 ne
2067 540 2372 609 propterea
2419 531 2917 606 conturbarentur,

507 613 674 690 quasi
703 620 895 671 actum
924 621 1077 672 esset
1103 611 1178 670 de
1208 612 1392 672 salute
1433 631 1553 686 sua,
1585 614 1723 689 quia
1759 612 2155 672 diversissima
2197 613 2272 671 sit
2312 611 2460 671 ratio
2500 610 2638 671 fidei
2678 612 2921 671 istorum

505 694 830 774 remigat,
875 700 935 751 et
974 692 1112 752 fidei
1148 692 1501 769 electorum3
1544 693 1707 752 illam
1745 693 1976 752 concuti
2014 712 2184 770 posse
2222 701 2280 750 et
2318 691 2517 766 everti,
2546 692 2685 769 quia
2726 691 2922 750 stabili

507 793 624 832 non
653 783 775 832 erat
802 772 1004 850 gradu,
1038 772 1141 832 sed
1166 772 1339 831 istam
1365 791 1747 849 nequaquam,
1778 781 1979 850 utpote
2000 792 2130 849 quae
2157 772 2287 849 rupi
2316 771 2639 832 seculorum
2668 772 2921 830 immotae

506 854 882 928 inniteretur3
928 853 1094 912 Licet
1121 871 1261 930 ergo
1291 849 1650 928 Hymenaeus
1679 862 1738 912 et
1766 852 2048 928 Philetus,
2080 861 2139 911 et
2165 851 2263 910 alii
2302 852 2697 910 aberraverint
2724 871 2759 910 a
2783 851 2917 926 fide,

507 937 530 992 ὅ
558 933 716 1009 μέντοι
743 937 924 1013 nugas
951 930 1120 997 ἕστηκα
1147 941 1276 992 Θεοῦ
1301 933 1549 1008 Supinas,
1573 936 1813 1012 firmum
1839 933 2193 990 nihilorminus
2218 941 2407 990 manet
2430 933 2550 990 Dei
2569 933 2917 1007 fundamen-

509 1025 624 1072 tum
651 1026 918 1090 respectu
943 1032 1212 1072 verorum
1239 1013 1517 1086 fidelium,
1549 1032 1697 1089 quos
1727 1014 1889 1071 Deus
1916 1031 2020 1090 pro
2048 1012 2171 1071 suis
2198 1012 2463 1089 agnoscit
2490 1020 2549 1070 et
2576 1021 2747 1074 amat.
2821 1013 2917 1070 An

506 1093 724 1152 addent
744 1091 842 1170 agi
863 1092 936 1152 de
957 1092 1331 1153 fundamento
1350 1092 1510 1171 quod
1530 1093 1735 1152 nititur
1753 1092 2116 1170 praescientia
2133 1091 2287 1166 fidei,
2312 1092 2449 1169 quia
2477 1091 2687 1151 dicitur
2706 1092 2919 1151 habere

507 1173 619 1231 hoc
647 1173 922 1250 sigillum,
953 1174 1112 1232 Deus
1138 1174 1291 1232 novit
1315 1174 1415 1250 qui
1447 1173 1538 1231 sui
1558 1175 1733 1232 sunt?
1820 1172 1937 1232 Sed
1976 1192 2051 1230 ne
2078 1173 2161 1230 sic
2188 1171 2423 1250 quidem
2451 1173 2760 1249 quicquam
2788 1193 2918 1250 pro-

507 1251 840 1327 movebunt,
871 1261 997 1312 tum
1025 1254 1162 1331 quia
1189 1254 1396 1312 notitia
1423 1253 1535 1312 ista
1561 1273 1681 1312 non
1708 1260 1799 1312 est
1826 1252 2199 1330 speculativa,
2232 1251 2333 1310 sed
2359 1253 2629 1329 practica,
2660 1273 2790 1330 quae
2815 1253 2919 1311 ob-

501 1334 724 1410 jectum
751 1351 869 1390 non
899 1334 1187 1412 supponit,
1219 1333 1322 1393 sed
1349 1332 1520 1409 facit;
1561 1342 1684 1392 tum
1709 1333 1847 1410 quia
1872 1333 1967 1391 hic
1994 1333 2349 1410 proponitur,
2380 1351 2495 1389 non
2518 1332 2923 1392 antecedenter

508 1412 584 1471 ad
625 1411 1080 1489 fundamentum,
1121 1413 1225 1473 sed
1271 1423 1336 1473 ut
1378 1413 1634 1490 sigillum
1677 1432 2053 1489 consequens,
2098 1411 2369 1489 quodque
2410 1411 2541 1471 ideo
2582 1413 2919 1471 electionem

509 1493 770 1569 sequitur
806 1512 922 1552 non
960 1494 1254 1570 praecedit.
1340 1493 1441 1551 An
1468 1493 1717 1570 denique
1747 1492 1942 1551 dicent
1982 1493 2225 1569 proponi
2264 1491 2499 1570 quidem
2528 1511 2816 1552 recessum
2842 1493 2919 1551 ab

509 1573 833 1650 iniquitate,
862 1582 930 1632 ut
957 1573 1207 1633 officium
1247 1571 1514 1647 hominis,
1547 1573 1648 1650 qui
1688 1574 1800 1631 hoc
1841 1570 2051 1630 debeat
2092 1571 2296 1647 facere,
2343 1571 2446 1630 sed
2486 1591 2603 1630 non
2632 1573 2824 1632 statim
2852 1581 2920 1632 ut

509 1653 638 1730 ejus
665 1661 875 1728 actum,
906 1654 1007 1730 qui
1032 1654 1144 1712 hoc
1171 1653 1361 1730 reipsa
1397 1653 1635 1730 impleat
1654 1655 1683 1711 ?
1728 1651 1845 1711 Sed
1884 1651 1980 1710 hic
2008 1660 2173 1711 actus
2199 1653 2450 1711 hominis
2478 1653 2551 1710 ab
2578 1653 2705 1729 ejus
2734 1652 2920 1712 officio

511 1752 628 1791 non
671 1741 984 1811 separatur,
1029 1733 1168 1811 quia
1207 1732 1360 1791 idem
1388 1733 1488 1808 qui
1524 1733 1695 1810 jubet
1724 1733 1902 1806 Deus,
1932 1741 1999 1791 ut
2026 1731 2360 1791 recedamus
2388 1732 2462 1790 ab
2503 1733 2814 1810 impietate,
2856 1732 2921 1791 id

509 1813 700 1890 ipsum
729 1821 999 1892 operatur
1025 1813 1084 1872 in
1111 1813 1280 1872 nobis
1309 1813 1514 1890 spiritu
1542 1833 1665 1888 suc,
1689 1813 1790 1890 qui
1818 1831 1891 1871 ne
1919 1812 2255 1871 recedamus
2274 1831 2529 1889 unquam
2550 1832 2585 1870 a
2608 1813 2752 1887 Dec,
2783 1813 2923 1872 facit

510 1903 578 1953 ut
617 1913 721 1971 per
759 1901 1016 1952 sanctam
1043 1894 1392 1971 apostasiam
1428 1892 1765 1952 recedamus
1806 1911 1842 1950 a
1881 1891 2098 1951 mundo
2140 1900 2199 1951 et
2237 1901 2491 1969 peccat0,
2522 1893 2920 1953 mortificando

510 1972 664 2032 facta
700 1973 971 2051 corporis,
1015 1973 1183 2032 Rom.
1213 1972 1334 2031 viii.
1371 1975 1463 2050 13,
1508 1981 1566 2033 et
1607 1971 1998 2050 crucifigendo
2039 1991 2270 2030 carnem
2311 1992 2443 2031 cum
2487 1973 2607 2032 suis
2647 1973 2917 2051 concupi·

511 2053 748 2112 scentiis
798 2053 930 2112 Gal.
960 2073 1018 2112 v.
1050 2056 1146 2112 24.

503 2205 512 2214 α
592 2132 712 2194 ΙΧ.
749 2098 1047 2209 'SecundQ
1078 2131 1228 2209 Quia
1255 2133 1444 2194 Electi
1473 2133 1674 2194 seduci
1700 2153 1818 2193 non
1846 2141 2106 2210 possunt.
2152 2133 2364 2192 Matth.
2394 2133 2559 2191 xxiv.
2590 2136 2688 2192 24.
2720 2133 2914 2193 Chris*-

507 2221 605 2272 tus
632 2212 705 2272 de
736 2212 1304 2292 Pseudophrophetis
1331 2214 1593 2291 loquens,
1625 2213 1784 2290 dicit,
1816 2222 1904 2272 tot
1932 2221 1991 2272 et
2018 2221 2177 2272 tanta
2206 2213 2251 2270 si
2257 2232 2373 2290 gna
2398 2221 2459 2270 et
2494 2213 2759 2290 prodigia
2802 2211 2917 2272 fac-

505 2301 685 2369 turos,
715 2301 782 2353 ut
805 2295 1145 2370 seducerent,
1175 2293 1376 2374 sifieri
1388 2303 1594 2372 posset,
1623 2299 1717 2353 καὶ
1741 2295 1853 2360 τοὺς
1882 2293 2133 2358 ’κλητοὺς
2176 2294 2325 2369 ipsos
2366 2293 2534 2351 etiam
2576 2296 2787 2370 electos,
2838 2293 2919 2352 id.

506 2373 558 2432 si
585 2393 702 2450 qua
727 2372 818 2432 vis
846 2373 1068 2433 valeret
1095 2372 1375 2433 adversus
1403 2374 1777 2450 electionem;
1822 2373 1980 2452 quod
2007 2373 2123 2432 dici
2162 2393 2279 2431 non
2320 2379 2532 2449 posset,
2563 2373 2675 2432 nisi
2718 2393 2921 2433 revera

507 2452 722 2513 electos
751 2452 949 2512 seduci
975 2462 1130 2513 esset
1155 2453 1531 2531 impossibile,
1561 2474 1681 2513 non
1709 2463 1975 2532 respectu
2014 2453 2273 2526 cujusvis
2315 2452 2523 2511 erroris
2562 2453 2815 2529 levioris,
2860 2454 2922 2512 in

505 2551 678 2610 quem
705 2551 824 2591 non
851 2541 1137 2610 repugnat
1164 2553 1264 2592 eos
1291 2533 1515 2610 cadere,
1547 2535 1650 2593 sed
1678 2534 1931 2594 exitialis
1959 2541 2019 2592 et
2044 2532 2236 2601 finalis
2260 2555 2274 2592 :
2319 2532 2443 2592 Nec
2469 2532 2547 2591 ad
2572 2534 2917 2593 eludendam

505 2614 628 2671 vim
654 2613 823 2672 istius
850 2613 964 2672 loci
1003 2615 1177 2691 juvat
1204 2615 1488 2692 excipere,
1521 2616 1734 2691 Primo,
1766 2615 1981 2675 electos
2008 2622 2209 2673 notare
2250 2613 2345 2672 hic
2372 2620 2597 2673 tantum
2644 2623 2918 2692 praestan·

504 2702 595 2752 tes
621 2715 635 2753 :
679 2692 830 2768 Quia
855 2694 1122 2770 nuspiam
1149 2714 1270 2753 vox
1296 2694 1409 2754 ista
1435 2694 1496 2752 in
1525 2695 1598 2753 N.
1629 2695 1787 2754 Test.
1817 2694 2263 2772 praecellentiam
2290 2693 2479 2753 innuit
2506 2695 2629 2753 sine
2656 2704 2923 2772 respectu

504 2772 583 2831 ad
610 2772 921 2849 decretum,
954 2773 1111 2850 quod
1136 2772 1267 2832 loca
1293 2774 1367 2833 ab
1393 2774 1537 2851 ipsis
1567 2774 1938 2833 Adversariis
1966 2774 2157 2849 allata,
2191 2774 2334 2833 Luc.
2364 2773 2531 2834 xxiii.
2576 2777 2672 2850 35,
2724 2778 2759 2833 1
2792 2776 2918 2835 Pet.

505 2852 566 2911 ii.
597 2856 653 2927 4,
685 2852 822 2913 Act.
852 2854 934 2913 ix.
969 2856 1061 2927 15,
1093 2853 1366 2931 probant3
1397 2874 1504 2911 nec
1531 2854 1642 2913 hoc
1671 2854 1837 2913 aliter
1864 2853 2303 2931 intelligendum
2332 2854 2429 2912 hic
2457 2874 2600 2929 esse,
2632 2875 2707 2914 ex
2736 2856 2919 2914 Marc.

508 2932 631 2993 xiii.
653 2935 748 3008 20,
781 2941 1024 3009 constat,
1055 2932 1157 2991 ubi
1185 2932 1588 2993 describuntur
1613 2953 1717 3012 per
1744 2936 1953 3009 electos,
1984 2955 2123 3011 quos
2139 2936 2299 2993 Deus
2326 2935 2487 3011 elegit
2500 2960 2525 3009 ,·
2568 2934 2853 3011 Secundo,
2882 2942 2922 2994 αἱ

505 3008 708 3071 δυνατὴ
753 3032 870 3071 non
919 3011 1242 3071 absolutam
1284 3012 1574 3090 quandam
1621 3013 2162 3092 impossibilitatem,
2216 3014 2317 3073 sed
2370 3034 2642 3093 mag-narn
2698 3023 2919 3074 tantum

507 3093 885 3165 dg'ffi'ctdtatem
911 3092 1182 3167 indicare,
1214 3111 1344 3169 quae
1371 3092 1672 3153 referenda
1714 3095 1805 3169 sit,
1849 3114 1965 3154 non
2006 3094 2082 3153 ad
2123 3094 2305 3171 ipsius
2348 3095 2700 3154 seductionis
2746 3114 2919 3154 even-

505 3180 647 3247 ιιιω,
679 3172 785 3231 sed
810 3172 887 3231 ad
915 3170 1310 3232 seducentium
1340 3173 1640 3234 consilium
1672 3184 1731 3234 et
1758 3174 2046 3250 studium;
2090 3184 2157 3233 ut
2184 3174 2262 3234 sit
2303 3194 2523 3250 sensus,
2554 3183 2831 3253 quantum
2860 3175 2923 3233 in

506 3252 650 3329 ipsis
677 3260 782 3329 est,
826 3252 914 3311 nil
961 3252 1306 3313 intentatum
1355 3252 1700 3333 relinquent,
1748 3275 1864 3332 quo
1908 3256 2132 3332 possint
2176 3255 2392 3314 electos
2436 3254 2727 3331 seducere,
2775 3255 2919 3314 illud

506 3340 701 3392 autem
729 3333 779 3393 si
807 3332 1064 3411 ipsorum
1106 3332 1560 3393 machinationes
1607 3353 1727 3393 non
1774 3333 2039 3410 efficiant,
2089 3334 2236 3392 nihil
2284 3334 2476 3394 obstat
2523 3345 2733 3409 tamen,
2779 3335 2920 3412 quin

507 3412 729 3489 seipsos
781 3413 1030 3491 prodant
1073 3412 1258 3488 electi,
1289 3422 1350 3473 et
1392 3434 1467 3472 ex
1501 3414 1701 3474 innata
1742 3414 2025 3474 labilitate
2071 3424 2309 3492 pereant
2339 3437 2353 3491 ;
2398 3414 2542 3474 alias
2590 3415 2731 3493 quid
2774 3435 2920 3493 opus

504 3490 710 3552 fuisset
751 3493 1063 3553 monitione
1091 3513 1164 3552 ne
1193 3494 1618 3569 seducerentur,
1652 3495 1701 3554 si
1730 3494 2085 3573 impossibile
2112 3493 2221 3555 fuit
2249 3514 2348 3553 eos
2378 3494 2624 3554 seduci?
2682 3496 2755 3553 Β.
2802 3494 2921 3555 Sed

505 3591 716 3651 scopus
758 3573 972 3633 Christi
1016 3574 1362 3632 contrarium
1411 3574 1644 3651 evincit,
1693 3576 1800 3653 qui
1846 3585 1936 3634 est
1979 3594 2333 3651 exaggerare
2382 3594 2667 3635 summum
2716 3574 2917 3633 discri-

503 3672 639 3711 men
683 3653 1015 3713 ultimorum
1071 3661 1412 3730 temporum,
1464 3654 1621 3731 quod
1676 3655 2014 3714 imminebat
2055 3653 2323 3713 fidelibus
2372 3674 2407 3713 a
2456 3654 2921 3714 Pseudochristis

505 3740 564 3791 et
595 3733 1137 3810 Pseudoprophetis,
1183 3734 1283 3811 qui
1331 3733 1471 3792 talia
1516 3735 1562 3793 si
1568 3754 1686 3811 gna
1733 3744 1897 3795 erant
1944 3733 2171 3810 edituri,
2218 3742 2284 3793 ut
2326 3754 2444 3792 non
2491 3743 2716 3794 tantum
2765 3734 2918 3815 πρέσ-

503 3836 681 3891 κιιςοι,
714 3812 816 3871 sed
843 3812 956 3889 ipsi
983 3814 1156 3871 etiam
1186 3814 1371 3887 electi,
1405 3814 1453 3872 si
1481 3814 1757 3891 possibile
1786 3823 1955 3889 esset,
1988 3814 2493 3891 subverterentur3
2538 3814 2695 3892 quod
2726 3814 2919 3892 locum

503 3910 622 3949 non
649 3892 902 3966 haberet,
935 3892 984 3951 si
1014 3891 1320 3953 difficultas
1345 3902 1571 3953 tantum
1613 3903 1928 3969 notaretur,
1980 3902 2039 3953 et
2087 3893 2520 3971 impossibilitas
2564 3894 2799 3953 moralis
2840 3914 2918 3953 ex

501 3978 666 4047 parte
683 3970 1049 4031 seductorum
1068 3994 1084 4048 ;
1115 3973 1280 4049 quasi
1309 3992 1512 4031 sensus
1533 3982 1703 4049 esset,
1724 3974 1809 4031 nil
1835 3976 2177 4033 intentatum
2206 3973 2533 4051 relinquent
2555 3973 2916 4052 Pseudopro-

502 4051 710 4128 phetae,
740 4058 807 4110 ut
833 4059 1113 4127 quantum
1139 4052 1200 4110 in
1241 4052 1384 4129 ipsis
1412 4060 1503 4111 est
1547 4063 1797 4112 noceant
1838 4053 2077 4129 electis;
2122 4053 2225 4111 sed
2268 4053 2407 4131 quid
2452 4074 2598 4132 opus
2642 4063 2765 4114 erat
2807 4054 2919 4112 hoc

501 4129 756 4208 praedici,
788 4129 861 4188 de
888 4149 1006 4207 quo
1033 4150 1201 4189 nemo
1231 4130 1549 4208 dubitabat,
1581 4152 1715 4191 cum
1740 4133 1853 4191 hoc
1882 4134 1957 4193 sit
1984 4134 2297 4210 ingenium,
2328 4141 2387 4193 et
2414 4133 2505 4192 12ae
2533 4142 2686 4194 artes
2716 4133 2916 4193 seduc·-

502 4219 694 4269 torum
713 4212 743 4268 P
785 4209 1012 4269 Deinde
1039 4209 1348 4269 difficultas
1373 4210 1492 4285 illa,
1525 4212 1621 4271 vel
1650 4214 1993 4289 superabilis
2021 4212 2130 4271 fuit
2158 4234 2192 4271 a
2222 4212 2751 4291 Pseudoprophetis
2778 4213 2919 4273 talia

502 4288 891 4363 molientibus,
923 4289 1021 4347 vel
1047 4308 1198 4365 non;
1243 4290 1293 4348 si
1319 4291 1508 4367 potuit
1537 4293 1810 4369 superari,
1842 4294 1988 4351 nihil
2014 4292 2155 4352 novi
2182 4300 2283 4351 aut
2308 4293 2505 4371 magni
2532 4292 2628 4352 hic
2655 4293 2915 4371 praedici-

501 4378 600 4429 tur
641 4389 678 4427 a
725 4368 988 4445 Christo;
1053 4369 1105 4427 si
1146 4389 1264 4427 non
1307 4371 1510 4447 potuit,
1563 4372 1926 4431 obstaculum
1970 4392 2087 4431 non
2136 4380 2225 4432 est
2268 4374 2343 4432 ab
2386 4392 2585 4432 eorum
2633 4373 2915 4451 impoten-

502 4450 585 4509 tia
609 4450 709 4509 vel
751 4448 1094 4526 ignorantia,
1127 4449 1230 4508 sed
1271 4470 1308 4508 a
1351 4451 1629 4528 superiori
1675 4472 1866 4527 causa,
1914 4472 2087 4531 quam
2136 4452 2247 4530 ipsi
2295 4452 2507 4511 frustra
2556 4460 2911 4531 oppugnant,

502 4530 770 4589 nimirum
827 4528 1140 4605 electione3
1207 4529 1360 4589 unde
1416 4550 1534 4590 non
1588 4532 1671 4591 ait
1724 4539 1762 4591 ti
1804 4528 2003 4593 δυνατὴ
2058 4536 2226 4598 αὐτοῖς
2272 4531 2373 4591 sed
2416 4539 2453 4590 οἱ
2474 4536 2479 4541 ’
2497 4528 2711 4605 δυνατὸν,
2760 4532 2917 4610 quod

501 4628 616 4668 non
647 4608 960 4687 simplicem
983 4609 1409 4687 difficultatem,
1427 4612 1530 4671 sed
1558 4622 1804 4673 eventus
1832 4614 2354 4692 impossibilitatem
2378 4622 2556 4688 notat,
2588 4623 2654 4672 ut
2673 4614 2805 4673 Gal.
2836 4614 2915 4671 iv.
