3300 5225
522 350 633 407 122
1452 365 1633 407 1200th
1663 364 1983 406 sscuxnus.
2518 344 2766 425 [Qi'AEsr.
2799 365 2921 405 xvi.

516 514 680 585 gunt,
710 504 1033 579 declinent3
1079 505 1133 562 N
1135 524 1209 563 on
1238 512 1463 564 tantum
1490 505 1621 582 ejus
1659 508 1902 565 aumas
1929 515 1988 565 et
2016 505 2416 582 Integritatem
2445 505 2789 580 convellere,
2821 505 2924 563 sed

520 585 939 647 Perfectionem
968 584 1141 643 etiam
1168 592 1228 643 et
1256 584 1734 661 Perspicuitatem
1773 606 2014 665 arguere
2055 593 2351 644 conantur.
2439 584 2610 645 Unde
2637 584 2791 644 inter
2815 604 2922 645 nos

517 674 579 725 et
606 666 761 743 ipsos
787 665 1029 741 quaestio
1056 664 1313 741 agitatur
1338 664 1411 723 de
1439 666 1787 739 Pet-sectione
1813 667 2140 741 Ser-epium.

1121 743 1206 803 II.
1250 742 1352 801 Ad
1382 744 1609 804 Statum
1638 744 1985 819 Quaestionis
2013 744 2274 818 observa,
2324 746 2375 801 1.
2421 743 2552 802 Non
2578 744 2776 820 quaeri,
2821 742 2922 801 An

607 812 787 881 ⁸²5⁰&
805 808 969 859 ΜΝ·
1044 822 1340 901 Scriptura
1364 843 1435 883 ea
1460 825 1656 883 omnia
1682 824 1990 899 contineat,
2013 844 2144 901 qnae
2170 843 2208 881 a
2223 823 2454 882 Christo
2479 832 2539 882 et
2569 823 2798 882 Sanctis
2825 823 2922 883 vel

666 872 833 913 t¹⁰¹²¹⁸'
1039 901 1195 961 dicta
1242 911 1377 963 sunt
1418 904 1515 961 vel
1562 903 1730 978 facta,
1777 904 1874 963 vel
1920 923 2050 981 quse
2096 902 2173 962 ad
2217 902 2557 979 religionem
2603 902 2919 979 quomodo-

518 1000 745 1059 cunque
772 990 1015 1057 possunt
1040 983 1359 1059 pertinere:
1404 982 1533 1041 Non
1562 1002 1843 1059 negamus
1871 984 2022 1043 enim
2049 983 2234 1041 multa
2273 1002 2309 1041 a
2337 982 2564 1041 Christo
2591 981 2760 1057 facta,
2789 1002 2922 1058 quae

520 1062 733 1138 scripto
760 1079 877 1119 non
907 1069 1041 1119 sunt
1067 1062 1405 1139 consignata
1430 1082 1509 1121 ex
1534 1062 1578 1121 J
1582 1084 1635 1122 o.
1665 1084 1768 1122 xx.
1797 1066 1894 1139 30,
1925 1064 2108 1123 multa
2134 1063 2274 1121 item
2301 1080 2614 1136 occurrere,
2644 1080 2774 1138 quae
2805 1061 2919 1121 Re-

517 1140 755 1217 ligionis
782 1147 917 1199 sunt
942 1141 1125 1200 veluti
1150 1142 1495 1219 appendices
1520 1149 1582 1201 et
1620 1142 1987 1219 adminicula,
2019 1152 2084 1202 ut
2108 1162 2239 1219 quae
2267 1149 2572 1201 versantur
2597 1141 2750 1199 circa
2773 1141 2922 1200 ritus

519 1229 578 1279 et
605 1219 863 1296 politiam
896 1219 1377 1297 Ecclesiasticam,
1408 1241 1538 1299 quae
1583 1222 1882 1299 sigillatim
1925 1243 2044 1283 non
2083 1220 2390 1281 traduntur
2429 1221 2490 1279 in
2521 1220 2831 1297 Scriptura,
2861 1228 2923 1279 et

518 1300 921 1375 relinquuntur
944 1299 1263 1375 prudentiae
1282 1301 1595 1361 Rectorum
1618 1302 1914 1379 Ecclesiae,
1938 1302 2038 1380 qui
2065 1302 2390 1379 prospicere
2418 1300 2632 1359 debent
2658 1320 2734 1359 ex
2752 1299 2920 1358 Pauli

517 1386 842 1517 assae
858 1380 1057 1517 (ζῇ,
1082 1460 1950 1523 mm...
1979 1377 2920 1539 samm

2627 1504 2644 1535 ²

519 1558 741 1613 mores;
786 1538 889 1597 An
915 1539 1108 1597 omnia
1132 1539 1246 1599 ista
1272 1540 1355 1599 ita
1386 1541 1681 1618 Scriptura
1707 1542 2123 1616 contineantur,
2153 1548 2221 1599 ut
2245 1540 2431 1617 possit
2457 1559 2583 1598 esse
2623 1539 2821 1599 totalis
2861 1546 2921 1599 et

518 1618 823 1695 adaequata
846 1617 984 1677 fidei
1010 1639 1348 1697 morumque
1374 1620 1593 1698 regula,
1622 1622 1782 1698 quod
1809 1621 2149 1695 statuimus3
2197 1619 2536 1679 Adversarii
2565 1627 2798 1695 negant.

601 1698 721 1757 III.
766 1696 898 1757 Non
924 1700 1217 1775 quaeritur,
1247 1720 1321 1759 an
1350 1700 1541 1759 omnia
1567 1702 1680 1760 ista
1705 1704 1953 1773 κὺτολιξιὶ
1993 1710 2053 1760 et
2079 1699 2318 1759 totidem
2347 1699 2558 1774 verbis,
2589 1718 2694 1759 seu
2719 1698 2916 1756 imme·

518 1776 675 1839 diate
702 1786 763 1838 et
788 1797 1059 1855 expresse
1088 1779 1387 1839 tradantur
1412 1781 1472 1837 in
1506 1780 1840 1859 Scriptura:
1885 1783 2161 1839 Fatemur
2187 1780 2340 1838 enim
2382 1778 2565 1837 multa
2599 1798 2702 1855 per
2725 1778 2917 1854 legiti-

518 1876 673 1917 mam
700 1858 1167 1935 consequentiam
1194 1860 1342 1919 bene
1368 1880 1445 1917 ex
1488 1861 1782 1939 Scriptura
1807 1861 2032 1937 deduci,
2064 1868 2124 1919 et
2162 1880 2267 1937 pro
2297 1859 2412 1917 Dei
2438 1858 2615 1917 verbo
2655 1857 2922 1917 habenda

517 1956 663 1995 esse.
750 1936 885 2012 Sed,
918 1936 1019 1995 An
1045 1938 1127 1996 ita
1152 1938 1551 1999 contineantur
1576 1940 1638 1999 in
1671 1942 1980 2019 Scriptura,
2011 1940 2110 1999 vel
2153 1958 2424 2017 expresse
2469 1937 2528 1995 in
2571 1957 2642 1996 ea
2681 1936 2797 1996 sint
2825 1936 2920 1995 vel

516 2015 776 2093 legitime
804 2037 880 2075 ex
907 2036 976 2075 ea
1002 2016 1377 2093 deducantur,
1408 2027 1473 2079 ut
1516 2020 1677 2080 nullo
1709 2021 1826 2079 alio
1867 2020 2005 2079 fidei
2045 2019 2326 2097 principio
2367 2017 2592 2099 σ’ίγςιφρ
2635 2037 2781 2095 opus
2825 2016 2916 2092 sit,

516 2096 671 2155 unde
700 2116 831 2173 quae
861 2096 1183 2173 Religionis
1212 2107 1271 2158 et
1299 2100 1503 2159 salutis
1530 2109 1666 2159 sunt
1693 2110 1888 2177 petere
1917 2107 2196 2177 oporteat.

598 2176 708 2235 IV.
755 2175 807 2234 N
810 2196 886 2234 on
914 2178 1191 2253 quaeritur
1217 2178 1289 2237 de
1318 2180 1668 2253 Per-sectione
1692 2181 1965 2240 intensiva
2005 2199 2110 2239 seu
2135 2178 2484 2256 qualitativa,
2516 2196 2647 2254 quae
2686 2176 2747 2234 in
2775 2176 2917 2253 dog-

514 2264 735 2315 matum
763 2265 823 2316 et
848 2266 1267 2334 praeceptorum
1294 2259 1586 2335 exquisita
1613 2260 1874 2335 veritate,
1905 2269 1966 2319 et
2007 2258 2182 2317 modo
2223 2278 2293 2317 ea
2332 2256 2597 2316 tradendi
2623 2256 2916 2334 perfectis·

512 2335 660 2395 simo
688 2345 968 2395 versatur.
1054 2337 1175 2397 Sed
1200 2336 1273 2396 de
1293 2340 1641 2413 Per-sectione
1669 2341 1954 2399 extermina
1981 2358 2084 2398 seu
2105 2338 2448 2415 quantitatis,
2469 2357 2597 2414 quae
2625 2336 2700 2393 ad
2729 2336 2920 2394 onmia

513 2415 801 2475 credenda
826 2425 886 2476 et
912 2415 1175 2475 facienda
1201 2418 1552 2478 extenditur.
1596 2421 1711 2478 Illa
1737 2420 1798 2477 in
1825 2438 2169 2496 unaquaque
2191 2418 2502 2495 Scripturas
2529 2424 2691 2493 parte
2719 2435 2914 2473 occur-

510 2496 605 2569 rit,
638 2496 763 2555 Ista
787 2496 849 2553 in
876 2504 999 2556 toto
1026 2516 1263 2573 corpore
1292 2498 1659 2574 conspicitur.

596 2574 671 2634 V.
717 2575 849 2634 Non
877 2576 1167 2652 quaeritur,
1201 2574 1302 2636 An
1340 2578 1615 2656 perfectio
1665 2578 1974 2656 Scripturas
2019 2576 2220 2638 eadem
2265 2596 2489 2655 semper
2531 2574 2702 2636 fuerit
2727 2574 2918 2652 quoad

514 2655 777 2732 gradum.
864 2656 1142 2716 Fatemur
1168 2657 1323 2715 enim
1350 2677 1454 2734 pro
1482 2659 1660 2718 variis
1687 2659 1956 2718 aetatibus
1987 2658 2264 2717 Ecclesiae
2293 2657 2510 2716 variam
2539 2657 2713 2716 etiam
2741 2655 2918 2716 fiiisse

512 2735 645 2812 ejus
686 2735 1115 2812 revelationem,
1143 2735 1229 2794 ita
1256 2745 1321 2796 ut
1348 2748 1639 2798 crescente
1671 2738 1937 2798 Ecclesia
1977 2738 2224 2797 creverit
2263 2737 2436 2797 etiam
2477 2735 2772 2810 revelatiO,
2801 2755 2918 2793 non

512 2815 749 2892 quidem
776 2813 969 2892 quoad
1008 2816 1389 2876 substantiam
1428 2837 1619 2878 rerum
1662 2817 2092 2893 credendarum,
2123 2837 2254 2895 quse
2297 2837 2522 2894 semper
2561 2815 2762 2875 eadem
2791 2815 2915 2890 fuit,

512 2895 617 2954 sed
670 2903 896 2955 tantum
950 2895 1143 2972 quoad
1184 2896 1481 2956 clariorem
1530 2917 1728 2957 earum
1781 2897 2300 2957 manifestationem
2354 2907 2414 2957 et
2459 2895 2916 2974 applicationem.

516 2975 651 3050 Sed,
683 2974 783 3033 An
810 2975 893 3034 ita
917 2975 1091 3052 plena
1110 2975 1187 3035 sit
1212 2977 1401 3052 hodie,
1420 2985 1489 3038 ut
1514 2977 1638 3038 sine
1665 2978 1788 3038 ullo
1815 2977 2216 3038 Traditionum
2245 2977 2642 3055 supplemento
2663 2975 2740 3034 sit
2765 2974 2914 3032 adse·

512 3063 689 3134 quata
714 3054 851 3113 fidei
877 3074 1215 3133 morumque
1242 3057 1459 3134 regula.

596 3135 709 3194 VI.
755 3134 887 3194 Non
915 3136 1206 3212 quaeritur,
1253 3135 1354 3196 An
1394 3137 1589 3198 nullus
1628 3157 1886 3216 unquam
1927 3137 2090 3197 locus
2131 3137 2191 3196 in
2227 3135 2492 3196 Ecclesia
2517 3135 2689 3194 fuerit
2715 3133 2914 3192 Tradi-

515 3214 771 3274 tionibus
796 3213 1069 3294 ἇγςιίφοις.
1156 3217 1433 3276 Fatemur
1474 3217 1629 3276 enim
1681 3219 1871 3278 Deum
1921 3217 2232 3294 aliquando
2261 3217 2439 3275 verbo
2468 3221 2685 3296 ἇιγςιιφᾳ
2716 3214 2913 3272 Eccle-

516 3294 661 3354 siam
705 3293 987 3371 docuisse,
1035 3305 1101 3356 ut
1148 3306 1281 3356 ante
1326 3297 1571 3357 Mosem.
1661 3297 1794 3373 Sed,
1843 3298 1942 3354 An
1987 3298 2325 3372 consignato
2375 3297 2554 3354 semel
2609 3295 2916 3371 Scripturas

514 3375 765 3451 Canone,
810 3375 1021 3437 dentur
1044 3375 1309 3452 quaedam
1338 3377 1702 3438 'Pi-aditiones
1727 3377 1956 3458 ἄγραφα
1984 3398 2110 3454 quae
2131 3377 2273 3450 pam·
2289 3377 2516 3451 pietatis
2541 3377 2748 3450 affectu
2774 3374 2914 3432 reci·

508 3455 733 3530 piendae
758 3455 869 3514 sint
894 3476 1017 3515 cum
1042 3457 1345 3532 Scriptura
1364 3481 1389 3530 ;
1430 3457 1588 3535 quod
1616 3459 1906 3516 Pontificii
1933 3458 2154 3530 volunt,
2188 3456 2309 3514 Nos
2335 3473 2632 3532 negamus·

596 3535 744 3595 vn.
788 3535 921 3595 Non
946 3537 1237 3614 quaefinu,
1284 3537 1383 3596 An
1413 3556 1613 3597 omnes
1653 3539 1886 3597 omnino
1929 3535 2292 3595 Traditiones
2335 3535 2451 3593 sint
2489 3533 2752 3592 absolute
2781 3531 2912 3609 reji-

514 3615 771 3676 cienda:
815 3616 965 3676 Nam
1008 3617 1377 3677 concedimus
1424 3637 1594 3696 posse
1638 3618 1766 3676 dari
1817 3617 2174 3676 Traditiones
2217 3615 2510 3674 historicas
2549 3633 2681 3690 quse
2725 3631 2915 3672 rerum

513 3705 807 3772 gestarum
832 3697 1183 3756 mentionem
1210 3699 1523 3775 continent,
1560 3699 1916 3758 stadiaones
1941 3697 2174 3756 rituales
2199 3715 2330 3772 quae
2370 3695 2443 3752 de
2470 3693 2678 3754 ritibus
2721 3699 2780 3751 et
2806 3712 2914 3750 css·

514 3777 787 3836 remoniis
811 3778 1008 3836 liberae
1034 3777 1455 3838 observationis
1496 3787 1696 3855 agunt.
1783 3777 1902 3837 Sed
1927 3777 2120 3854 agitur
2147 3783 2370 3836 tantum
2398 3774 2472 3833 de
2503 3773 2917 3832 stadifiom'bu

516 3857 867 3930 Doqmaticth
909 3865 967 3914 et
1010 3857 1242 3932 Etkict'ss,
1289 3858 1369 3916 id.
1408 3878 1538 3935 quae
1582 3859 1680 3917 vel
1706 3856 1882 3916 fidem
1913 3857 2011 3916 vel
2054 3875 2243 3914 mores
2273 3863 2548 3932 spectent,
2580 3873 2724 3933 quas
2753 3861 2919 3912 extra

520 3935 873 4010 Scripturam
900 3934 1025 3992 dari
1050 3954 1349 4012 negamus.

596 4012 778 4072 VIII.
824 4013 955 4071 Non
982 4015 1274 4090 quaeritur,
1306 4015 1405 4072 An
1432 4015 1803 4075 admittendae
1845 4016 1962 4076 sint
1987 4015 2350 4075 Traditiones
2380 4013 2612 4073 Divinae
2639 4021 2698 4072 et
2725 4012 2915 4088 Apos-

517 4092 723 4167 tolicae,
756 4092 833 4150 id.
864 4111 933 4184 ea
960 4094 1153 4185 omnia
1180 4093 1452 4171 dogmata
1494 4114 1623 4172 quae
1650 4097 1748 4156 vel
1791 4116 1828 4154 a
1857 4096 2085 4155 Christo
2133 4095 2231 4154 vel
2274 4095 2348 4153 ab
2377 4093 2679 4172 Apostolis
2707 4091 2918 4150 tradita

516 4179 669 4312 ῗέιῖἓ
700 4171 1772 4330 {3352t23¹sscfissssffrssffiff⁰⁸nssi¹ssiessss¹gss
1793 4172 2918 4328 :2332422152325233'333322325
2971 4301 2976 4306 ,

517 4345 638 4404 φους
660 4341 817 4392 certo
844 4340 1184 4407 argumento
1211 4333 1455 4410 probent
1482 4353 1517 4392 a
1546 4333 1776 4393 Christo
1803 4342 1862 4393 et
1890 4333 2193 4410 Apostolis
2220 4353 2422 4394 revera
2449 4350 2729 4404 manasse,
2761 4328 2918 4405 quod

516 4431 811 4490 nunquam
828 4411 1047 4492 ⁸facturi
1074 4422 1225 4487 sunt,
1257 4412 1459 4472 tandiu
1488 4433 1585 4472 eas
1612 4422 1680 4472 ut
1705 4414 1987 4472 humanas
2015 4414 2324 4490 rejicimus.

597 4493 717 4552 IX.
762 4492 1018 4567 Quaestio
1046 4513 1185 4569 ergo
1214 4513 1282 4552 eo
1324 4492 1505 4568 redit3
1551 4494 1652 4564 An
1701 4494 1998 4570 Scriptura
2047 4495 2108 4554 S.
2151 4493 2445 4554 contineat
2485 4488 2753 4568 perfecte,
2799 4507 2916 4546 non

514 4574 707 4634 omnia
734 4573 1013 4640 absolute,
1062 4572 1165 4631 sed
1208 4573 1529 4632 necessaria
1576 4573 1649 4632 ad
1697 4575 1956 4649 salutem,
1988 4593 2102 4633 non
2132 4592 2406 4649 expresse
2433 4581 2492 4630 et
2520 4569 2758 4628 totidem
2789 4589 2915 4626 ver-

510 4655 619 4731 bis,
658 4653 761 4716 sed
802 4653 1236 4732 aequipollenter
1262 4653 1357 4713 vel
1386 4674 1489 4731 per
1514 4653 1832 4732 legitimam
1875 4652 2360 4731 consequentiam,
2405 4660 2470 4711 ut
2497 4649 2640 4710 nihil
2671 4669 2816 4727 opus
2845 4648 2920 4708 sit
