3300 5225
549 281 668 340 578
1158 275 1195 286 ’”
1536 296 1721 339 Locus
1748 295 1963 338 nonus·
2573 275 2834 358 [QUAEST.
2863 295 2985 335 ΧΠ.

552 449 745 500 torum
773 437 1030 499 omnium
1058 445 1147 498 est
1175 458 1349 498 causa
1376 445 1435 498 et
1461 439 1643 517 erige,
1675 437 1721 500 J
1722 459 1808 498 ac.
1837 437 1877 497 i.
1911 439 1985 496 15
2012 459 2027 497 :
2071 435 2213 512 Quae
2241 437 2436 496 omnia
2471 445 2711 515 peccato
2738 437 2984 517 proprie

556 521 714 580 dicto
743 520 1112 579 conveniunt.
1198 518 1371 580 Unde
1400 520 1579 598 Aug„
1610 519 1712 578 lib.
1744 540 1802 578 v.
1833 527 1986 578 cont.
2015 517 2059 578 J
2063 518 2162 576 uli.
2193 537 2320 595 cap.
2349 521 2404 592 2,
2438 520 2640 578 statuit
2665 519 2982 596 concupis·

557 600 807 660 centiam
839 603 874 633 “
894 601 1042 659 Esse
1070 610 1123 659 et
1139 609 1452 678 peccatum,
1483 600 1620 677 quia
1660 600 1749 658 illi
1789 600 1940 658 inest
1981 597 2374 657 inobedientia
2400 599 2680 658 adversus
2707 599 2980 658 domina-

557 682 775 740 tionem
816 681 1043 756 mentis,
1089 691 1142 739 et
1178 701 1409 758 pomam
1452 681 1693 757 peccati,
1725 679 1862 756 quia
1901 677 2130 738 reddita
2170 687 2260 738 est
2299 679 2521 737 meritis
2560 679 2978 756 inobedientis,

558 770 614 820 et
638 781 870 820 causam
887 761 1115 838 peccati
1137 761 1459 820 defectione
1487 759 1902 820 consentientis
1930 768 1996 818 ut
2022 767 2082 818 et
2110 759 2455 836 contagione
2483 759 2803 819 nocentis.''

641 839 869 900 XXII.
914 841 1079 899 Licet
1107 841 1547 917 concupiscentia
1572 841 1800 899 dicatur
1834 840 2067 918 qiqnere
2097 847 2409 916 peccatum,
2441 839 2483 898 J
2487 859 2572 898 ac.
2601 839 2641 898 i.
2675 841 2767 916 15,
2814 840 2979 900 scili-

559 929 651 981 eet
678 921 923 996 actuale,
954 929 1413 980 consummatum
1442 931 1501 980 et
1528 929 1852 996 externum,
1882 939 2000 978 non
2029 919 2243 978 desinit
2283 939 2411 978 esse
2451 927 2792 997 peccatum3
2839 921 2980 980 Imo

559 1009 760 1061 contra
785 1009 1087 1079 peccatum
1116 1021 1243 1061 esse
1271 1001 1461 1076 debet,
1493 1000 1631 1079 quia
1658 1009 1860 1079 partus
1889 1000 2151 1077 sequitur
2177 1008 2458 1076 ventrem,
2490 1009 2548 1059 et
2575 1000 2840 1077 ejusdem
2881 1010 2984 1061 est

560 1101 693 1140 cum
719 1089 957 1160 parente
984 1090 1205 1142 naturae
1229 1105 1243 1158 ;
1287 1082 1475 1142 malus
1504 1081 1744 1142 effectus
1771 1080 2097 1140 necessario
2137 1079 2331 1159 arguit
2360 1099 2592 1140 causam
2632 1081 2862 1157 malam,
2909 1091 2980 1141 ut

561 1162 733 1222 arbor
754 1162 1073 1222 aestimatur
1098 1183 1175 1221 ex
1201 1162 1411 1222 fructu.

642 1241 905 1302 XXIII.
950 1239 1136 1302 Aliud
1163 1251 1253 1302 est
1278 1243 1341 1300 in
1367 1243 1583 1302 renatis
1610 1243 1831 1302 nullam
1858 1259 1987 1302 esse
2015 1240 2528 1300 condemnationem
2547 1265 2572 1314 ;
2611 1239 2798 1299 Aliud
2824 1241 2980 1300 nihil

560 1322 990 1398 condemnabile,
1022 1331 1081 1382 et
1110 1323 1241 1382 odio
1271 1322 1529 1400 dignum,
1559 1325 1723 1401 prius
1751 1322 1892 1382 dicit
1939 1321 2174 1397 Paulae,
2218 1321 2388 1380 Rom.
2422 1321 2545 1380 viii.
2594 1323 2648 1398 l,
2695 1322 2834 1398 quia
2873 1341 2975 1380 ac-

558 1402 734 1462 tualis
760 1412 956 1462 reatus
1004 1404 1267 1463 sublatus
1294 1412 1384 1462 cst
1410 1423 1514 1481 per
1558 1402 1806 1480 gratiam
1845 1401 2296 1481 justificationis,
2346 1401 2450 1461 sed
2497 1421 2615 1459 non
2661 1402 2974 1480 posteriue,

559 1483 699 1560 quia
724 1483 983 1562 quandiu
1011 1492 1269 1542 remanet
1294 1491 1595 1562 peccatum
1622 1483 1686 1541 in
1712 1483 1900 1558 nobiS,
1933 1483 2090 1560 quod
2118 1481 2185 1541 fit
2210 1502 2393 1561 usquc
2421 1481 2498 1540 ad
2533 1491 2797 1557 mortem,
2829 1491 2976 1541 tam·

560 1563 664 1622 diu
689 1572 947 1622 remanet
974 1571 1168 1622 reatus
1188 1562 1537 1642 potentiane,
1570 1583 1675 1622 seu
1700 1563 1971 1621 meritum
1998 1563 2373 1622 intrinsecum
2400 1563 2640 1641 peccati,
2683 1581 2790 1640 per
2816 1561 2978 1640 quod

560 1662 765 1701 revera
792 1643 925 1702 odio
954 1651 1043 1702 est
1069 1643 1329 1721 dignum,
1361 1651 1419 1702 et
1448 1641 1888 1703 condemnabilc
1909 1651 2119 1705 natura
2145 1661 2268 1720 sua,
2288 1641 2554 1721 quamvis
2573 1663 2679 1724 per
2705 1643 2980 1703 accidens

563 1723 766 1801 gratiae
794 1729 929 1784 actu
954 1741 1072 1782 non
1100 1723 1461 1784 condemnet.

1470 1961 1860 2039 QUAESTIO
1909 1960 2066 2022 XII.

1332 2139 1411 2182 m:
1440 2101 1900 2185 rnoraoanonn
1929 2141 2198 2184 PEccA'rI.

713 2285 1009 2351 Quomodo
1034 2286 1337 2344 Peccatum
1364 2283 1641 2363 oriqinale
1650 2294 2015 2363 propagetur
2041 2304 2081 2343 a
2106 2283 2446 2343 Parentibus
2473 2283 2532 2342 in
2557 2283 2793 2343 Liberos
2813 2286 2845 2342 ,²

568 2480 781 2532 Quostio
834 2483 897 2529 de
950 2497 1051 2528 mo-
1212 2445 1264 2504 1.
1309 2443 1701 2520 Quaestionem
1726 2444 1878 2504 hanc
1914 2443 2138 2522 peperit
2176 2443 2576 2503 haereticorum
2616 2443 2984 2522 improbitas,

627 2540 690 2583 do
743 2540 1053 2613 Propagatio-
1094 2533 1154 2584 et
1180 2524 1352 2584 avida
1380 2526 1575 2584 omnia
1602 2524 1900 2585 scrutandi
1927 2524 2248 2600 curiositas,
2279 2543 2453 2602 quam
2481 2543 2551 2582 eo
2583 2523 2789 2584 fortius
2815 2543 2984 2584 urse-

622 2599 705 2670 ¹².¹⁸.
728 2603 914 2658 P⁰⁰⁰¹²¹²²
936 2599 1055 2645 diffl-
1096 2614 1231 2665 runt
1281 2605 1597 2684 Pelagiani,
1641 2614 1710 2667 ut
1751 2626 1826 2666 ex
1865 2603 2299 2685 propagationis
2346 2604 2568 2682 peccati
2617 2603 2982 2683 difficultate,

623 2657 749 2703 ⁰¹¹¹*
1095 2686 1325 2746 facilius
1351 2688 1480 2766 ejus
1508 2687 1815 2746 veritatem
1842 2695 2140 2765 negarent.
2223 2686 2370 2744 Tam
2399 2685 2578 2745 ardua
2619 2692 2678 2745 et
2718 2686 2983 2764 explica-

564 2772 631 2822 tu
659 2762 908 2824 difficilis
935 2773 1025 2824 est
1051 2766 1179 2825 visa
1214 2768 1542 2843 Augustino,
1574 2775 1640 2827 ut
1681 2766 1743 2825 in
1784 2787 1852 2825 ea
1893 2766 2195 2826 enodanda
2235 2785 2531 2844 nunquam
2571 2765 2686 2825 sibi
2723 2766 2987 2843 potuerit

564 2845 913 2904 satisfacere.
1000 2845 1189 2921 Unde,
1220 2846 1369 2905 libro
1397 2866 1456 2905 v.
1486 2846 1715 2905 advers.
1745 2846 1790 2905 J
1791 2846 1929 2906 ulia.
1959 2848 2148 2924 capite
2177 2848 2233 2922 3,
2257 2846 2566 2923 propositis
2589 2846 2815 2906 duobus
2843 2866 2982 2924 pro-

560 2925 794 3001 paginis
821 2924 1027 3000 modis,
1048 2926 1145 2983 vel
1164 2934 1231 2985 ut
1257 2933 1564 3003 utrumque
1592 2925 1862 2985 vitiatum
1891 2927 1965 2985 ab
1992 2927 2224 2985 homine
2251 2927 2528 3001 trahatur,
2558 2927 2656 2984 vel
2675 2936 2742 2985 ut
2763 2926 2982 2986 alteru-

561 3013 717 3061 trum
744 3004 805 3060 in
844 3003 1041 3079 altere,
1086 3012 1361 3081 tanquam
1401 3004 1463 3063 in
1490 3024 1629 3065 vase
1659 3005 1865 3065 vitiato
1907 3014 2321 3084 corrumpatur,
2367 3005 2544 3083 addit,
2593 3008 2754 3074 Quid
2789 3017 2984 3067 autem

564 3082 767 3141 horum
791 3084 865 3140 sit
901 3103 1095 3141 verum
1122 3084 1373 3144 libentius
1399 3086 1568 3161 discO,
1600 3106 1773 3163 quam
1801 3086 1941 3164 dico,
1972 3108 2043 3146 ne
2083 3090 2328 3146 audeam
2355 3088 2556 3146 docere
2581 3091 2737 3164 quod
2771 3089 2982 3148 nescio.

568 3162 713 3222 Ideo
740 3162 882 3221 alibi
908 3162 1166 3224 scribens
1213 3164 1290 3224 ad
1328 3165 1570 3225 Hieron.
1617 3166 1785 3244 epist.
1831 3167 1927 3244 29,
1968 3188 2038 3227 eo
2075 3166 2312 3226 devenit
2343 3174 2409 3227 ut
2450 3168 2623 3235 dieat,
2667 3166 2984 3245 dispicien-

566 3242 707 3302 dum
755 3260 881 3302 esse
929 3243 1122 3320 potius
1160 3244 1450 3323 quomodo
1497 3247 1573 3306 ab
1622 3267 1692 3306 eo
1739 3248 1894 3306 malo
1941 3268 2044 3325 per
2092 3247 2384 3307 Christum
2427 3247 2754 3323 liberemur,
2800 3266 2982 3325 quam

566 3322 856 3401 quomodo
882 3322 947 3382 id
972 3324 1047 3382 ab
1077 3326 1310 3387 Adamo
1337 3327 1685 3388 traxerimus
1714 3327 2126 3405 disputantium
2158 3349 2172 3402 3
2215 3335 2281 3387 ut
2320 3328 2420 3404 qui
2460 3328 2519 3385 in
2561 3336 2800 3406 puteum
2842 3348 2981 3405 pro·

564 3404 763 3481 lapsus
806 3410 912 3480 est,
956 3424 1076 3464 non
1114 3416 1231 3466 tam
1274 3408 1559 3468 sollicitus
1599 3427 1728 3467 esse
1771 3408 1944 3467 debet
1985 3408 2057 3467 de
2099 3407 2502 3485 cognoscendo
2546 3406 2718 3467 modo
2761 3428 2878 3485 quo
2919 3408 2984 3467 in

564 3485 731 3543 illum
771 3484 1054 3562 inciderit,
1101 3508 1275 3567 quam
1321 3488 1393 3548 de
1437 3488 1848 3567 investiganda
1890 3488 2110 3547 ratione
2155 3506 2260 3566 per
2301 3507 2474 3566 quam
2517 3488 2690 3548 istinc
2731 3488 2984 3548 evadere

564 3572 757 3644 queat.

1172 3650 1257 3707 II.
1302 3648 1583 3725 Quamvis
1610 3668 1750 3708 vero
1779 3648 1840 3706 in
1868 3648 2187 3727 quaestione
2217 3648 2642 3723 obscurissima,
2683 3667 2803 3706 non
2843 3668 2982 3727 pos·

594 3705 677 3751 Ad
696 3716 1019 3809 canenturffpon-
1090 3728 1207 3789 sint
1245 3728 1500 3807 scrupuli
1544 3748 1744 3789 omnes
1786 3728 2088 3803 removeri,
2136 3729 2226 3788 Ea
2266 3737 2461 3787 tamen
2503 3748 2578 3788 ex
2619 3728 2819 3788 Verbo
2864 3730 2982 3788 Dei

1089 3817 1333 3887 possunt
1360 3808 1528 3887 tradi,
1560 3828 1690 3887 quae
1738 3808 2017 3868 modestis
2057 3808 2310 3887 ingeniis
2356 3808 2582 3886 possint
2626 3808 2980 3885 satisfacere,

567 3895 634 3948 ut
660 3906 782 3945 rem
810 3888 1051 3948 firmiter
1078 3898 1136 3949 et
1176 3888 1499 3948 indubitate
1540 3898 1856 3963 teneamuS,
1901 3889 2040 3948 licet
2077 3888 2316 3947 modum
2355 3888 2526 3967 plene
2568 3898 2626 3948 et
2667 3890 2818 3948 clarc
2860 3908 2982 3947 non

564 3966 855 4045 possimus
882 3970 1131 4047 assequi.
1216 3969 1494 4028 Bifariam
1522 3977 1715 4027 autem
1743 3968 1819 4027 ad
1842 3968 2231 4043 Quaestionem
2259 3968 2614 4048 propositam
2641 3968 2983 4046 responderi

566 4071 1052 4127 1.G0uemlit0r,0ae0
1092 4058 1301 4127 potest,
1348 4049 1446 4107 vel
1487 4050 1825 4125 qeneralz’ue,
1857 4050 1952 4107 vel
1979 4050 2291 4126 specialius.
2377 4048 2590 4125 Primo,
2634 4050 2976 4126 qens-mlius,

624 4130 865 4199 impuram
916 4146 1053 4189 gene·
1092 4128 1328 4189 modum
1362 4128 1794 4205 propagationis
1835 4129 2005 4189 istius
2047 4150 2174 4189 esse
2216 4132 2499 4206 impuram
2537 4130 2977 4208 qeneratt’onem,

624 4190 881 4233 renonem.
1092 4228 1207 4286 qua
1264 4228 1341 4267 ex
1382 4208 1666 4286 corruptis
1708 4218 1766 4268 ct
1805 4210 2208 4287 peccatoribus
2249 4211 2503 4288 corrupti
2544 4218 2604 4269 et
2642 4219 2979 4288 peccatores

565 4287 874 4349 nascimur.
958 4288 1109 4347 Nam
1134 4298 1201 4347 ut
1225 4289 1400 4349 homo
1426 4288 1717 4348 hominem
1747 4300 2002 4368 generat,
2028 4300 2086 4351 et
2111 4290 2374 4369 leprosus
2401 4292 2696 4369 leprosum
2719 4312 2734 4367 ;
2765 4291 2976 4349 mirum

564 4368 755 4428 videri
800 4388 918 4428 non
966 4368 1155 4444 debet,
1201 4368 1250 4428 si
1295 4378 1561 4447 peccator
1604 4377 1966 4448 peccatorem
2012 4370 2186 4431 etiam
2231 4371 2343 4430 sibi
2393 4371 2642 4431 similem
2689 4380 2974 4448 procreat.

566 4449 701 4509 Hoc
728 4457 788 4509 et
814 4458 1021 4509 natura
1048 4457 1107 4509 et
1135 4448 1387 4510 conditio
1416 4451 1675 4510 omnium
1703 4452 2104 4530 generantium
2130 4452 2404 4528 postulat,
2435 4452 2537 4529 qui
2565 4452 2819 4530 gignunt
2861 4451 2976 4509 sibi

565 4530 753 4590 simile
782 4531 990 4608 specie,
1023 4530 1215 4609 quoad
1243 4531 1625 4590 substantiam
1654 4540 1712 4590 et
1739 4532 2061 4591 accidentia
2089 4531 2317 4610 speciei,
2343 4541 2402 4591 et
2430 4531 2559 4592 Lex
2581 4531 2973 4611 generationis

564 4630 601 4669 a
628 4610 756 4671 Deo
782 4612 988 4691 posits,
1017 4631 1137 4673 non
1162 4612 1354 4673 minus
1380 4620 1513 4691 post
1538 4612 1784 4692 lapsum,
1817 4612 1968 4674 Gen.
2005 4612 2088 4674 ix.
2123 4616 2175 4691 1,
2206 4632 2380 4693 quam
2408 4620 2542 4675 ante
2583 4632 2734 4691 eum,
2765 4612 2968 4690 exigit.
