3300 5225
519 356 596 414 28
1485 367 1669 411 Locus
1696 364 1931 410 ruimus.
2566 344 2816 428 [QUAEsT.
2848 367 2929 410 ιι.

518 510 921 573 illuminante:
1003 508 1124 571 Sed
1149 510 1442 588 quaeritur,
1485 508 1588 568 An
1611 508 1810 569 nullus
1850 507 1927 569 sit
1966 506 2200 568 omnino
2226 507 2355 586 ejus
2380 523 2540 581 usus,
2582 516 2644 568 et
2684 507 2785 566 An
2814 508 2929 567 Ra-

519 591 696 653 tionis
721 589 1112 651 testimonium
1137 590 1310 669 plane
1335 588 1638 668 repudiare
1664 588 1994 666 debeamus,
2024 587 2250 666 quoties
2276 586 2351 645 de
2376 586 2623 647 veritate
2648 585 2748 647 vel
2774 587 2930 647 falsi-

519 680 641 732 tate
667 670 916 749 alicujus
942 669 1232 747 dogmatis
1241 667 1620 747 judicandum
1638 690 1657 745 ς
1698 668 1857 747 quod
1877 667 2217 728 Adversarii
2234 666 2469 742 vellent,
2490 666 2615 725 Nos
2630 685 2930 745 negamus.

601 750 681 811 V.
725 750 892 809 Licet
917 749 1173 809 maxima
1199 747 1278 809 sit
1303 747 1630 809 intellectus
1656 747 1895 809 humani
1934 746 2181 823 caecitas,
2211 754 2433 806 certum
2458 754 2655 806 tamen
2680 755 2772 807 est
2797 747 2930 806 reli-

522 849 670 909 quos
697 830 886 889 adhuc
912 848 1042 889 esse
1067 828 1130 887 in
1155 828 1284 906 ipso
1310 828 1502 888 radios
1542 828 1770 905 aliquos
1794 826 2031 887 luminis
2068 824 2367 901 naturalis,
2394 834 2457 886 et
2482 826 2747 903 quaedam
2774 826 2930 903 prin·

521 910 674 989 cipia
712 928 958 988 quorum
997 907 1321 968 indubitata
1361 916 1454 985 est
1493 907 1726 982 veritas,
1756 906 1951 984 qualia
1992 912 2144 982 sunt,
2184 905 2397 965 Totum
2436 904 2627 983 majus
2666 924 2795 965 esse
2826 926 2935 966 sua

518 998 698 1068 parte,
725 988 1012 1049 Effectum
1033 1006 1352 1066 supponere
1371 1004 1621 1062 causam,
1646 987 1793 1045 Esse
1812 993 1875 1046 et
1892 1004 2009 1044 non
2030 1002 2157 1044 esse
2177 984 2453 1044 terminos
2472 1004 2600 1044 esse
2618 986 2933 1051 ἀνωτάτης

521 1068 631 1130 &c.
659 1076 721 1129 et
745 1069 860 1129 nisi
884 1068 996 1128 hoc
1021 1066 1187 1143 foret,
1229 1066 1406 1127 nullae
1432 1065 1558 1125 dari
1583 1074 1821 1145 possent
1861 1064 2117 1124 scientiae
2156 1072 2258 1123 aut
2283 1070 2437 1123 artes
2475 1083 2583 1124 nec
2622 1066 2933 1143 quicquam

519 1149 664 1209 certi
708 1157 864 1209 esset
909 1147 972 1206 in
1013 1165 1204 1207 rerum
1244 1155 1468 1205 natura.
1550 1149 1608 1206 2.
1652 1144 1945 1223 Principia
1984 1145 2100 1204 ista
2140 1162 2259 1202 non
2296 1142 2470 1202 modo
2510 1152 2669 1203 certa
2694 1154 2831 1205 sunt
2870 1145 2933 1204 in

519 1237 740 1304 natura,
771 1227 876 1288 sed
902 1226 1075 1287 etiam
1101 1226 1164 1284 in
1203 1224 1391 1303 gratia
1416 1233 1477 1286 et
1502 1224 1564 1284 in
1589 1225 1883 1303 mysteriis
1922 1223 2060 1283 fidei
2081 1244 2098 1301 ;
2139 1230 2365 1283 tantum
2392 1222 2548 1282 enim
2579 1223 2745 1283 abest
2770 1231 2837 1283 ut
2862 1244 2933 1283 ea

519 1308 778 1367 destruat
802 1306 963 1382 fides,
995 1304 1136 1383 quin
1163 1313 1364 1365 contra
1389 1324 1461 1365 ea
1486 1309 1846 1365 mutuatur'a
1870 1304 2109 1380 ratione,
2138 1311 2199 1362 et
2224 1302 2297 1363 iis
2322 1302 2505 1363 utitur
2530 1301 2606 1361 ad
2632 1303 2928 1363 confirma-

517 1388 732 1447 tionem
758 1384 1096 1463 dogmatum
1123 1404 1378 1445 suorum.
1459 1388 1518 1444 3.
1561 1384 1841 1461 Quamvis
1866 1384 2015 1443 ratio
2040 1392 2101 1443 et
2124 1380 2272 1443 fides
2299 1381 2417 1441 sint
2442 1381 2657 1441 diversi
2692 1382 2927 1460 ordinis,

517 1467 619 1526 illa
641 1466 939 1541 naturalis,
967 1465 1095 1523 haec
1122 1463 1590 1542 supernaturalis,
1617 1482 1738 1522 non
1763 1470 1956 1523 tamen
1977 1470 2114 1523 sunt
2138 1461 2435 1541 oppositae,
2466 1460 2570 1521 sed
2594 1462 2931 1522 relationem

514 1546 731 1606 habent
751 1545 828 1606 ad
853 1563 917 1605 se
943 1542 1210 1620 invicem,
1233 1551 1295 1603 et
1321 1542 1433 1603 sibi
1459 1542 1943 1620 subordinantur3
1984 1542 2132 1603 ratio
2156 1541 2452 1636 perficitur
2476 1560 2514 1601 a
2536 1539 2672 1619 fide,
2700 1551 2761 1603 et
2784 1540 2932 1603 fides

519 1625 794 1704 supponit
816 1624 1117 1699 rationem,
1145 1630 1215 1682 ut
1238 1622 1329 1683 illi
1354 1628 1713 1701 superstruat
1737 1622 2015 1701 mysteria
2040 1631 2261 1699 gratiae.

599 1705 712 1765 VI.
755 1703 930 1763 Ratio
955 1722 1074 1762 non
1099 1710 1292 1781 potest
1315 1720 1424 1762 nec
1449 1701 1624 1762 debet
1647 1722 1727 1762 ex
1752 1721 1907 1781 penu
1934 1720 2039 1762 suo
2058 1700 2342 1780 Mysteria
2366 1719 2711 1778 proponerc3
2742 1699 2930 1762 solum

517 1784 782 1845 Verbum
810 1783 925 1843 Dei
948 1782 1062 1841 hoc
1086 1782 1263 1842 habet
1282 1781 1452 1860 juris,
1481 1789 1542 1843 et
1565 1782 1683 1841 nisi
1707 1781 1843 1842 inde
1867 1788 2152 1861 petantur,
2182 1800 2253 1841 eo
2279 1781 2407 1859 ipso
2433 1780 2748 1859 rejicienda
2774 1790 2927 1859 sunt,

519 1865 655 1927 Gal.
684 1863 722 1924 i.
753 1865 811 1923 8.
893 1867 952 1923 2.
982 1863 1116 1922 Non
1140 1860 1430 1923 audienda
1455 1868 1545 1922 est
1569 1862 1717 1922 ratio
1744 1862 1972 1940 quoties
2010 1860 2271 1939 queritur
2296 1878 2359 1920 se
2384 1879 2502 1919 non
2528 1878 2699 1940 posse
2726 1880 2931 1938 capere

517 1943 796 2024 mysteria
818 1941 996 2021 fidei5
1039 1942 1139 2021 qui
1166 1941 1322 2001 enim
1346 1940 1634 2002 infinitum
1652 1949 1951 2020 caperetur
1976 1960 2014 2000 a
2038 1940 2201 1999 finito
2222 1943 2253 1999 P
2331 1939 2503 2000 Velle
2524 1959 2664 2017 ergo
2691 1940 2930 2017 rejicere

517 2024 810 2103 mysteria,
840 2022 978 2101 quia
1001 2040 1040 2081 a
1063 2020 1286 2082 ratione
1324 2020 1456 2099 capi
1479 2040 1598 2080 non
1621 2028 1883 2100 possunt,
1924 2040 2045 2080 non
2068 2019 2241 2079 modo
2268 2025 2359 2079 est
2383 2038 2620 2098 peccare
2647 2018 2710 2077 in
2734 2018 2927 2097 fidem,

518 2104 623 2163 sed
649 2112 710 2163 et
734 2102 796 2162 in
822 2102 1120 2178 rationem,
1151 2120 1282 2179 quae
1309 2120 1373 2162 se
1399 2099 1620 2161 finitam
1647 2109 1709 2160 et
1732 2100 1908 2179 longe
1936 2099 2264 2159 inferiorem
2290 2099 2554 2177 agnoscit
2586 2099 2930 2159 sublimibus

516 2182 644 2243 istis
669 2181 979 2261 mysteriis.
1061 2184 1119 2242 3.
1162 2182 1220 2240 N
1220 2200 1297 2240 on
1335 2179 1622 2241 audienda
1661 2187 1753 2241 est
1789 2180 2020 2258 quoties
2058 2179 2168 2239 sub
2200 2186 2486 2256 praetextu
2524 2180 2930 2255 mysteriorum

515 2262 650 2322 fidei
674 2262 936 2341 proprios
963 2280 1184 2321 errores
1209 2260 1341 2321 vult
1365 2260 1638 2338 stabilire,
1670 2258 1985 2321 evertendo
2023 2258 2326 2319 veritatem
2364 2256 2747 2318 indubitatam
2772 2260 2928 2336 prin-

516 2342 795 2420 cipiorum
820 2340 1058 2403 luminis
1082 2340 1380 2417 naturalis,
1409 2340 1536 2401 sive
1561 2339 1756 2419 quoad
1775 2358 1869 2400 res
1895 2358 2052 2398 mere
2072 2338 2382 2414 naturales,
2412 2338 2538 2397 sive
2554 2337 2747 2415 quoad
2772 2356 2929 2397 mere

516 2422 1006 2501 supernaturales,⁸
1025 2420 1150 2481 sive
1177 2420 1370 2499 quoad
1393 2420 1624 2496 mixtas,
1656 2440 1786 2497 quae
1814 2419 2002 2497 gratia
2026 2426 2322 2479 mutuatur
2346 2424 2603 2477 anatura
2626 2416 2705 2476 ad
2728 2436 2829 2476 eas
2854 2416 2932 2477 ad

516 2520 686 2601 usum
701 2500 1128 2591 transferendas
1137 2521 1164 2591 .²
1197 2500 1391 2592 nHinc
1409 2508 1568 2591 recta
1585 2501 1735 2591 ratio
1760 2498 1903 2558 talia
1920 2505 2247 2591 commenta
2263 2496 2437 2557 debet
2456 2495 2710 2573 rejicere,
2729 2503 2929 2575 utpote

516 2605 789 2738 “mfm
813 2598 945 2641 ‘mm
971 2596 1269 2718 Pm‘iffiff
1295 2576 2369 2736 fflssffflffimffiffl‘fflei
2393 2655 2773 2735 multiplicem
2798 2673 2928 2717 esse

582 2725 941 2830 R‘ffi'w
1037 2744 1210 2798 antea
1253 2736 1464 2813 visum,
1512 2735 1588 2798 ad
1639 2736 2101 2813 illustrationem,
2158 2734 2545 2812 collationem,
2590 2736 2926 2814 illationem,

631 2799 666 2843 Ρ
865 2814 880 2831 '
1035 2816 1470 2895 probationem:
1553 2817 1634 2878 Et
1670 2816 1948 2897 probatur
1985 2815 2223 2894 insuper
2266 2818 2319 2875 1.
2366 2833 2461 2876 ex.
2495 2818 2525 2874 1
2558 2816 2689 2876 Cor.
2731 2835 2793 2876 x.
2833 2819 2926 2877 15.

517 2896 620 2957 ubi
647 2894 968 2975 Apostolus
1006 2906 1284 2975 provocat
1309 2895 1386 2956 ad
1404 2895 1691 2974 judicium
1732 2895 2176 2972 Corinthiorum,
2218 2915 2338 2955 non
2375 2895 2549 2954 modo
2590 2895 2926 2972 Doctorum,

519 2976 624 3037 sed
649 2984 710 3037 et
733 2974 939 3054 plebis.
1021 2979 1080 3036 2.
1108 2975 1184 3036 ab
1209 2976 1492 3054 exemplis
1520 2975 1736 3036 Christi
1761 2985 1821 3036 et
1842 2975 2257 3054 Apostolorum
2284 2993 2353 3034 ac
2370 2973 2804 3053 Prophetarum,
2829 2977 2931 3053 qui

517 3057 734 3134 ubique
761 3055 1173 3116 ratiocinantur
1199 3055 1274 3114 ad
1299 3055 1560 3116 docenda
1583 3056 1861 3134 mysteria
1874 3054 2049 3115 fideiz
2132 3055 2257 3114 Nec
2276 3053 2583 3114 dicendum
2610 3075 2729 3113 non
2754 3055 2929 3114 licere

517 3136 595 3195 ab
619 3135 738 3194 illis
757 3133 858 3212 qui
881 3135 1210 3210 θύπιυποι,
1239 3135 1316 3194 ad
1341 3155 1448 3195 nos
1469 3135 1857 3213 argumentari
1883 3134 1985 3213 qui
2010 3133 2315 3210 fallibiles3
2346 3133 2483 3212 quia
2507 3134 2601 3194 vis
2625 3134 2926 3195 ratiocina-

517 3216 743 3275 tionum
781 3234 899 3274 non
938 3216 1142 3276 nititur
1186 3214 1594 3275 infallibilitate
1640 3214 1955 3293 probantis,
2000 3212 2105 3273 sed
2144 3213 2231 3272 rei
2270 3212 2581 3273 evidentia.
2664 3217 2722 3274 3.
2764 3233 2860 3274 ex.
2894 3217 2923 3273 1

515 3295 694 3356 Joan.
722 3295 803 3354 iv,
837 3298 889 3355 1.
917 3293 1019 3354 ubi
1040 3294 1313 3373 jubemur
1327 3297 1584 3373 probare
1606 3294 1853 3372 spirim,
1882 3292 2041 3372 quod
2066 3313 2184 3352 non
2210 3301 2401 3371 potest
2416 3293 2541 3351 fieri
2556 3292 2670 3352 nisi
2690 3293 2929 3354 rationis

519 3373 816 3435 beneficia
897 3377 957 3434 4.
1003 3375 1220 3435 Sensus
1245 3373 1638 3434 testimonium
1665 3392 1782 3433 non
1798 3381 1888 3434 est
1902 3373 2075 3451 plane
2094 3371 2469 3451 rejiciendum
2498 3370 2559 3430 in
2578 3371 2753 3432 rebus
2771 3371 2927 3450 fidei,

515 3463 584 3516 ut
607 3461 812 3533 postea
835 3453 1076 3530 dicetur,
1105 3473 1247 3591 ergo
1274 3473 1382 3514 nec
1406 3453 1663 3528 rationis,
1694 3453 1831 3530 quia
1856 3471 2060 3513 sensus
2086 3460 2177 3513 est
2201 3452 2375 3530 longe
2403 3449 2637 3509 inferior
2662 3452 2901 3512 ratione.

1117 3532 1177 3593 V
1215 3532 1302 3593 11.
1344 3531 1530 3593 Aliud
1555 3540 1646 3592 est
1672 3549 2020 3610 cognoscere
2048 3551 2281 3592 sensnm
2316 3529 2723 3610 propositionis
2750 3530 2928 3592 alicu·

559 3599 967 3703 rontgsmsnolutio-
1031 3613 1151 3693 jue,
1183 3611 1368 3673 Aliud
1395 3630 1746 3690 cognoscere
1784 3611 1916 3689 ejus
1953 3611 2296 3688 veritatem3
2338 3608 2516 3688 priori
2546 3609 2722 3669 modo
2746 3610 2925 3690 respi-

513 3769 776 3832 Verbum
801 3769 1067 3834 divinum
1092 3781 1152 3833 et
1177 3771 1516 3834 infallibilez
1597 3769 1773 3832 Ratio
1798 3789 1953 3832 circa
1966 3769 2129 3849 prius
2154 3777 2484 3848 occupatur,
2507 3767 2613 3830 sed
2636 3767 2783 3830 fides
2803 3777 2926 3830 tan-

514 3859 640 3908 tum
664 3850 820 3908 circa
841 3853 1147 3926 posterius.

598 3926 720 3986 IX.
763 3927 948 3988 Aliud
961 3939 1054 3991 est
1071 3951 1192 3990 rem
1209 3930 1462 4008 aliquam
1481 3949 1610 3992 esse
1629 3929 2244 4008 incomprehemffiaem,
2266 3947 2398 4007 quoe
2418 3927 2547 4007 capi
2572 3945 2690 3988 non
2708 3928 2927 4006 possit3

519 4005 704 4065 Aliud
729 4023 858 4098 esse
899 4007 1386 4085 incompossibilem
1413 4029 1544 4086 quae
1569 4010 1797 4103 concipi
1822 4029 1941 4069 non
1986 4018 2201 4086 queat:
2284 4009 2571 4086 Mysteria
2608 4007 2927 4081 Trinitatis,

519 4084 938 4146 Incarnatlonis
955 4094 1014 4146 et
1035 4086 1564 4148 Praedestinationis
1583 4095 1721 4147 sunt
1738 4088 2352 4167 incomprehensibilia,
2373 4106 2617 4164 quorum
2636 4087 2930 4146 notionem

517 4172 742 4222 tantum
771 4163 1073 4224 obscuram
1099 4173 1160 4226 ct
1184 4165 1576 4242 imperfectam
1600 4166 1815 4226 habere
1841 4187 2181 4245 possumus;
2229 4167 2345 4228 Sed
2378 4167 2719 4246 figmentum
2744 4165 2926 4224 Tran-

519 4242 1014 4304 snbstantiationis
1039 4245 1137 4305 vel
1164 4244 1539 4322 Ubiquitatis,
1582 4244 1808 4324 concipi
1836 4265 1953 4305 non
1992 4255 2185 4324 potest
2218 4253 2452 4325 propter
2491 4243 2928 4322 repugnantiam

516 4322 844 4386 naturalem
861 4321 1192 4386 intellectus
1215 4324 1400 4384 nostri
1424 4323 1488 4384 in
1515 4324 1889 4401 concipienda
1913 4345 1977 4384 re
2002 4325 2233 4403 penitus
2258 4323 2619 4402 impossibili.

599 4401 684 4462 X.
729 4401 902 4462 Ratio
929 4411 1198 4481 corrupta
1227 4412 1289 4462 et
1325 4402 1389 4462 in
1414 4409 1682 4463 concreto
1720 4413 1913 4482 potest
1950 4424 2271 4483 repugnare
2298 4403 2653 4482 Theologiae,
2680 4403 2787 4463 sed
2811 4420 2929 4462 non

513 4500 656 4542 sana
681 4489 742 4542 et
765 4479 830 4539 in
855 4481 1160 4558 abstracto,
1190 4501 1321 4560 qnae
1345 4489 1539 4558 potest
1575 4482 1853 4559 mysteria
1876 4483 2142 4562 ignorare
2168 4493 2229 4545 et
2254 4502 2372 4542 non
2412 4483 2638 4560 docere,
2668 4482 2773 4543 sed
2811 4500 2929 4543 non

515 4560 712 4620 statim
752 4579 824 4620 ea
863 4578 1078 4640 negare
1119 4561 1408 4622 censenda
1452 4569 1559 4622 est.
1643 4563 1729 4624 Ut
1775 4563 1925 4622 male
1970 4563 2213 4642 colliges
2260 4561 2558 4622 Medicum
2604 4579 2928 4642 repugnare

514 4641 558 4699 J
561 4639 964 4718 urisconsulto,
1008 4640 1145 4718 quia
1182 4640 1347 4720 leges
1371 4659 1489 4700 non
1529 4641 1685 4719 citat,
1718 4641 1803 4702 sic
1828 4662 1935 4702 nec
1974 4641 2363 4719 Philosophus
2390 4640 2691 4718 Theologo
2716 4659 2925 4720 repug-

511 4728 629 4796 nat,
660 4719 795 4779 licet
823 4719 1098 4799 mysteria
1123 4721 1252 4800 ejus
1279 4740 1396 4780 non
1423 4728 1644 4798 tractet,
1676 4730 1735 4782 et
1760 4741 1935 4811 supra
1961 4741 2023 4782 se
2052 4741 2179 4782 esse
2206 4729 2501 4798 agnoscat.

1037 3693 1189 3753 citur
1242 3691 1632 3770 Evangelium
1676 3688 2017 3786 simpliciter
2061 3698 2130 3751 ut
2180 3690 2461 3766 Verbum,
2516 3688 2820 3768 posteriori
2862 3698 2929 3750 ut
3040 3737 3049 3746 .
