3300 5225
325 327 544 379 cumsr.
577 311 689 394 vn]
1334 331 1411 373 nr.
1441 295 1723 375 peccaro,
2403 355 2410 360 -
2615 316 2730 374 547

582 528 609 554 ‚·
736 529 746 542 ,
932 473 1043 534 IV.
1088 473 1288 552 Atque
1314 475 1452 534 hinc
1480 474 1704 552 peccati
1732 473 1898 533 istius
1925 469 2183 551 gravitas
2211 473 2377 532 facile
2419 473 2730 552 colligitur,

324 524 809 646 Undgffigixffifju.
850 563 1050 614 contra
1076 575 1193 631 eOS,
1213 554 1314 632 qui
1328 555 1477 614 illud
1496 554 1725 614 veniale
1746 561 1805 613 et
1824 553 2206 613 leviusculum
2227 554 2403 613 fuisse
2431 563 2696 614 asserunt
2714 578 2730 632 ς

848 634 997 694 Tum
1027 655 1101 694 ex
1128 644 1291 713 parte
1320 655 1585 711 personae
1618 634 1919 710 peccantis,
1951 653 2080 710 quse
2112 641 2201 692 tot
2227 633 2461 694 dotibus
2488 643 2611 693 erat
2637 655 2728 694 or-

322 719 478 786 nata,
510 719 599 771 tot
623 712 919 773 beneficiis
946 713 1170 790 affecta,
1202 716 1389 774 omnis
1416 715 1547 774 vitii
1574 733 1800 792 experS,
1825 722 1884 773 et
1911 713 2098 772 omnis
2123 713 2264 771 boni
2283 713 2394 792 ipsi
2421 714 2733 776 necessarii

322 791 611 869 particeps
634 814 650 869 ;
694 793 843 852 Tum
861 814 937 853 ex
962 802 1125 872 parte
1154 795 1361 871 objecti,
1392 794 1545 853 circa
1570 793 1730 872 quod
1745 792 2028 871 peccavit,
2049 813 2084 852 a
2103 813 2220 872 quo
2246 793 2414 852 facile
2443 794 2732 853 abstinere

323 870 607 947 potuisset
650 871 711 929 in
754 880 917 932 tanta
958 874 1199 933 aliorum
1246 875 1535 934 fructuum
1580 873 1762 952 copia,
1793 882 1860 933 ut
1901 893 2115 950 magna
2141 873 2314 932 fuerit
2350 875 2410 931 in
2437 875 2731 951 peccando

322 949 616 1027 iniquitas,
663 952 766 1011 ubi
810 959 974 1012 tanta
1016 961 1139 1013 erat
1180 973 1298 1012 non
1340 952 1621 1031 peccandi
1663 953 1926 1027 facilitas,
1957 961 2023 1013 ut
2062 953 2320 1029 loquitur
2344 954 2688 1030 Anqustinus
2705 977 2732 1027 ,-

324 1030 476 1088 Tum
504 1050 579 1089 ex
605 1041 769 1109 parte
796 1034 965 1110 Leqis
991 1033 1227 1109 violatoe,
1259 1054 1388 1111 quae
1416 1032 1527 1093 fuit
1564 1051 1684 1091 non
1718 1033 2000 1110 specialis,
2032 1032 2134 1092 sed
2161 1033 2525 1110 universalia,
2556 1053 2731 1111 quam

324 1109 599 1170 violando
628 1120 687 1171 et
714 1113 775 1170 in
788 1113 994 1188 Deum,
1020 1120 1078 1172 et
1105 1113 1165 1170 in
1193 1122 1473 1190 posteros,
1496 1121 1556 1171 et
1581 1113 1641 1169 in
1667 1111 1936 1189 seipsum,
1961 1112 2217 1189 graviter
2235 1113 2536 1189 peccavit3
2581 1113 2732 1172 Tum

325 1209 401 1248 ex
428 1199 591 1267 parte
619 1202 792 1268 actus,
824 1193 917 1269 cuj
924 1213 992 1251 us
1020 1212 1244 1252 summa
1270 1193 1381 1252 fuit
1406 1192 1680 1270 pravitas,
1711 1191 1908 1250 totalis
1948 1199 2103 1270 puta,
2135 1191 2470 1252 conculcato
2497 1192 2733 1252 foederis

326 1269 609 1346 symbolo,
642 1291 678 1330 a
706 1273 833 1332 Deo
861 1273 1165 1350 apostasia,
1198 1280 1257 1332 et
1284 1272 1491 1348 cordis,
1523 1271 1657 1347 oris,
1689 1290 1755 1329 ae
1783 1271 1974 1349 operis
2001 1272 2310 1349 conjuncta
2329 1272 2403 1330 ab
2425 1271 2612 1330 officio
2631 1271 2729 1331 de-

326 1349 563 1408 clinatio
586 1373 601 1427 3
666 1352 817 1412 Tum
864 1371 940 1411 ex
984 1363 1146 1431 parte
1192 1353 1312 1427 loci,
1344 1360 1404 1411 et
1446 1352 1726 1429 temporis,
1758 1351 1896 1428 quia
1921 1351 2026 1410 vix
2069 1371 2102 1410 e
2148 1352 2436 1411 Creator-is
2462 1352 2731 1412 manibus

326 1447 613 1506 egressus,
634 1439 693 1490 et
718 1433 779 1489 in
808 1432 1074 1510 paradiso
1103 1431 1491 1491 amoenissimo
1518 1431 1759 1509 positus,
1779 1430 1855 1489 ad
1881 1431 2214 1490 tentationis
2241 1431 2518 1509 impetum
2536 1432 2732 1491 statim

328 1509 617 1587 concidit3
662 1511 813 1571 Tum
840 1531 915 1570 ex
943 1519 1107 1589 parte
1134 1515 1452 1587 effectorum
1479 1518 1539 1570 et
1566 1531 1872 1588 poenarum
1911 1511 2383 1586 tristissimamm,
2415 1531 2544 1589 quae
2585 1511 2733 1572 illud

328 1598 653 1650 consecutae
700 1600 851 1668 sunt,
903 1592 1013 1653 sub
1061 1611 1304 1670 quarum
1351 1590 1605 1670 pondere
1653 1590 1966 1650 etiamnum
2008 1590 2182 1650 hodie
2221 1591 2494 1652 universa
2527 1599 2735 1652 natura

369 1668 525 1729 emit.

326 1687 369 1744 g
410 1748 487 1807 V.
534 1749 599 1809 Si
625 1752 902 1828 quaeritur
927 1771 1098 1830 porro
1126 1752 1417 1830 quodnam
1459 1751 1633 1812 fuerit
1659 1750 1905 1829 initium,
1937 1771 2038 1811 seu
2078 1751 2297 1829 primus
2326 1752 2542 1830 gradus
2568 1753 2738 1812 istius

328 1829 569 1905 peccati,
600 1851 717 1889 non
744 1832 1111 1891 consentiunt
1138 1832 1439 1910 Theologi,
1470 1832 1609 1892 dum
1636 1833 1738 1890 alii
1763 1833 1826 1890 in
1847 1831 2218 1892 sensualitate
2239 1833 2612 1908 constituunt,
2637 1831 2739 1890 alii

328 1908 392 1966 in
418 1909 734 1986 voluntate,
766 1911 866 1970 alii
892 1912 954 1969 in
979 1911 1297 1971 inteUectu.
1381 1911 1661 1986 Quamvis
1688 1932 1828 1971 vero
1869 1911 2042 1970 anxie
2068 1911 2415 1990 litigandum
2443 1933 2560 1972 non
2601 1931 2734 1972 cen-

330 2007 574 2063 seamus,
606 2009 779 2067 super
805 1990 1004 2049 ordine
1032 1991 1273 2050 istorum
1294 1999 1543 2067 actuum,
1574 1991 1675 2050 vel
1693 1991 1880 2068 primo
1912 1991 2082 2051 istius
2101 1992 2324 2069 peccati
2350 1992 2553 2068 gradu,
2577 1991 2736 2070 quod

330 2068 393 2126 in
430 2067 679 2145 plurium
708 2077 957 2145 actuum,
988 2077 1053 2130 ut
1086 2071 1207 2147 jam
1240 2071 1476 2146 dictum,
1507 2071 1946 2148 complicatione
1988 2071 2267 2146 consistit,
2299 2080 2358 2130 et
2397 2073 2548 2131 inter
2589 2091 2736 2149 quos

331 2156 553 2207 naturae
593 2149 786 2227 potius
814 2169 987 2227 quam
1015 2150 1297 2226 temporis
1318 2150 1576 2210 diuturni
1602 2149 1974 2208 intervallum
2013 2150 2372 2226 intercessit3
2417 2150 2737 2210 Possumus

331 2236 526 2287 tamen
553 2237 678 2288 tuto
706 2249 959 2289 asserere
987 2230 1235 2306 primum
1264 2229 1509 2307 gradum
1535 2229 1706 2289 istius
1725 2229 1965 2307 peceati,
1989 2249 2097 2288 nec
2117 2230 2489 2307 quaerendum
2518 2250 2645 2290 esse
2673 2231 2735 2289 in

332 2309 541 2366 actibus
568 2311 812 2369 externis
837 2309 1219 2385 locomotivae,
1250 2310 1352 2387 qui
1379 2309 1454 2368 ad
1480 2310 1882 2369 executionem
1909 2317 2134 2369 tantum
2173 2311 2496 2386 pertinent;
2539 2329 2646 2369 nee
2675 2310 2738 2368 in

332 2389 543 2447 actibus
568 2390 816 2465 inter-nia,
846 2390 944 2448 vel
970 2389 1276 2467 appetitus,
1306 2389 1405 2448 vel
1430 2390 1766 2466 voluntatis,
1798 2389 1936 2465 quia
1962 2389 2201 2447 obnoxii
2227 2389 2288 2446 in
2321 2389 2423 2448 illo
2453 2398 2606 2450 statu
2634 2390 2735 2449 ad-

332 2467 447 2526 huc
488 2478 652 2528 erant
678 2469 1013 2544 intellectui,
1046 2470 1213 2546 eujus
1255 2478 1345 2528 est
1368 2474 1426 2528 τὶ
1454 2471 1722 2546 §quanin
1772 2469 1890 2527 Sed
1915 2467 2340 2527 ascendendum
2369 2489 2497 2528 esse
2538 2470 2615 2528 ad
2641 2490 2736 2528 ac-

334 2556 421 2606 tus
431 2550 729 2622 facultatis
754 2550 1051 2626 directivoe,
1084 2549 1305 2608 seilicet
1330 2550 1676 2624 intellectus,
1708 2547 1785 2606 ad
1811 2567 1982 2625 quem
2007 2549 2260 2626 pertinet
2277 2548 2540 2626 judicare
2562 2549 2635 2608 de
2655 2549 2740 2608 rei

333 2629 577 2689 veritate
604 2630 702 2689 vel
727 2630 996 2705 falsitate,
1027 2638 1087 2690 et
1113 2630 1175 2687 in
1202 2650 1375 2707 quem
1401 2630 1628 2707 proprie
1657 2628 1813 2687 cadit
1839 2648 2012 2703 error,
2037 2636 2098 2687 et
2115 2629 2506 2706 incredulitas,
2530 2650 2660 2709 quae
2676 2631 2739 2689 in

330 2708 445 2768 isto
472 2718 711 2786 peccato
737 2710 952 2788 primas
978 2717 1155 2770 tenet.
1239 2710 1406 2769 Licet
1432 2718 1625 2769 autem
1652 2709 1826 2767 homo
1846 2708 2132 2785 judicium
2172 2708 2331 2767 istud
2356 2729 2474 2767 non
2501 2710 2737 2786 invitus,

333 2787 438 2848 sed
464 2788 672 2849 lubens
700 2798 759 2849 et
774 2790 979 2849 volens
1005 2789 1223 2867 fecerit,
1245 2810 1363 2849 non
1392 2789 1654 2867 sequitur
1670 2796 1974 2866 propterea
1999 2788 2176 2849 fuisse
2194 2797 2386 2849 actum
2403 2789 2737 2868 voluntatis,

331 2887 451 2928 non
476 2868 823 2930 intellectus.

332 2983 578 3087 Pfimzffi
602 2985 819 3089 iffi?
859 2948 2742 3107 103⁷ssfflffiissfftssffifflffdpffissffb{³331ssss‘ffssidfflffiss

390 3056 521 3144 m·
862 3109 1266 3185 conjungatur.
1372 3076 1425 3169 l.
1458 3110 1609 3185 Quia
1649 3109 1703 3168 is
1747 3108 1920 3169 debet
1948 3075 2242 3169 esse’ordo
2269 3110 2331 3168 in
2356 3117 2610 3186 peccat0,
2642 3110 2746 3186 qui

333 3182 444 3242 fuit
470 3183 531 3242 in
558 3186 897 3245 tentatione.
955 3187 1043 3246 At
1068 3188 1130 3245 in
1150 3189 1467 3249 tentatione
1490 3190 1664 3249 homo
1685 3189 1846 3267 prius
1873 3189 2216 3249 sollicitatus
2244 3189 2356 3248 fuit
2375 3189 2452 3248 ad
2477 3189 2742 3249 incredu-

335 3264 575 3339 litatem,
606 3284 781 3341 quam
808 3266 884 3325 ad
924 3268 1270 3344 superbiam.
1354 3269 1505 3327 Nam
1536 3270 1686 3329 Gen.
1717 3268 1798 3327 iii.
1833 3273 1884 3344 1,
1913 3288 2018 3345 per
2053 3269 2562 3345 interrogationem
2591 3270 2742 3327 Ten-

334 3351 489 3403 tator
514 3363 645 3402 eum
675 3344 947 3405 sollicitat
973 3346 1158 3423 primo
1186 3348 1261 3405 ad
1289 3347 1710 3407 dubitationem
1738 3347 1812 3405 de
1839 3347 2038 3406 Verbo
2069 3348 2218 3423 Dei3
2262 3347 2472 3406 deinde
2501 3348 2577 3406 ad
2617 3349 2745 3426 ejus

334 3422 721 3500 negationem,
751 3445 810 3484 V.
840 3428 897 3502 4,
928 3422 1040 3484 n'on
1066 3427 1393 3501 moriemini,
1424 3435 1734 3503 antequam
1776 3424 1852 3483 ad
1880 3425 2206 3502 superbiam
2242 3426 2444 3485 incitet
2467 3447 2573 3504 per
2609 3447 2744 3504 pro-

334 3503 669 3563 missionem
698 3505 1015 3582 divinitatis,
1045 3507 1285 3565 scientias
1310 3507 1441 3565 boni
1464 3516 1519 3565 et
1541 3506 1697 3580 mali,
1727 3524 1786 3561 v.
1819 3506 1874 3563 5.
2295 3572 2304 3580 ,

417 3582 565 3643 VII.
626 3588 683 3642 2.
714 3584 863 3659 Quia
907 3586 1176 3664 superbia
1218 3586 1279 3643 in
1304 3586 1538 3644 homine
1578 3585 1772 3645 locum
1799 3583 2011 3641 habere
2051 3602 2168 3641 non
2199 3583 2390 3661 potuit
2415 3582 2531 3643 nisi
2555 3584 2747 3661 posita

336 3662 781 3725 incredulitate:
840 3684 974 3723 nam
1018 3665 1277 3743 quandiu
1318 3667 1491 3725 homo
1536 3672 1809 3724 constans
1835 3662 2144 3721 mansisset
2169 3662 2230 3721 in
2256 3662 2371 3721 fide
2398 3663 2584 3723 Verbi
2612 3663 2744 3740 Dei,

335 3762 631 3820 nunquam
660 3744 737 3803 ad
764 3745 1089 3823 superbiam
1115 3745 1335 3822 impelli
1362 3745 1663 3822 potuisset,
1694 3763 1801 3801 nec
1820 3743 2031 3819 jugum
2056 3741 2168 3801 Dei
2189 3751 2474 3819 excutere,
2492 3744 2593 3802 vel
2615 3764 2744 3821 gra-

336 3822 477 3881 dum
494 3824 861 3901 superiorem,
887 3825 1095 3902 partim
1118 3826 1389 3899 scientiae,
1413 3824 1623 3901 partim
1640 3822 2019 3898 excellentiae,
2040 3820 2308 3881 affectare
2329 3842 2504 3881 ausus
2521 3822 2742 3898 fuisset,

336 3902 451 3961 nisi
477 3903 999 3964 interminationem
1027 3904 1231 3965 mortis
1257 3903 1565 3964 interdicto
1592 3903 1878 3983 adjectam
1905 3921 2024 3961 non
2051 3900 2392 3961 credidisset
2410 3922 2628 3979 veram,
2652 3904 2749 3963 vel

338 3982 541 4041 saltem
571 3984 644 4043 de
671 4003 743 4042 ea
768 3984 1109 4044 dubitasset.
1444 4012 1447 4015 ·
1638 4034 1641 4039 .
2498 4012 2504 4019 ·

420 4062 604 4122 VIII.
666 4067 722 4122 3.
769 4064 919 4140 Quia
950 4064 1247 4142 Scriptura
1289 4071 1589 4140 peccatum
1632 4060 1884 4122 hominis
1923 4081 2028 4139 per
2052 4059 2420 4132 seductionem
2457 4062 2747 4140 exprimit,

232 4220 235 4223 .
340 4144 375 4199 2
409 4141 668 4201 Corinth.
697 4143 779 4202 xi.
810 4146 865 4219 3,
897 4151 957 4203 et
988 4147 1017 4202 1
1050 4144 1302 4202 Timoth.
1331 4142 1391 4201 ii.
1427 4147 1519 4220 14,
1550 4151 1610 4203 et
1636 4142 1960 4202 calliditatis
1985 4142 2267 4220 serpentis
2293 4141 2643 4201 mentionem
2665 4142 2748 4200 fa-

340 4221 437 4296 cit,
470 4222 685 4281 Genes.
715 4222 797 4281 iii.
822 4226 872 4297 1,
904 4243 1035 4300 quae
1062 4230 1187 4282 tota
1211 4223 1463 4301 pertinet
1489 4222 1567 4282 ad
1594 4220 2016 4300 decipiendum.
2103 4221 2337 4298 Quart0,
2368 4222 2506 4298 quia
2531 4222 2752 4299 primus

337 4300 513 4359 homo
563 4301 701 4378 sine,
715 4302 931 4379 insigni
974 4322 1165 4361 errore
1209 4322 1327 4361 non
1352 4303 1543 4380 potuit
1570 4301 1804 4361 credere
1829 4300 2134 4377 pulchrum
2163 4309 2222 4360 et
2247 4302 2465 4360 bonum
2508 4301 2598 4359 illi
2624 4320 2752 4360 esse

337 4399 455 4437 non
484 4380 736 4458 pendere
766 4401 801 4440 a
830 4381 974 4456 Dee,
1006 4402 1137 4441 cum
1165 4383 1277 4441 hoc
1307 4382 1382 4441 sit
1422 4382 1680 4441 omnium
1707 4381 2039 4459 pessimum.
2125 4380 2357 4456 Quinto,
2389 4380 2438 4439 si
2467 4379 2753 4439 Diabolus

338 4460 525 4536 primo
570 4460 909 4519 sollicitavit
947 4462 1242 4519 hominem
1269 4459 1344 4518 ad
1386 4460 1731 4539 superbiam,
1762 4459 1858 4518 vel
1899 4458 2146 4519 credidit
2188 4459 2371 4535 ipsius
2410 4459 2624 4533 verbis,
2655 4458 2753 4527 vel

337 4558 485 4615 non;
530 4540 582 4597 si
610 4540 871 4617 credidit,
902 4560 971 4599 eo
1000 4541 1126 4619 ipso
1154 4542 1370 4601 erravit
1378 4564 1397 4620 ς
1440 4541 1489 4601 si
1516 4560 1634 4601 non
1663 4538 1924 4617 credidit,
1954 4559 2071 4598 non
2097 4538 2287 4617 potuit
2312 4536 2579 4599 affectare
2607 4536 2756 4597 illud

338 4617 496 4695 quod
525 4639 561 4677 a
591 4612 841 4681 Diabolo
870 4618 1312 4699 proponebatur.
