3300 5225
525 371 658 413 XXX
1386 368 1648 415 ORATIO
1686 368 2055 415 FUNEBRIS.

517 524 880 608 gravissimo
913 525 1102 590 dolori
1143 548 1487 607 quaeramus
1535 530 1853 606 medelam,
1898 550 1971 594 ac
2002 529 2491 611 quandoquidem
2530 529 2727 607 nobis,
2768 529 2917 594 licet

519 625 1031 701 balbutientibus,
1081 625 1272 689 Tanti
1302 625 1445 689 Viri
1491 626 1667 691 locus
1713 628 1884 691 venit
1935 628 2344 708 occupanduS,
2398 618 2484 693 sit
2534 626 2639 691 ille
2685 633 2915 693 nostrae

493 722 734 803 primae
769 728 911 803 post
939 723 1124 786 ferias
1153 725 1564 804 praelectionis
1594 732 2023 807 argumentum
2047 746 2064 800 3
2108 725 2361 791 Etenim
2394 728 2550 789 bene
2574 745 2647 789 ac
2674 726 2913 807 sapien-

518 829 619 884 ter
668 820 1074 884 instituerunt
1102 821 1386 903 Veteres,
1429 829 1504 884 ut
1541 822 1854 886 hominum
1903 822 2255 900 illustrium,
2307 824 2413 907 qui
2458 825 2646 888 rebus
2698 824 2911 905 gestie,

519 925 630 981 aut
659 918 1000 982 studiorum
1024 920 1388 999 praestantia
1408 920 1858 997 inclaruissent,
1884 942 1964 985 ne
1984 922 2203 985 funera
2226 920 2471 1001 quidem
2500 921 2701 984 tacita
2729 922 2911 986 duce-

518 1022 758 1097 rentur,
791 1017 900 1079 sed
945 1018 1076 1081 haec
1111 1038 1350 1098 quoque
1405 1018 1788 1081 laudantium
1820 1019 2159 1099 exequialis
2188 1019 2383 1083 honos
2412 1026 2908 1099 prosequeretur.

517 1114 684 1194 Ipsis
731 1113 908 1177 Indis
959 1115 1080 1178 alio
1134 1115 1278 1179 Sole
1328 1116 1671 1179 calentibus
1718 1116 1915 1197 viguit
1960 1118 2355 1193 consuetudo,
2408 1123 2484 1179 ut
2531 1122 2913 1180 mortuorum

518 1211 734 1274 Vitam
765 1232 1084 1292 moresque
1115 1234 1228 1293 pro
1256 1214 1492 1277 foribus
1527 1214 1742 1279 domus
1774 1215 1909 1294 ipse
1940 1215 2319 1279 describeret
2352 1212 2796 1296 Magistratus3
2848 1221 2915 1278 et

520 1308 678 1385 Quis
735 1309 871 1372 XII
924 1309 1297 1374 Tabularum
1347 1311 1534 1393 Legis
1593 1312 1916 1387 sancitum,
1968 1312 2146 1393 cujus
2193 1311 2475 1377 meminit
2526 1312 2781 1387 Tullius,
2840 1333 2913 1377 ac

515 1394 870 1471 Graecorum
921 1412 1176 1484 Ἰάλεμον
1227 1410 1514 1490 ignorati
1615 1408 1940 1473 Barbarici
1999 1410 2228 1491 quippe
2290 1410 2495 1491 operis
2556 1409 2910 1488 Mausolaea,

514 1504 815 1586 Phrygios
851 1504 1105 1587 lapides,
1153 1527 1304 1570 saxo
1334 1513 1444 1569 aut
1477 1528 1600 1571 aere
1633 1513 1877 1570 structa
1905 1514 2319 1583 monumenta,
2354 1508 2570 1572 tabida
2600 1514 2788 1588 atque
2819 1508 2915 1571 in-

513 1602 752 1665 vidiosa
783 1603 1090 1687 consumit
1113 1611 1429 1685 vetustas3
1483 1612 1552 1668 at
1585 1606 1771 1668 durat
1802 1612 2093 1686 exempta
2123 1608 2387 1669 fortunae
2420 1605 2645 1671 merita
2675 1607 2811 1669 laus
2844 1612 2911 1669 et

515 1700 882 1781 praedicatio
915 1700 1230 1765 virtutum.

613 1797 810 1875 QUOD
847 1798 897 1861 si
932 1800 1119 1863 moris
1152 1806 1310 1882 erat,
1345 1807 1512 1865 teste
1539 1798 1947 1877 Str-idonensi,
1985 1808 2023 1836 “
2040 1806 2115 1863 ut
2144 1820 2337 1883 supra
2366 1800 2666 1867 cadavera
2691 1821 2910 1881 paren-

511 1900 646 1958 tum
673 1896 742 1958 in
771 1896 1062 1961 concione
1086 1918 1202 1977 pro
1219 1898 1442 1963 rostris
1468 1899 1681 1963 laudes
1702 1898 1883 1962 liberi
1920 1898 2216 1974 dicerent,
2240 1905 2306 1962 et
2333 1898 2533 1963 instar
2562 1900 2913 1982 lugubrium

512 1993 848 2057 carminum
899 1995 980 2056 ad
1033 1996 1214 2061 fletus
1269 2003 1336 2061 et
1391 1997 1659 2079 gemitus
1707 1996 2089 2059 audientium
2138 2002 2395 2077 pectora
2444 1996 2829 2063 concitarent
2851 1993 2909 2071 ;''

511 2090 739 2168 Quidni
788 2086 1097 2157 hodierna
1128 2093 1230 2157 die
1256 2094 1423 2159 idem
1453 2094 1717 2159 officium
1749 2100 2111 2175 praestarem
2143 2094 2662 2160 desideratissimo
2692 2095 2911 2159 Avun-

509 2190 669 2266 culo,
719 2188 844 2253 imo
887 2188 1260 2257 Venerando
1304 2192 1498 2269 Patri,
1553 2194 1717 2275 quod
1769 2192 1915 2255 olim
1968 2190 2253 2257 Gaesario
2308 2192 2565 2275 aliisque
2611 2193 2913 2275 praestitit

511 2286 965 2363 Nazianzenus,
1001 2295 1067 2353 et
1113 2288 1529 2373 Hieronymus
1561 2291 1954 2374 Nepotiane,
1989 2297 2178 2371 atque
2219 2291 2334 2355 hoc
2364 2291 2570 2357 seculo
2600 2291 2769 2371 apud
2800 2310 2911 2355 nos

507 2388 804 2467 θαυμασίῳ
834 2388 1019 2451 Bezae
1050 2387 1552 2453 Consultissimus
1585 2389 1860 2465 Lectim,
1915 2388 2302 2453 Clarissimus
2338 2390 2573 2473 Fayus,
2608 2388 2913 2451 Doctissi-

507 2502 644 2547 mus
677 2482 1090 2560 Laurentius,
1125 2492 1192 2547 et
1224 2485 1587 2549 Venerabili
1623 2486 1677 2545 G
1683 2486 1969 2549 culartio
2004 2485 2451 2549 Celeberrimus
2492 2486 2909 2550 Tronchinus.

609 2579 783 2642 Eant
807 2580 912 2642 alii
941 2579 1008 2642 in
1041 2581 1254 2646 laudes
1283 2581 1645 2663 Magnetum
1665 2583 1796 2646 fato
1822 2582 2193 2659 functorum,
2218 2589 2405 2663 atque
2426 2582 2611 2646 meris
2632 2582 2912 2648 moeroris

508 2676 930 2754 imitamentiS,
984 2684 1094 2740 aut
1146 2680 1349 2742 fallaci
1412 2679 1849 2746 Encomiorum
1898 2678 2243 2764 jactatione
2293 2680 2710 2756 blandiantur,
2767 2681 2913 2746 dum

508 2775 642 2838 haec
665 2775 695 2854 j
702 2781 844 2838 usta
874 2775 1100 2857 Mystae
1133 2776 1548 2853 meritissimo,
1583 2797 1657 2842 ac
1691 2777 2055 2842 dulcissimas
2089 2778 2241 2844 mihi
2274 2784 2573 2846 aeternum
2605 2779 2911 2846 memoriae

509 2871 790 2950 Doctori,
825 2873 1188 2954 persolvam.

610 2971 860 3046 Favete,
893 2973 1300 3054 Amplissimi
1335 2973 1698 3051 Proceres;
1754 2971 1949 3050 Quem
1990 2973 2195 3038 vivum
2240 2994 2315 3039 ac
2360 2973 2702 3056 spirantem
2734 2979 2913 3038 tanto

509 3089 650 3134 cum
683 3069 982 3149 applausu
1013 3071 1292 3146 audistis,
1323 3071 1534 3136 audite
1567 3070 1755 3134 etiam
1789 3072 2168 3135 defunctum.

609 3167 863 3243 Favete,
885 3167 1190 3232 Ecclesiae
1213 3175 1278 3231 et
1297 3169 1691 3250 Academioe‚
1720 3169 1899 3250 eujus
1921 3189 2067 3254 pars
2089 3189 2211 3232 non
2233 3188 2426 3250 parva
2441 3169 2581 3245 fuit,
2606 3169 2916 3234 radiantia

511 3263 732 3331 sidera.

611 3361 847 3426 Favete
877 3381 1107 3438 omnes,
1136 3381 1288 3443 quos
1321 3362 1424 3426 hic
1456 3363 1733 3428 funestat
1760 3363 1951 3440 dolor,
1988 3383 2101 3428 nec
2131 3383 2171 3428 a
2196 3383 2293 3428 me
2318 3363 2562 3429 inanem
2583 3365 2912 3428 verborum

511 3465 876 3540 apparatum
901 3459 1264 3539 expectetis.
1343 3459 1620 3544 Lugubri
1645 3468 2012 3543 argumento
2044 3481 2165 3526 non
2190 3461 2559 3527 conveniunt
2584 3468 2915 3528 vernantes

513 3558 844 3620 oratorum
876 3558 1092 3630 flores;
1139 3557 1206 3620 in
1239 3559 1355 3621 hoc
1387 3558 1689 3640 imprimis
1713 3559 2061 3640 justissimo
2094 3558 2287 3636 luctu,
2322 3558 2433 3622 ubi
2464 3559 2714 3640 publica
2746 3558 2915 3624 velut

511 3655 748 3720 orbitas
781 3674 848 3718 se
878 3654 1150 3718 omnium
1178 3653 1371 3719 oculis
1404 3655 1650 3738 ingerit.
1751 3657 1919 3721 Date
1948 3656 2139 3739 igitur
2170 3657 2439 3735 veniam,
2467 3664 2534 3722 et
2566 3655 2718 3720 mihi
2767 3675 2911 3736 par-

510 3754 656 3830 cite,
689 3754 770 3816 ad
803 3753 1127 3816 dolendum
1162 3773 1344 3834 quam
1362 3754 1442 3816 ad
1473 3755 1773 3818 orandum
1801 3755 2122 3836 paratiori.

597 3850 948 3934 QUAMVIS,
961 3851 1152 3930 juxta
1160 3851 1414 3916 Senecae
1430 3854 1703 3929 effatum,
1726 3859 1763 3887 “
1779 3873 1902 3918 non
1921 3852 2111 3916 faciat
2132 3851 2398 3918 nobilem
2420 3849 2649 3916 atrium
2666 3851 2915 3932 plenum

510 3948 764 4014 fumosis
809 3947 1196 4030 imaginibus,
1229 3949 1372 4029 quia
1420 3970 1600 4014 nemo
1647 3950 1714 4012 in
1762 3955 2039 4014 nostram
2086 3949 2343 4031 gloriam
2376 3949 2557 4026 vixit,
2596 3970 2710 4016 nec
2754 3949 2916 4030 quod

511 4053 658 4113 ante
687 4067 798 4112 nos
820 4045 940 4110 fuit
963 4053 1243 4110 nostrum
1273 4053 1369 4110 est
1395 4042 1453 4120 ;’‘
1509 4047 1578 4109 Si
1603 4053 1813 4112 tamen
1837 4047 2087 4110 familiae
2112 4047 2382 4133 dignitas
2409 4048 2735 4130 quicquam
2763 4047 2915 4112 facit

511 4145 592 4208 ad
625 4143 862 4225 justam
905 4143 1165 4208 excelsis
1207 4143 1516 4207 mentibus
1565 4144 2011 4208 conciliandam
2044 4146 2520 4220 venerationem,
2572 4145 2673 4207 Do
2720 4141 2916 4208 nobili

509 4243 708 4324 stirpe
735 4241 984 4324 gloriari
1015 4241 1288 4321 potuisse
1320 4248 1598 4304 nostrum
1629 4240 2071 4306 Turrettinum
2097 4242 2221 4306 illis
2246 4243 2533 4306 omnibus
2558 4248 2771 4304 notum
2794 4245 2914 4316 est,

511 4340 618 4421 qui
675 4341 740 4402 in
796 4345 1156 4419 pervetusta
1209 4339 1474 4404 Lucensi
1532 4338 1883 4419 Republica
1928 4340 2065 4420 ejus
2118 4338 2392 4422 MaJores
2446 4338 2679 4420 primas
2737 4337 2915 4401 sedes

511 4438 784 4501 tenuisse
812 4442 1061 4501 norunt.

609 4535 906 4611 PRIMUS,
927 4533 1031 4614 qui
1053 4539 1300 4598 nostras
1319 4533 1478 4598 Oras
1497 4531 1760 4616 appulit,
1783 4541 1850 4598 et
1869 4533 2135 4601 Genevae
2156 4535 2373 4616 pedem
2395 4532 2557 4610 fixit,
2576 4532 2919 4614 vocabatur

509 4633 896 4698 Franciscus
924 4631 1344 4708 Tun-vettium,
1377 4631 1576 4697 nostri
1611 4632 1887 4700 defuncti
1920 4653 2073 4700 avus
2103 4654 2169 4715 p.
2195 4654 2301 4709 m.‚
2323 4633 2431 4713 qui
2464 4637 2611 4696 ante
2642 4629 2917 4696 seculum
