3300 5225
555 315 674 373 290
1521 326 1705 366 Locus
1734 325 2021 374 QUARTUS.
2610 304 2870 386 [QuAEsr.
2904 327 2963 367 v.

555 511 596 557 '1'
597 512 838 558 erminum
897 509 1008 554 vitae
1155 467 1234 528 V.
1279 467 1556 526 Rationes
1585 474 1736 541 sunt,
1772 470 1825 526 1.
1855 487 1931 526 ex
1959 467 2001 526 J
2006 466 2103 526 obi
2130 465 2251 525 xiv.
2282 467 2339 525 5.
2367 465 2469 524 ubi
2498 465 2689 525 Deum
2712 466 2795 526 sic
2822 468 2965 528 allo-

610 584 715 616 esse
732 571 883 614 fixum
903 583 1008 626 pro-
1079 549 1290 626 quitur,
1318 551 1354 581 ‘⁴
1370 547 1669 625 Siquidem
1692 547 1915 607 definiti
1938 554 2071 606 sunt
2086 546 2211 606 dies
2222 549 2367 624 ejus,
2379 566 2654 606 numerus
2680 548 2967 606 mensium

611 631 773 682 batur,
853 686 864 698 ,
1080 631 1208 708 ejus
1225 637 1416 688 tecum
1433 635 1538 702 est,
1561 635 1779 687 statuta
1796 647 1899 686 seu
1920 627 2425 686 determinationes
2444 626 2573 702 ejus
2590 625 2796 704 fecisti,
2820 647 2968 705 quas

552 686 914 733 1.exJ0b.x1v.
934 684 978 730 5.
1078 729 1247 769 nemo
1271 708 1785 786 transgrediatur‚'’
1804 717 1865 766 et
1892 727 2015 784 cap.
2046 707 2147 764 vii.
2181 710 2233 764 1.
2261 709 2468 766 Nonne
2484 707 2700 782 militia,
2732 727 2836 766 seu
2864 708 2964 767 de-

553 793 922 852 terminatum
949 799 1193 866 tempus,
1243 789 1378 868 (hoc
1423 788 1576 846 enim
1603 813 1704 849 aas·
1744 788 1981 846 innuere
2012 787 2216 864 Pagni.
2248 795 2307 846 et
2335 786 2632 845 Mercerus
2674 796 2876 846 notant
2902 788 2965 846 in

551 873 610 932 h.
639 874 708 954 l.)
739 881 798 932 et
819 881 882 930 ut
917 871 1256 930 mercenarii
1299 871 1417 927 dies
1459 877 1590 926 sunt
1613 869 1733 926 dies
1778 869 1938 942 ejus?
1983 865 2155 926 Unde
2184 866 2479 943 colligitur
2504 866 2630 924 dari
2658 875 2877 926 certum
2904 877 2965 928 et

553 953 996 1012 determinatum
1023 969 1324 1009 numerum
1353 948 1576 1006 dierum
1603 948 1741 1006 vitae
1768 946 2035 1022 hominis,
2067 955 2127 1006 et
2150 945 2306 1005 hunc
2334 967 2369 1004 a
2398 947 2525 1005 Deo
2554 947 2805 1024 positum
2834 967 2961 1007 esse

547 1033 996 1106 immutabiliter,
1027 1040 1092 1089 ut
1119 1049 1288 1088 nemo
1309 1047 1442 1087 eum
1467 1027 1843 1104 praetergredi
1868 1026 2069 1104 possit.
2154 1027 2276 1084 Nec
2298 1026 2489 1104 excipi
2509 1026 2698 1102 debet,
2728 1031 2779 1085 1.
2826 1048 2959 1086 eon-

548 1114 886 1173 ditionatam
915 1131 1041 1170 esse
1067 1110 1434 1184 locutionem,
1465 1116 1702 1185 propter
1740 1107 2081 1184 particulam
2106 1123 2237 1181 *²¹⁸3
2282 1107 2419 1183 quia
2462 1107 2639 1166 series
2686 1107 2962 1168 orationis

550 1193 737 1268 docet,
768 1212 886 1250 non
913 1189 1376 1249 conditionaliter
1401 1208 1528 1246 esse
1558 1186 1912 1262 sumendam,
1962 1186 2065 1246 sed
2092 1186 2507 1262 ratiocinative,
2540 1207 2643 1264 pro
2670 1189 2957 1264 siquidem,

541 1273 654 1332 hoc
683 1293 872 1348 sensu,
909 1269 1400 1347 ‘quandoquidem
1429 1267 1653 1326 definiti
1674 1274 1809 1327 sunt
1834 1267 1960 1326 dies
1986 1267 2255 1342 hominis,
2284 1275 2345 1326 et
2370 1268 2647 1327 terminos
2672 1267 2759 1326 illi
2788 1288 2959 1344 posu·

543 1353 641 1413 isti
669 1353 896 1426 breves,
927 1371 1074 1428 quos
1100 1369 1216 1408 non
1265 1347 1737 1425 transgredietur,
1783 1346 1988 1406 recede
2014 1347 2088 1405 ab
2134 1347 2278 1424 ipso,
2319 1345 2397 1406 id.
2426 1348 2538 1406 hoc
2565 1348 2671 1406 tibi
2700 1348 2961 1408 sufficere

546 1433 735 1509 debet,
767 1429 925 1510 quod
949 1430 1184 1489 miseria
1209 1431 1336 1506 ejus
1364 1428 1498 1487 talis
1547 1429 1624 1486 sit
1670 1447 1773 1504 per
1818 1435 2135 1504 peccatum,
2184 1435 2252 1486 ut
2278 1427 2445 1486 brevi
2484 1425 2689 1486 confici
2730 1428 2955 1505 debeat,

545 1514 694 1572 nihil
719 1522 786 1572 ut
814 1532 958 1591 opus
988 1511 1064 1570 sit
1091 1509 1456 1588 gravioribus
1483 1507 1655 1566 malis
1680 1527 1813 1566 eum
1842 1509 2115 1566 onerare!
2202 1512 2259 1566 2.
2302 1508 2345 1566 J
2348 1507 2523 1566 obum
2550 1508 2711 1584 loqui
2740 1507 2813 1566 de
2840 1516 2954 1568 ter·

545 1595 704 1652 mino
725 1592 1016 1652 communi
1043 1591 1309 1648 humanae
1337 1589 1474 1647 vitae
1502 1588 1758 1664 praefixo,
1791 1607 1963 1668 quem
1991 1587 2278 1646 ordinarie
2308 1587 2601 1666 attingunt
2626 1607 2827 1648 omnes
2854 1590 2955 1665 qui

544 1675 716 1750 culpa
743 1693 848 1733 sua
875 1673 999 1730 dies
1025 1690 1142 1728 non
1171 1670 1528 1729 abbreviant.
1613 1668 1763 1742 Quia
1790 1668 1971 1726 verba
1996 1667 2309 1727 ostendunt
2334 1668 2433 1744 agi
2454 1667 2527 1727 de
2554 1669 2799 1727 termino
2828 1689 2953 1746 spe-

550 1754 684 1812 ciali
713 1755 920 1830 cuique
949 1750 1204 1829 praefixo,
1253 1749 1445 1826 agitur
1492 1748 1646 1807 enim
1691 1747 1764 1806 de
1806 1768 2041 1806 numero
2067 1748 2335 1806 muium
2362 1751 2494 1824 eja,
2524 1748 2599 1808 de
2624 1750 2815 1808 diebus
2842 1752 2957 1824 ejus

543 1843 604 1893 et
632 1833 704 1892 de
735 1834 969 1891 termino
991 1834 1124 1908 ejus.
1196 1833 1252 1889 3.
1298 1829 1463 1887 Licet
1490 1829 1534 1887 J
1537 1828 1683 1886 obus
1710 1828 1983 1904 loquatur
2002 1828 2075 1886 de
2096 1827 2428 1887 definitione
2459 1828 2697 1904 dierum,
2722 1849 2840 1888 non
2864 1830 2953 1888 in-

541 1933 720 1973 nuere
747 1922 941 1972 tamen
969 1930 1084 1987 qua
1111 1911 1330 1968 ratione
1358 1907 1460 1967 illa
1487 1908 1640 1966 facta
1687 1908 1763 1966 sit
1810 1927 1846 1965 a
1870 1909 2029 1984 De03
2060 1917 2119 1967 et
2164 1908 2311 1966 nihil
2338 1907 2567 1969 obstare
2618 1909 2671 1968 si
2696 1909 2954 1969 dicamus

539 1992 932 2053 circumscribi
981 2010 1056 2048 ex
1103 1999 1260 2048 certa
1285 1987 1629 2066 praevisione
1673 1987 1889 2062 divina,
1934 2008 2053 2064 quo
2098 1987 2271 2046 modo
2309 1988 2552 2068 quisque
2580 1999 2841 2048 nostrum
2890 2010 2953 2050 se

538 2083 811 2152 gesturus
837 2073 928 2148 sit,
959 2071 1057 2128 vel
1101 2070 1304 2128 saltem
1333 2089 1409 2128 ex
1433 2067 1747 2149 hypothesi
1789 2068 1929 2128 boni
1967 2068 2065 2126 vel
2112 2067 2253 2125 mali
2296 2088 2438 2128 usus
2482 2069 2703 2128 arbitrii
2749 2071 2951 2129 nostri.

539 2154 690 2229 Quia
717 2150 1060 2230 supponitur
1097 2149 1277 2226 gratis
1305 2146 1693 2207 obedientiam
1721 2148 1818 2206 vel
1866 2145 2331 2224 inobedientiam,
2368 2149 2585 2208 bonum
2611 2149 2711 2208 vel
2734 2150 2951 2208 malum

535 2253 705 2292 usum
747 2233 916 2291 liberi
962 2229 1183 2288 arbitrii
1227 2228 1452 2305 respici,
1500 2229 1673 2304 cujus
1718 2236 1913 2286 tamen
1958 2227 2123 2286 nulla
2167 2228 2233 2288 fit
2278 2228 2531 2288 mentio:
2592 2229 2766 2288 Adde
2794 2230 2952 2307 quod

539 2314 701 2372 Deus
729 2313 876 2371 nihil
901 2309 1220 2390 praevidere
1249 2317 1439 2385 potest
1465 2307 1723 2366 futurum
1750 2307 1866 2366 nisi
1892 2316 2309 2385 consequenter
2334 2308 2411 2366 ad
2438 2327 2607 2368 suum
2634 2308 2946 2386 decretum,

537 2403 638 2454 aut
665 2393 1011 2468 effectivum,
1043 2397 1144 2448 aut
1170 2389 1593 2466 permissivum,
1625 2387 1699 2446 de
1727 2386 1885 2446 illius
1912 2385 2264 2446 futuritione.

1140 2469 1252 2526 VI.
1301 2467 1584 2544 Secundo,
1615 2486 1693 2526 ex
1722 2467 1875 2526 Psal.
1902 2467 2113 2525 xxxix.
2142 2472 2198 2542 4,
2231 2471 2287 2526 5.
2334 2469 2371 2500 ‘⁴
2394 2468 2514 2526 Fac
2543 2468 2691 2526 scire
2716 2489 2809 2528 me
2829 2470 2947 2527 Do-

535 2539 582 2588 2·
598 2539 678 2586 Β*
694 2538 828 2643 ΡῖῙέ
847 2537 1018 2582 ¹¹³³*
1059 2548 1231 2624 mine,
1261 2547 1435 2605 finem
1463 2567 1672 2625 meum,
1705 2555 1765 2606 et
1782 2567 2111 2606 mensuram
2140 2548 2361 2606 dierum
2386 2567 2649 2606 meorum
2667 2568 2797 2626 quae
2824 2549 2952 2627 ipsa

769 2630 782 2653 ’
832 2628 843 2639 '
1060 2630 1151 2703 sit,
1181 2648 1417 2687 noscam
1443 2628 1645 2705 quanti
1674 2629 1785 2687 aevi
1812 2648 1941 2706 eg0.
1986 2630 2139 2687 Eece
2167 2629 2447 2705 palmas‚'’
2478 2628 2539 2687 id
2556 2637 2645 2688 est
2661 2638 2726 2689 ut
2740 2631 2949 2707 palmae

534 2731 880 2787 mensuram,
905 2708 1199 2787 “posuisti
1225 2708 1350 2767 dies
1367 2728 1544 2783 meos,
1567 2717 1626 2767 et
1654 2717 1883 2787 tempus
1912 2728 2103 2767 meum
2130 2718 2407 2785 tanquam
2435 2710 2583 2766 nihil
2608 2729 2801 2768 coram
2828 2712 2945 2769 te.’'

538 2793 710 2853 Unde
723 2793 838 2850 duo
857 2791 1224 2867 colliguntur,
1244 2792 1296 2847 1.
1309 2788 1478 2862 Quod
1497 2788 1659 2847 Deus
1668 2788 1842 2847 finem
1858 2789 2111 2847 hominis
2124 2788 2320 2865 novit;
2346 2790 2505 2865 Ergo
2522 2790 2687 2848 illum
2698 2790 2947 2867 praefini-

533 2874 638 2950 vit,
684 2874 821 2951 quia
847 2891 954 2930 nec
983 2888 1152 2928 nosse
1181 2888 1288 2927 nec
1307 2868 1618 2945 praedicere
1637 2877 1851 2947 posset,
1876 2869 1990 2927 nisi
2008 2869 2174 2927 illum
2192 2869 2646 2929 determinasset.
2691 2874 2747 2929 2.
2778 2870 2949 2944 Quod

536 2954 698 3013 Deus
727 2960 942 3011 certam
969 2966 1296 3009 mensuram
1341 2949 1642 3007 constituit
1669 2948 1875 3008 diebus
1916 2946 2184 3025 hominis,
2216 2948 2373 3026 quod
2400 2968 2699 3026 perperam
2726 2949 2945 3009 dicere-

532 3042 642 3109 tur,
675 3033 788 3091 nisi
816 3030 1121 3091 terminum
1143 3030 1280 3087 vitae
1298 3029 1428 3107 ejus
1452 3028 1875 3105 praefinivisset.
1960 3030 2163 3105 Neque
2189 3030 2285 3088 hic
2304 3037 2538 3087 notatur
2564 3038 2791 3087 tantum
2817 3030 2944 3089 bre-

533 3114 687 3172 vitas
714 3113 853 3171 vitae
880 3112 941 3168 in
970 3128 1196 3187 genere,
1230 3109 1332 3167 sed
1361 3110 1420 3166 in
1448 3109 1751 3168 individuo
1767 3108 2027 3167 brevitas
2042 3108 2265 3168 dierum
2290 3108 2537 3168 Davidis
2566 3110 2947 3169 determinata

529 3202 590 3252 et
609 3192 854 3257 ,definita
879 3213 916 3250 a
945 3191 1088 3266 De0,
1113 3209 1228 3247 non
1257 3188 1664 3264 conditionate,
1697 3188 1800 3247 sed
1828 3188 2109 3248 absolute.
2136 3212 2142 3217 ·
2856 3220 2865 3229 ·

885 3325 914 3337 „
1135 3269 1282 3327 VII.
1326 3268 1539 3346 Terti0,
1572 3289 1648 3327 ex
1678 3269 1815 3327 Act.
1832 3268 1973 3327 xvii.
2006 3271 2103 3327 26.
2150 3270 2187 3301 “
2211 3268 2375 3327 Deus
2400 3268 2537 3327 feeit
2564 3288 2641 3327 ex
2666 3290 2785 3328 uno
2814 3289 2945 3329 san-

527 3325 573 3371 3.
588 3326 666 3371 Ex
683 3324 797 3371 Act.
815 3322 1014 3369 ”¹¹⁸²6'
1055 3348 1230 3426 guine
1257 3356 1446 3408 totum
1475 3368 1661 3425 genus
1681 3349 2013 3425 humanum,
2034 3357 2101 3407 ut
2118 3348 2342 3407 habitet
2362 3368 2535 3427 super
2549 3350 2823 3408 universa
2848 3370 2943 3409 su-

529 3431 761 3509 perficie
789 3438 973 3503 terras,
989 3428 1241 3488 definitis
1252 3429 1590 3506 praestitutis
1609 3429 1985 3505 temporibuS,
1998 3436 2059 3487 et
2074 3428 2279 3506 positis
2288 3429 2551 3487 terminis
2570 3429 2943 3489 habitationis

529 3513 786 3571 eorum.'’
831 3511 875 3570 J
877 3532 968 3569 am
997 3510 1099 3568 ubi
1128 3517 1262 3569 sunt
1289 3513 1450 3587 magos*
1477 3510 1873 3589 rema-nomina,
1904 3510 1984 3566 ibi
2008 3508 2279 3567 definitus
2306 3528 2434 3567 esse
2462 3509 2637 3568 debet
2660 3510 2800 3568 vitae
2828 3518 2945 3569 ter-

524 3593 749 3668 minus3
793 3591 950 3670 quod
977 3608 1094 3648 non
1121 3598 1313 3666 potest
1339 3588 1536 3647 referri
1565 3599 1789 3648 tantum
1818 3589 1894 3647 ad
1920 3588 2281 3647 durationem
2300 3589 2529 3667 generis
2552 3590 2807 3665 humani,
2840 3588 2945 3648 sed

527 3673 702 3731 etiam
729 3672 806 3731 ad
832 3671 1193 3731 durationem
1221 3670 1503 3748 cujusque
1531 3669 1836 3745 individui,
1888 3668 2373 3745 quandoquidem,
2419 3678 2486 3728 ut
2524 3678 2729 3746 postea
2752 3690 2811 3728 v.
2842 3672 2939 3728 28.

526 3752 773 3827 additur,
805 3754 880 3809 In
906 3753 1027 3827 ipso
1053 3751 1300 3824 vivimus,
1330 3770 1633 3825 movemur,
1666 3758 1721 3807 et
1742 3768 1946 3824 sumus,
1978 3756 2039 3807 et
2062 3768 2122 3807 v.
2152 3752 2249 3807 25.
2291 3750 2425 3825 Ipse
2452 3752 2555 3808 dat
2578 3749 2766 3823 vitam,
2796 3750 2939 3807 ltali—

526 3841 640 3889 tum
670 3841 724 3889 et
748 3832 936 3889 omnia
953 3853 973 3887 .·
1021 3830 1405 3888 confirmatur
1431 3849 1507 3887 ex
1535 3828 1656 3887 Aet
1682 3830 1721 3887 i.
1752 3832 1807 3888 7.
1850 3829 1952 3889 ubi
1982 3830 2143 3888 Deus
2186 3828 2399 3888 dicitur
2442 3838 2704 3906 tempora
2746 3829 2807 3886 in
2836 3848 2947 3888 sua

524 3918 810 3988 potestate
835 3909 1136 3987 posuiss03
1183 3910 1342 3983 Ergo
1367 3917 1428 3966 et
1464 3917 1694 3986 tempus
1738 3909 2019 3986 cujusque
2060 3908 2339 3967 mortalis.
2425 3909 2507 3968 Et
2532 3909 2582 3967 si
2622 3910 2830 3986 cuique
2856 3909 2945 3968 rei

529 4008 698 4048 suum
725 3998 953 4067 tempus
981 3988 1257 4046 nascendi
1285 3998 1344 4047 et
1371 3986 1720 4046 denascendi
1748 3989 2086 4065 assignavit,
2110 3990 2270 4049 Eccl.
2300 3989 2381 4047 iii.
2418 3992 2469 4065 1,
2500 3994 2557 4065 2,
2600 3989 2763 4047 nulla
2788 3990 2941 4048 ratio

529 4068 745 4144 subest,
778 4088 881 4127 cur
905 4086 1024 4127 non
1052 4088 1214 4145 seque
1245 4075 1530 4141 statuatur
1555 4068 1909 4127 decretorius
1946 4068 2087 4145 dies,
2118 4088 2235 4146 quo
2264 4069 2508 4147 quisque
2535 4069 2683 4127 mori
2708 4069 2935 4145 debeat,

523 4149 747 4228 positus
775 4147 850 4207 ab
889 4147 1033 4225 ipso,
1065 4166 1134 4205 ac
1160 4147 1368 4224 cuique
1397 4166 1564 4206 suum
1613 4148 1767 4205 diem
1808 4148 2062 4208 natalem
2106 4146 2375 4227 praefixit,
2406 4169 2523 4227 quo
2568 4149 2631 4207 in
2656 4150 2939 4209 mundum

526 4235 745 4287 vemat·
1123 4306 1306 4366 VIII.
1350 4307 1584 4382 Quarto,
1617 4326 1693 4366 ex
1733 4306 1863 4367 loco
1890 4309 2102 4369 Matth.
2131 4329 2191 4368 x.
2222 4310 2319 4384 28,
2350 4311 2447 4386 29,
2480 4312 2575 4384 30,
2606 4329 2683 4367 ex
2710 4328 2828 4386 quo
2852 4308 2939 4368 ita

1045 4386 1478 4446 concludimus:
1519 4386 1582 4446 Si
1611 4387 1807 4465 capilli
1828 4390 2032 4466 capitis
2052 4389 2237 4448 nostri
2262 4389 2550 4448 numerati
2570 4397 2721 4463 sunt,
2750 4388 2940 4447 multo

521 4468 710 4545 magis
751 4466 893 4541 dies,
939 4484 1183 4541 menses,
1229 4476 1288 4526 et
1328 4467 1500 4543 anni3
1544 4468 1624 4527 Et
1668 4468 1719 4526 si
1761 4488 1835 4527 ne
1878 4488 2079 4547 passer
2118 4469 2352 4546 quidem
2394 4468 2550 4528 eadit
2591 4468 2715 4527 sine
2746 4468 2940 4527 Patris

519 4548 837 4623 voluntate,
866 4556 1084 4624 quanto
1123 4546 1316 4607 minus
1357 4548 1679 4608 censendus
1706 4556 1797 4608 est
1824 4550 1996 4609 homo
2037 4550 2211 4628 hujus
2238 4548 2376 4609 vitae
2404 4549 2711 4608 stationem
2740 4549 2945 4608 subire·

521 4637 622 4687 aut
661 4628 984 4706 relinquere
1026 4628 1246 4706 absque
1291 4628 1526 4707 speciali
1569 4638 1715 4690 nutu
1760 4630 1969 4690 summi
2014 4630 2405 4708 Imperatoris,
2450 4630 2543 4689 eni
2582 4630 2683 4708 jus
2711 4628 2849 4689 vitae
2874 4637 2943 4687 et

522 4362 566 4407 4.
593 4362 670 4407 Ex
693 4361 840 4407 Matt-
860 4375 908 4407 x.
927 4358 1006 4406 28.
