3300 5225
298 322 541 372 Quaes‘r.
572 302 665 384 11.]
1315 323 1393 363 m:
1424 323 1703 365 rnccs’ro.
2595 314 2707 371 537

1266 522 1655 617 QUAEsTI'o
1698 542 1784 601 11.

306 700 410 757 An
435 704 491 760 τὶ
518 698 723 757 &abesan
746 698 859 759 sive
882 700 1277 775 voluntarium,
1308 710 1579 776 quatenus
1606 710 1688 759 est
1711 701 1875 777 illius,
1907 702 2008 779 qui
2029 702 2204 761 sciens
2221 712 2275 761 et
2297 706 2484 761 volens
2503 704 2726 780 aliquid

556 779 710 855 tagit,
740 779 813 836 sit
837 780 907 837 de
926 780 1159 838 essentia
1178 781 1402 855 peccati
1414 782 1442 838 ,²
1523 780 1581 837 N
1581 798 1694 857 eg„
1725 790 1926 841 contra
1953 782 2167 842 Pontif.
2197 794 2256 841 et
2288 782 2479 841 Socin.

401 938 451 994 I.
495 936 775 1029 Pontfficii
814 944 874 995 et
915 936 1206 997 Som‘m’ani
1243 937 1405 995 litem
1448 937 1596 995 hanc
1636 938 1808 996 nobis
1847 947 2101 1014 movent,
2145 946 2212 999 ut
2251 939 2482 998 facilius
2522 959 2720 998 veram

310 1016 541 1093 peccati
580 1016 879 1092 originalis
918 1026 1183 1075 naturam
1216 1016 1539 1091 obscurent,
1582 1024 1641 1074 et
1681 1024 1874 1075 motus
1913 1018 2130 1095 primos
2157 1027 2396 1093 naturae,
2427 1027 2722 1095 utcunque

312 1094 505 1153 foedos
532 1104 591 1153 et
618 1104 831 1171 turpes,
856 1095 957 1171 qui
972 1114 1103 1155 ‚non
1130 1104 1265 1153 sunt
1304 1094 1379 1165 ἔφ’
1404 1097 1530 1171 ἐρῶ,
1561 1115 1631 1153 ac
1655 1095 1830 1172 pleno
1857 1096 2034 1155 animi
2060 1116 2302 1155 assensu
2343 1106 2557 1172 carent,
2587 1117 2720 1175 pec-

315 1182 451 1233 cata
492 1194 620 1233 esse
660 1182 895 1250 negent.
978 1175 1122 1232 Ideo
1149 1174 1296 1232 nihil
1320 1176 1528 1233 volunt
1562 1176 1788 1251 peccati
1827 1176 2108 1235 rationem
2149 1176 2380 1251 habere,
2411 1177 2525 1235 nisi
2566 1176 2724 1252 quod

314 1254 533 1329 pariter
560 1255 635 1317 sit
661 1253 1067 1327 voluntarium,
1090 1254 1359 1312 nimirum
1386 1253 1543 1330 quod
1570 1254 1637 1311 fit
1665 1256 1913 1314 scienter
1933 1264 1992 1314 et
2019 1256 2071 1313 in
2087 1254 2416 1336 πςωᾴηος,
2441 1258 2588 1313 Bell.
2617 1254 2720 1314 lib.

318 1333 361 1389 i.
393 1332 465 1390 de
495 1332 713 1390 Amiss.
744 1352 867 1409 gra.
898 1352 949 1389 c.
982 1335 1033 1406 l,
1064 1332 1248 1391 Socin.
1280 1332 1445 1409 Disp.
1474 1332 1535 1391 ii.
1565 1342 1719 1391 cont.
1750 1335 1984 1394 Frantz.
2371 1398 2374 1403 ,

905 1409 992 1468 ΙΙ.
1022 1410 1143 1468 Nos
1164 1412 1538 1487 quaestionem
1551 1411 1629 1470 du
1669 1412 1768 1471 lici
1789 1412 2154 1472 distinctione
2177 1413 2474 1471 solvimus.
2505 1412 2719 1489 Prim0,

852 1490 1258 1562 Voluntarium,
1287 1490 1387 1547 vel
1404 1491 1591 1549 stricte
1661 1492 1844 1566 'citur,
1868 1493 1966 1550 vel
2005 1495 2115 1550 late
2135 1516 2158 1565 ,·
2202 1492 2388 1549 Priori
2417 1511 2589 1550 sensu
2617 1512 2723 1569 pro

845 1588 914 1626 co
932 1568 1088 1645 quod
1103 1568 1169 1627 fit
1184 1588 1289 1644 per
1303 1568 1587 1627 actualem
1597 1579 1818 1630 motum
1834 1570 2150 1629 voluntatis
2163 1593 2178 1646 3
2209 1570 2512 1648 posteriori
2527 1590 2631 1647 pro
2652 1590 2721 1629 eo
2731 1598 2748 1617 ο

314 1647 475 1725 quod
502 1645 1019 1725 quomodocunque
1036 1647 1132 1705 vel
1151 1647 1512 1706 voluntatem
1538 1648 1731 1723 afficit,
1761 1658 1822 1707 et
1846 1650 1934 1707 illi
1961 1650 2218 1725 inhaeret,
2241 1649 2339 1707 vel
2367 1669 2402 1707 a
2423 1649 2722 1707 voluntate

313 1727 549 1804 pendet.
621 1724 739 1784 Hic
759 1746 899 1784 vero
926 1744 1043 1783 non
1069 1726 1263 1802 agitur
1282 1725 1355 1784 de
1375 1726 1705 1786 voluntario
1731 1728 1848 1786 late
1869 1728 2060 1804 dicto;
2100 1728 2158 1785 N
2159 1747 2234 1785 on
2259 1746 2542 1804 negamus
2569 1728 2725 1785 enim

314 1813 619 1883 peccatum
658 1824 786 1863 esse
824 1805 888 1863 in
928 1805 1243 1878 voluntate,
1287 1814 1347 1863 et
1384 1806 1664 1865 hactenus
1707 1807 2098 1867 voluntarium
2145 1826 2315 1884 posse
2359 1806 2476 1865 dici
2517 1807 2722 1865 saltem

318 1884 657 1961 subjective.
746 1883 863 1942 Sed
903 1883 1094 1959 agitur
1133 1882 1205 1940 de
1232 1883 1561 1943 voluntario
1590 1886 1789 1945 stricte
1828 1885 2001 1959 dicto,
2044 1886 2202 1963 quod
2241 1886 2491 1944 involvit
2531 1894 2723 1945 actum

317 1961 2272 2118 “3⁶1⁴{³“53:AE“tffvffts‘ffitznffifffifftmtzsssssnistm-2⁵¹.
2287 1984 2414 2101 ‘³223
2440 1962 2704 2119 {2232

506 2086 519 2099 .
835 2084 850 2114 ‚
2705 2087 2722 2103 .

316 2121 478 2179 Illud
498 2121 652 2179 idem
674 2128 763 2179 est
783 2138 914 2178 cum
931 2118 1133 2195 invite,
1153 2118 1312 2195 quod
1336 2119 1455 2177 tale
1476 2128 1566 2178 est
1590 2140 1696 2197 per
1714 2088 2032 2180 molitionem
2048 2088 2350 2197 positivdm
2365 2146 2391 2194 ,·
2418 2122 2529 2180 hoc
2551 2140 2724 2180 sensu

316 2201 521 2259 damus
548 2200 773 2258 nullum
799 2204 1097 2275 peccatum
1124 2217 1295 2275 posse
1323 2217 1451 2257 esse
1479 2199 1964 2276 involuntarium3
2012 2200 2180 2258 Istud
2201 2208 2306 2275 est,
2327 2200 2485 2276 quod
2504 2201 2572 2259 fit
2599 2220 2722 2258 ces-

317 2286 481 2338 sante
510 2288 643 2337 actu
660 2277 995 2349 voluntatis,
1020 2296 1151 2335 cum
1179 2296 1351 2353 agere
1378 2277 1692 2353 debuisset,
1711 2279 1869 2355 quod
1895 2280 2012 2337 tale
2041 2278 2253 2337 dicitur
2277 2298 2380 2355 per
2405 2280 2726 2337 notationem

314 2359 647 2435 neyativam.
719 2357 851 2415 Hoc
880 2375 1053 2414 sensu
1080 2375 1196 2414 non
1224 2376 1457 2415 necesse
1485 2366 1577 2416 est
1600 2365 1669 2417 ut
1697 2377 1862 2416 omne
1889 2365 2192 2435 peccatum
2217 2357 2294 2416 sit
2313 2356 2722 2417 voluntarium.

400 2438 510 2495 IV.
554 2436 727 2495 Ratio
776 2443 881 2509 est,
914 2435 1064 2509 Quia
1106 2436 1221 2493 hoc
1266 2436 1625 2513 requisitum,
1655 2456 1764 2495 nec
1812 2437 1970 2495 omni
2016 2444 2273 2514 peccato,
2301 2456 2410 2495 nec
2459 2437 2586 2512 soli,
2616 2456 2724 2495 nec

317 2536 543 2593 semper
568 2516 857 2574 convenit.
901 2514 957 2573 N
958 2534 1034 2572 on
1061 2515 1227 2589 omni,
1258 2516 1396 2591 quia
1433 2534 1541 2573 noc
1567 2514 1684 2573 dici
1710 2523 1904 2593 potest
1931 2516 2006 2574 de
2021 2524 2258 2592 peccato
2285 2516 2536 2591 originis,
2567 2516 2726 2593 quod

320 2594 611 2670 antecedit
637 2615 863 2655 omnem
892 2594 1209 2653 voluntatis
1249 2602 1310 2654 et
1350 2594 1635 2654 libertatis
1671 2615 1862 2672 usum,
1893 2604 1954 2655 et
1979 2595 2136 2672 quod
2161 2594 2300 2654 licet
2327 2595 2402 2654 sit
2428 2595 2490 2652 in
2517 2596 2724 2654 volun-

320 2684 439 2734 tate
466 2676 772 2750 suly'ective,
815 2693 933 2732 non
961 2682 1049 2732 est
1075 2681 1271 2732 tamen
1297 2674 1371 2731 ab
1400 2692 1469 2731 ea
1496 2675 1866 2750 oriyinalz'ter.
1951 2675 2084 2733 Non
2115 2676 2364 2750 peccatis
2390 2675 2728 2750 ignorantiae

317 2764 378 2815 et
404 2755 807 2831 imprudentiae,
839 2773 969 2830 quse
994 2759 1279 2812 vocantur
1314 2771 1351 2810 a
1378 2753 1475 2810 70.
1518 2753 1756 2813 Numer.
1785 2773 1888 2812 xv.
1917 2758 2015 2828 2⁸1,
2045 2754 2293 2833 ὲμαςτίιιι
2341 2752 2572 2827 ἀκούσιοι,
2605 2762 2724 2812 tam

319 2854 395 2893 ex
422 2835 752 2912 ignorantia
792 2832 1085 2907 accersita,
1116 2831 1305 2908 qualis
1331 2831 1441 2890 fuit
1478 2833 1703 2890 Noachi
1745 2843 1805 2892 et
1851 2833 2040 2906 Lothi‚
2071 2834 2172 2910 qui
2213 2832 2359 2891 ebrii
2391 2841 2722 2910 peccarunt,
2757 2896 2760 2898 ,

321 2933 493 2991 quam
538 2934 614 2972 ex
656 2912 919 2989 simplici,
965 2911 1155 2989 qualis
1207 2910 1323 2970 fuit
1371 2910 1740 2970 Abimelechi
1789 2912 2066 2989 rapientis
2105 2930 2346 2970 uxorem
2385 2911 2722 2986 Abrahami,

323 3001 381 3051 et
411 2993 595 3067 Pauli,
630 2996 660 3051 1
692 2993 841 3050 Tim.
872 2993 909 3050 i.
945 2995 1038 3050 13.
1082 2991 1217 3049 Non
1241 2990 1362 3066 soli,
1393 2990 1533 3067 quia
1556 2996 1613 3049 τὶ
1653 2989 1856 3050 διοίσων
1883 2999 1974 3050 est
2000 2990 2229 3050 affectio
2256 2990 2576 3048 communis
2604 3009 2727 3048 om·-

322 3071 482 3129 nium
502 3072 810 3143 actionum,
831 3090 959 3147 quse
988 3071 1135 3131 fiunt
1161 3071 1213 3128 ἐκ
1240 3070 1571 3150 remegio-uoq.
1620 3071 1752 3128 Non
1779 3090 2014 3146 semper,
2034 3070 2170 3146 quia
2191 3068 2536 3147 quandoque
2557 3069 2730 3128 datur

321 3149 478 3209 lucta
503 3151 565 3206 in
586 3150 907 3208 actionibus
933 3149 1365 3227 peccaminosis,
1384 3158 1451 3208 ut
1472 3169 1654 3230 quum
1676 3149 1893 3210 Paulus
1913 3157 2214 3227 peccatum
2235 3148 2388 3226 facit,
2410 3148 2568 3226 quod
2583 3167 2724 3206 non-

326 3229 453 3287 vult
480 3237 539 3287 et
566 3228 707 3302 odit,
739 3228 849 3285 Ro.
878 3229 980 3286 vii.
1014 3231 1106 3286 16.

336 3339 341 3348 ·
402 3308 479 3366 V.
524 3309 725 3366 Motus
748 3306 933 3383 primo
961 3306 1133 3382 primi
1158 3306 1638 3384 concupiscentiae
1666 3326 1784 3365 non
1826 3307 2098 3367 desinunt
2137 3325 2266 3365 esse
2306 3313 2560 3383 peccata,
2589 3305 2728 3365 licet

324 3406 431 3445 nec
459 3386 575 3446 sint
608 3385 778 3462 plene
804 3384 1134 3460 voluntarii,
1164 3404 1272 3442 nec
1314 3386 1377 3442 in
1422 3393 1623 3443 nostra
1664 3393 1987 3462 potestate3
2020 3394 2316 3460 peccatum
2357 3405 2472 3443 mm
2498 3387 2732 3461 cognovi

324 3467 435 3524 m‘si
446 3485 561 3541 per
578 3467 815 3540 Leyem:
856 3466 1016 3522 Nam
1042 3464 1223 3538 ipsam
1250 3482 1467 3539 quoque
1488 3464 1848 3539 cupiditatem
1867 3483 1981 3522 non
1995 3463 2264 3521 novissem
2281 3482 2396 3520 esse
2411 3473 2724 3539 peccatum,

326 3545 433 3602 πίει·
456 3547 585 3602 Les:
611 3544 855 3617 dixisset,
886 3539 1030 3601 Non
1056 3543 1419 3618 concupisces,
1453 3543 1623 3601 Rom.
1653 3543 1754 3602 vii.
1787 3546 1820 3600 7
1849 3564 1864 3618 ;
1907 3543 2025 3600 imo
2052 3540 2378 3600 effraenatos
2404 3541 2562 3617 ipsos
2591 3560 2725 3599 con—

323 3624 687 3700 cupiscentiae
714 3629 907 3683 motus
933 3642 1051 3680 non
1092 3621 1265 3680 modo
1291 3629 1465 3679 vocat
1480 3631 1796 3696 peccatum,
1827 3620 1929 3679 sed
1965 3629 2260 3696 peceatum
2285 3619 2410 3677 καθ’
2459 3623 2728 3700 fimes-ain

323 3705 633 3783 ἇμςτυλὶν,
666 3721 723 3760 v.
759 3704 852 3760 13.
898 3701 1177 3775 Quamvis
1202 3720 1344 3760 vero
1386 3709 1579 3758 motus
1626 3701 1714 3757 illi
1756 3719 1874 3758 non
1919 3700 2036 3758 sint
2077 3701 2138 3757 in
2181 3707 2380 3757 nostra
2419 3706 2724 3776 potestate,

322 3784 456 3859 quia
483 3792 675 3840 tamen
702 3780 935 3840 fuerunt
960 3780 1022 3837 in
1046 3780 1329 3858 principio
1358 3777 1436 3850 ἐφ’
1461 3781 1588 3854 ipa,
1619 3788 1680 3838 et
1705 3778 1920 3840 debent
1967 3797 2094 3838 esse
2138 3797 2214 3836 ex
2239 3778 2491 3836 hominis
2519 3777 2723 3855 offici0,

378 1474 547 1520 Status
571 1472 738 1521 Quas-

483 1533 587 1577 tion
594 1534 647 1578 is.

206 3908 212 3916 .
322 3881 437 3919 non
465 3860 738 3920 desinunt
764 3879 891 3920 esse
918 3867 1175 3936 peccata.

302 3959 311 3965 ·
396 3941 509 3999 VI.
554 3939 855 4017 Cupiditas
903 3937 1481 4016 contradistinguitur
1520 3945 1776 4015 peccato,
1824 3957 1942 3995 non
1986 3935 2338 4014 simpliciter,
2397 3936 2501 3994 sed
2555 3944 2727 3996 certae

321 4020 445 4096 ejus
475 4019 704 4096 speciei,
734 4038 941 4095 nempe
987 4026 1227 4096 peccato
1274 4025 1688 4094 consummem,
1719 4017 1878 4094 quod
1912 4016 2187 4074 membris
2215 4017 2472 4074 externis
2499 4017 2727 4095 peragi-

323 4107 429 4173 tur,
462 4099 594 4158 Jac.
623 4098 663 4156 i.
697 4101 789 4173 14,
826 4101 920 4158 15.

396 4178 545 4236 VII.
587 4177 928 4253 lquor-antia
954 4195 1235 4236 excusare
1261 4175 1495 4253 quidem
1522 4181 1717 4253 potest
1743 4195 1783 4234 α
1811 4183 1984 4250 tanto,
2016 4173 2120 4233 sed
2159 4193 2278 4232 non
2317 4195 2358 4232 a
2387 4182 2515 4248 toto,
2546 4193 2728 4252 eaque

318 4275 430 4314 non
442 4257 614 4333 juris,
647 4255 751 4314 sed
774 4257 942 4330 faeti,
970 4275 1090 4314 non
1115 4255 1399 4329 vineibilis,
1430 4259 1716 4332 affectata,
1746 4263 1807 4314 et
1834 4255 2158 4328 ἰπίσπιιστος,
2191 4252 2294 4312 sed
2320 4254 2644 4313 invincibilis
2671 4263 2732 4314 et

320 4336 713 4410 involuntaria,
743 4355 860 4394 non
882 4355 1091 4411 pravae
1117 4335 1511 4411 dispositionis,
1540 4353 1673 4411 quae
1713 4333 2020 4412 culpabilis
2065 4342 2124 4393 et
2166 4352 2326 4394 error
2367 4333 2594 4409 dicitur,
2625 4333 2730 4392 sed

312 4435 478 4490 purae
503 4415 829 4492 neqatoe‘onis,
859 4435 989 4492 quae
1017 4414 1319 4473 nescientia
1346 4422 1604 4473 vocatur.

398 4493 581 4554 VIII.
626 4494 817 4569 Quum
847 4493 1221 4571 Augustinus
1248 4493 1331 4553 ait
1356 4493 1459 4553 lib.-
1490 4493 1563 4551 de
1590 4493 1750 4552 Vera
1793 4492 1986 4569 Relig.
2017 4512 2065 4552 c.
2103 4495 2196 4551 14.
2284 4493 2322 4526 “
2351 4491 2555 4567 Usque
2581 4490 2726 4550 adeo

322 4573 711 4633 voluntarium
754 4593 881 4634 esse
924 4581 1243 4651 peccatum,
1274 4583 1341 4632 ut
1380 4571 1692 4650 nequidem
1731 4581 2032 4649 peccatum
2075 4571 2167 4647 sit,
2197 4571 2310 4629 nisi
2339 4571 2725 4630 voluntarium
