3300 5225
550 334 665 393 100
1457 344 1639 387 Locus
1669 343 1986 387 sscmmus.
2596 324 2852 406 [quater.
2883 334 2943 388 x.

544 491 829 567 scriptam,
860 506 964 546 seu
990 486 1214 545 literam
1242 504 1359 562 qua
1382 485 1547 563 pueri
1574 484 1928 545 elementarii
1944 484 2354 561 informantur3
2383 504 2499 563 qua
2525 502 2669 545 voce
2697 504 2837 546 usus
2857 496 2948 546 est

549 572 666 630 Isa.
718 566 927 625 xxviii.
980 568 1073 641 10,
1118 574 1185 623 ut
1228 565 1429 625 rudem
1472 564 1774 625 infantiam
1817 566 2016 643 populi
2061 565 2366 624 Israelitici
2409 565 2756 641 designaret,
2803 565 2944 625 dum

535 656 887 729 praeceptum
903 654 1039 722 post
1052 654 1419 721 praeceptum,
1450 645 1656 704 lineam
1671 654 1807 721 post
1832 647 2051 721 lineam,
2082 644 2357 721 populum
2385 644 2550 702 illum
2577 644 2659 703 ait
2685 664 2812 703 esse
2839 646 2942 704 do-

547 729 795 789 cendum
822 726 1003 784 instar
1028 743 1355 802 puerorum.
1402 722 1499 783 Sic
1519 724 1763 799 Psaltes‚
1785 725 1942 798 Dies,
1962 724 2166 801 inquit,
2190 724 2336 783 diem
2363 727 2535 797 docet,
2567 732 2621 783 et
2644 745 2763 783 nox
2777 727 2950 783 alteri

545 807 783 870 ostendit
805 805 1107 865 scientiam.
1194 804 1351 863 Huic
1377 812 1570 862 autem
1596 804 1728 862 voci
1755 822 1873 861 non
1897 804 2047 863 male
2074 804 2382 881 respondet
2408 802 2641 879 φθόγγος,
2671 824 2801 881 quae
2829 825 2947 863 non

544 888 719 949 modo
745 904 851 964 pro
879 904 1038 959 sono,
1070 882 1173 942 sed
1200 890 1260 941 et
1284 902 1389 960 pro
1420 882 1547 941 Scri
1586 890 1716 941 tura
1741 882 1923 941 literae
1951 883 2211 959 sumitur,
2240 902 2356 941 non
2383 884 2552 942 aliter
2577 903 2750 959 quam
2777 884 2943 961 diph-

546 970 831 1043 thongum
856 973 919 1024 et
944 962 1207 1021 vocalem
1235 962 1505 1038 scriptam
1574 962 1797 1021 icimus.
1869 961 2096 1020 Deinde
2115 963 2332 1022 Paulus
2347 982 2465 1020 non
2486 963 2701 1041 allegat
2715 964 2944 1039 proprie

544 1048 703 1107 hunc
732 1046 943 1117 locum,
978 1042 1083 1101 scd
1114 1049 1339 1100 tantum
1382 1040 1625 1099 allusive
1671 1048 1730 1099 et
1761 1042 2077 1117 anagogice
2119 1041 2514 1100 accommodat
2553 1042 2630 1100 ad
2667 1043 2940 1118 praedica·

544 1127 761 1187 tionem
792 1121 1101 1199 Evangelii
1138 1121 1213 1180 ab
1250 1119 1554 1199 Apostolis
1580 1118 1810 1196 factam,
1849 1120 1926 1179 ad
1963 1140 2194 1180 sensum
2230 1121 2423 1199 potius
2449 1141 2622 1199 quam
2663 1120 2738 1178 ad
2766 1121 2946 1180 verba

544 1224 637 1265 res
678 1201 922 1263 iciend0.

626 1226 806 1342 XVI.
850 1278 993 1339 Alia
1016 1286 1106 1338 est
1132 1277 1465 1356 depravatio
1490 1279 1784 1337 verborum
1799 1303 1824 1354 ;
1867 1278 2006 1337 Alia
2032 1298 2173 1338 vero
2201 1278 2686 1357 interpretationis.
2745 1279 2788 1339 J
2793 1279 2942 1338 udaei

542 1368 853 1443 potuerunt
906 1377 1269 1451 corrumpere
1322 1357 1850 1435 interpretationem
1905 1358 2036 1433 loci,
2093 1358 2209 1417 Isa.
2266 1359 2347 1417 ix.
2393 1362 2447 1435 6,
2491 1367 2556 1418 ut
2599 1358 2779 1417 verba
2831 1360 2944 1417 ista

542 1460 637 1575 2:²5²
647 1439 1411 1595 ὄιᾮὲῶᾎᾞῗόἐέοέῒιῗέ
1423 1436 2100 1593 83ᾝᾶῗὲξέἱῖᾏῇ
2118 1437 2782 1594 ῑῖεὲῗίῗυέἳῃεέζῖῖῖζ
2809 1458 2942 1595 {¹22¹

545 1596 688 1670 sive,
720 1598 845 1656 sive
872 1596 1062 1656 active
1090 1596 1404 1655 reddantur
1430 1616 1523 1655 res
1564 1595 1768 1655 eodem
1793 1596 1959 1672 redit,
1991 1596 2274 1672 siquidem
2302 1617 2378 1655 ex
2405 1596 2696 1655 idiotismo
2723 1598 2940 1673 linguae

547 1675 875 1752 Hebrai'cae,
904 1676 1160 1735 futurum
1186 1676 1441 1734 activum
1470 1676 1595 1733 sine
1622 1675 1918 1752 supposito
1951 1695 2103 1754 saepe
2129 1676 2420 1752 passivam
2447 1676 2622 1735 habet
2654 1676 2940 1753 significa-

544 1755 779 1831 tionem,
808 1764 877 1815 ut
899 1755 1078 1813 habet
1092 1754 1309 1813 Ribera
1334 1754 1397 1812 in
1426 1754 1605 1813 Mieh.
1624 1754 1684 1813 ii.
1720 1757 1811 1829 17,
1841 1762 1900 1813 et
1925 1754 2008 1814 ita
2033 1756 2212 1813 verba
2237 1756 2421 1814 tertiae
2447 1774 2706 1832 personae
2735 1756 2939 1832 imper-

544 1833 821 1894 sonaliter
847 1842 1084 1911 accepta
1125 1834 1298 1909 modo
1326 1834 1531 1909 active,
1561 1833 1735 1893 modo
1762 1834 1992 1910 passive
2031 1834 2196 1893 reddi
2235 1843 2494 1912 possunt.
2581 1835 2785 1911 Itaque
2826 1854 2942 1893 non

544 1914 825 1973 mutanda
851 1921 942 1973 est
968 1914 1140 1972 lectio
1170 1914 1438 1989 Hebraea,
1468 1922 1523 1971 et
1546 1914 1762 1972 vocabit
1787 1934 1984 1973 nomen
2011 1918 2146 1990 eim,
2170 1914 2274 1973 sed
2301 1914 2644 1992 explicanda
2671 1914 2941 1973 subaudi-

543 1992 695 2052 endo
736 1992 1079 2071 subjectum,
1122 2012 1239 2051 non
1266 1995 1424 2051 Deus
1450 1994 1645 2069 Pater,
1676 1993 1834 2069 quod
1859 1994 1902 2053 J
1905 1993 2056 2051 udaei
2097 1994 2382 2070 supplent,
2427 1993 2531 2053 sed
2555 1994 2944 2070 unusquisque,

543 2071 814 2131 nimirum
842 2072 1118 2147 fidelium,
1148 2073 1381 2132 vocabit
1407 2090 1615 2130 nomen
1644 2073 1772 2150 ejus
1800 2073 1924 2133 scil.
1975 2072 2206 2148 Christi,
2237 2072 2394 2150 quod
2421 2080 2486 2131 ut
2522 2074 2732 2131 clarius
2757 2074 2940 2150 lique—

541 2158 649 2225 ret,
678 2151 968 2211 redditum
994 2160 1085 2210 est
1108 2152 1357 2228 passive,
1398 2152 1699 2210 Vocabitur
1723 2172 1921 2211 nomen
1947 2154 2082 2228 qius.
2163 2152 2260 2212 Sic
2287 2152 2332 2211 J
2333 2171 2505 2211 erem.
2533 2152 2698 2211 xxiii.
2731 2156 2786 2226 6,
2817 2172 2941 2211 cor-

542 2232 769 2309 ruptela
794 2240 885 2291 est
910 2231 973 2289 in
1000 2229 1468 2307 interpretatione
1506 2250 1625 2289 non
1653 2230 1714 2289 in
1741 2232 1952 2306 verbis,
1983 2251 2114 2309 quae
2141 2240 2296 2291 recte
2329 2232 2678 2307 redduntur;
2726 2231 2840 2290 Vel
2881 2232 2942 2289 in

540 2310 821 2387 singulari
874 2310 1092 2370 vocabit
1132 2330 1257 2369 eum
1298 2309 1387 2369 uti
1440 2318 1647 2369 sonant
1691 2312 1868 2370 relate
1923 2311 1998 2370 ad
2040 2311 2458 2370 nominativum
2504 2310 2939 2387 praecedentem,

538 2390 729 2449 Ima
768 2400 823 2449 et
860 2392 1043 2465 Juda,
1088 2398 1157 2449 ut
1200 2389 1407 2447 LXX.
1437 2397 1706 2465 vertunt;
1751 2388 1869 2449 Vel
1911 2389 1972 2447 in
2014 2390 2226 2468 plurali
2266 2392 2551 2466 vocabunt,
2597 2399 2666 2449 ut
2709 2399 2942 2450 vertunt

540 2468 850 2545 Payninus,
890 2470 1176 2545 Vatablus,
1214 2470 1392 2527 Arias
1417 2471 1728 2528 Montanus
1752 2478 1886 2546 post
1913 2470 2265 2546 Chaldaeum,
2301 2470 2528 2547 Syrum,
2577 2469 2830 2528 Arabem
2879 2477 2938 2529 et

545 2548 883 2626 Vulgatam.
967 2548 1363 2626 Hieronymus
1404 2548 1467 2606 in
1509 2548 1569 2607 h.
1614 2548 1655 2605 l.
1699 2557 2002 2628 utramque
2044 2549 2351 2608 lectionem
2394 2550 2570 2609 habet
2621 2550 2836 2608 vocabit
2889 2558 2942 2607 et
2977 2615 2990 2626 ο

539 2630 813 2770 ⁴{locabant
834 2652 860 2703 ,·
926 2647 1035 2687 nec
1087 2629 1244 2707 apud
1296 2628 1543 2688 Veteres
1594 2627 1752 2688 ullus
1805 2637 1895 2688 est
1946 2630 2049 2709 qui
2109 2630 2302 2690 locum
2355 2629 2511 2690 hune
2563 2629 2938 2708 depravatum

586 2707 774 2767 ‘xerit.

621 2785 837 2846 XVII.
882 2786 1027 2847 Cum
1082 2787 1233 2848 Gen.
1295 2787 1443 2847 xlix.
1488 2789 1581 2863 10,
1637 2807 1743 2866 per
1792 2793 1917 2850 an
1969 2787 2082 2848 tria
2139 2787 2492 2867 Targumim,
2555 2787 2740 2849 Onke.
2799 2787 2940 2846 Hie-

536 2886 689 2930 ros0.
716 2874 778 2927 et
803 2867 847 2927 J
850 2868 1045 2927 onath.
1072 2867 1397 2926 ethimchi
1424 2866 1752 2946 intelligant
1777 2868 2063 2945 Messiam,
2091 2869 2276 2946 liquet
2302 2870 2347 2929 J
2347 2868 2544 2928 udaeos
2569 2869 2762 2927 locum
2789 2868 2942 2926 hunc

535 2969 654 3010 non
682 2945 1020 3024 corrupisse,
1049 2954 1115 3006 ut
1140 2947 1451 3024 probarent
1478 2947 1756 3007 Messiam
1783 2948 2038 3007 nondum
2063 2949 2332 3008 venisse:
2374 2947 2522 3006 adde
2549 2947 2709 3025 quod
2734 2965 2942 3005 nomen

536 3029 681 3102 rub-v,
737 3027 896 3104 quod
953 3027 1016 3084 in
1062 3027 1335 3086 Talmude
1390 3027 1626 3086 Messias
1684 3027 2016 3087 attribuitur
2069 3029 2230 3088 (lodi.
2285 3029 2529 3087 Sanloed.
2572 3048 2624 3088 e.
2679 3030 2768 3102 11,
2825 3045 2942 3084 non

536 3101 729 3163 minus
780 3105 1121 3164 adversatur
1170 3107 1215 3166 J
1215 3105 1399 3166 udaeis
1446 3115 1508 3166 et
1550 3106 1844 3167 Christum
1891 3107 2126 3183 indicat,
2175 3125 2348 3185 quam
2399 3125 2522 3166 vox
2561 3113 2687 3170 mbae
2727 3107 2940 3180 missus,

536 3201 713 3260 quam
740 3182 823 3243 ibi
850 3184 1027 3246 fuisse
1053 3186 1437 3262 pertendunt3
1498 3184 1623 3245 sive
1667 3206 1705 3245 a
1741 3190 1831 3248 ’νου
1872 3186 2205 3262 deducatur,
2236 3206 2366 3264 quse
2409 3185 2591 3246 filium
2635 3184 2939 3262 significat,

534 3263 663 3322 sive
716 3283 754 3322 a
803 3269 907 3327 rebe
960 3284 1089 3341 quae
1129 3265 1435 3342 pacificum
1476 3285 1605 3326 esse
1642 3265 1848 3340 innuit,
1895 3266 2020 3326 sive
2060 3266 2218 3344 quod
2253 3265 2459 3325 LXX.
2507 3273 2840 3342 sequuntur,
2884 3272 2943 3324 et

536 3341 897 3402 commodius
951 3343 1183 3404 videtur
1236 3365 1342 3422 pro
1388 3348 1437 3406 ab
1466 3365 1564 3407 -ωιε
1608 3342 1648 3421 ᾇ
1708 3346 1971 3406 ἀπόκειται
2025 3348 2180 3422 cujus
2219 3355 2300 3404 est
2336 3365 2588 3423 reqnum,
2631 3352 2698 3405 ut
2738 3345 2943 3403 similis

534 3421 763 3500 phrasis
789 3421 1004 3500 legitur
1028 3423 1185 3501 apud
1213 3425 1385 3484 Ezec.
1412 3445 1465 3486 o.
1492 3428 1591 3499 21,
1620 3427 1719 3484 32.

614 3501 868 3562 XVIII.
914 3501 1103 3562 Locus
1131 3504 1344 3566 Zacha.
1372 3505 1454 3564 ix.
1482 3505 1541 3581 9,
1571 3523 1690 3562 non
1717 3512 1807 3564 est
1833 3513 2152 3583 corruptus,
2196 3503 2428 3582 quando
2457 3502 2705 3562 Messias
2733 3501 2944 3561 dicitur

530 3579 759 3642 futurus
804 3581 937 3642 Rex
973 3583 1172 3660 justus
1214 3590 1275 3643 et
1300 3605 1446 3646 m:
1502 3603 1623 3642 vox
1665 3583 1818 3643 enim
1861 3586 1974 3644 ista
2012 3585 2111 3644 vel
2151 3583 2382 3662 passive
2431 3582 2582 3641 sumi
2627 3589 2834 3659 potest,
2877 3590 2945 3641 ut

529 3660 765 3722 denotet
794 3661 1086 3722 Christum
1126 3663 1415 3724 salvatum
1452 3662 1631 3724 fuisse
1667 3671 1734 3724 ut
1770 3664 2028 3742 loquitur
2067 3663 2276 3742 Apost.
2321 3662 2475 3721 Heb.
2503 3681 2561 3720 v.
2593 3663 2649 3738 7,
2679 3683 2715 3719 a
2739 3671 2942 3737 morte,

528 3741 627 3800 vel
654 3741 907 3820 seipsum
947 3743 1205 3802 salvasse
1246 3752 1314 3803 ut
1356 3743 1583 3821 dicitur,
1614 3743 1733 3804 Isa.
1773 3742 1922 3802 lxiii.
1964 3747 2021 3820 3,
2063 3744 2160 3802 vel
2186 3763 2290 3820 per
2322 3741 2562 3802 formam
2603 3741 2945 3819 deponentis

528 3821 720 3880 active
760 3830 1086 3900 usurpatur,
1128 3830 1197 3882 ut
1236 3823 1391 3901 apud
1432 3823 1716 3882 Hebraeos
1757 3843 1875 3882 non
1910 3842 2096 3901 pauca
2137 3823 2514 3900 reperiuntur,
2543 3829 2609 3880 ut
2635 3839 2756 3877 rav:
2766 3824 2939 3897 jura-

528 3899 624 3974 vit,
664 3902 749 3960 ’κο
782 3901 1044 3977 spoliavit
1055 3925 1080 3975 ,·
1118 3909 1180 3962 et
1206 3903 1317 3962 erit
1340 3902 1707 3981 participium
1732 3901 1888 3963 idem
1914 3902 2248 3982 significans
2274 3901 2433 3982 quod
2451 3921 2595 3962 ἰτ-,υ
2623 3901 2939 3975 Liber-ator,

613 4055 804 4116 XIX.
848 4057 1015 4117 Licet
1042 4057 1235 4118 Exod.
1263 4057 1367 4118 xii.
1395 4061 1492 4135 40,
1538 4058 1841 4120 Habitatio
1881 4059 2130 4122 filiorum
2172 4061 2353 4120 Israe'l
2379 4060 2441 4120 in
2469 4061 2737 4138 AEgypto
2763 4059 2941 4118 fiiisse

529 4132 757 4195 dicatur
782 4155 1064 4196 annorum
1098 4137 1647 4215 quadringentorum
1677 4148 1738 4198 et
1761 4140 2017 4218 triginta,
2047 4141 2205 4220 quod
2232 4161 2349 4201 non
2375 4149 2568 4219 potest
2593 4139 2840 4216 intelligi
2869 4139 2942 4196 de

528 4233 693 4274 mora
718 4215 781 4273 in
806 4214 1093 4293 AEgyptO,
1124 4237 1255 4295 quse
1282 4216 1393 4276 fuit
1418 4225 1643 4277 tantum
1671 4221 1790 4278 215
1820 4240 2133 4298 annorum3
2179 4220 2282 4280 sed
2310 4220 2383 4280 de
2409 4239 2572 4278 mora
2591 4238 2765 4296 quam
2793 4218 2940 4276 sece-

528 4301 669 4354 runt
693 4303 812 4353 tam
838 4293 901 4354 in
926 4305 1081 4354 terra
1107 4296 1357 4372 Canaan,
1400 4317 1574 4374 quam
1600 4298 1664 4357 in
1691 4297 1976 4377 AEgyptO,
2005 4308 2074 4360 ut
2113 4300 2408 4378 explicant
2451 4298 2844 4359 Samaritanus
2885 4304 2944 4356 et

530 4375 775 4435 Graecus
800 4383 1108 4435 contextus
1132 4399 1147 4436 ι
1229 4376 1286 4435 N
1288 4396 1363 4435 on
1389 4385 1691 4470 propterea
1719 4377 1920 4437 Codex
1950 4379 2235 4440 Hebraeus
2261 4379 2436 4439 debet
2463 4377 2682 4437 censeri
2710 4395 2942 4454 corrup-

527 4461 641 4531 tus,
672 4453 777 4514 sed
802 4463 892 4513 est
917 4455 1133 4514 locutio
1162 4456 1595 4534 synecdochica,
1626 4477 1758 4534 quae
1783 4459 2044 4520 meminit
2069 4468 2295 4519 tantum
2335 4458 2607 4536 AEgypti,
2637 4457 2775 4536 quia
2799 4475 2942 4535 prse-

528 4535 762 4675 ⁰³⁹3&
788 4533 2583 4696 fiissaiffiffi‘imffuffi‘issfflfisdifflfflgie{Zimqizpiiffl‘
2605 4615 2668 4676 iii
2721 4619 2788 4677 11
2848 4618 2921 4674 12

753 4656 767 4673 .
1182 4659 1197 4676 .
2051 4665 2069 4698 ,
2561 4661 2576 4676 .
2671 4661 2685 4676 .
2797 4660 2812 4690 ‚
2925 4659 2940 4689 ,
