3300 5225
336 301 563 352 QuAEs'r.
594 281 732 363 vu]
1348 301 1429 343 nn
1456 301 1740 344 peccaro.
2618 281 2735 340 549

1247 602 1635 679 QUAESTIO
1676 601 1826 662 VII.

380 763 675 828 Quomodo
705 760 821 821 zahi
830 761 1085 838 potuerit
1107 763 1271 822 homo
1296 765 1682 919 imeffllaeffl
1707 783 1965 840 quoenam
1993 764 2110 839 ejus
2137 764 2330 839 lapsus
2354 779 2495 820 vera
2522 779 2696 819 causa

418 1001 469 1060 Ι.
514 1001 661 1060 Duae
688 1001 784 1060 hic
813 1000 1175 1076 Quaestiones
1214 1010 1559 1078 moventur3
1605 1002 1802 1061 Prima
1829 1000 1902 1060 de
1949 1000 2332 1080 possibilitate
2377 1000 2594 1079 lapsus,
2626 998 2736 1058 Al-

336 1087 462 1140 tera
487 1081 561 1139 de
590 1101 730 1140 vera
756 1081 884 1158 ejus
910 1102 1085 1142 eausa
1108 1106 1124 1143 :
1169 1083 1430 1161 Utraque
1458 1083 1755 1162 explicatu
1775 1081 2061 1158 difficilis;
2106 1089 2165 1140 et
2191 1081 2254 1138 in
2281 1102 2396 1159 qua
2423 1081 2732 1160 expedien-

337 1161 414 1219 da
442 1160 830 1220 diversimode
854 1170 1154 1240 peecatum
1182 1163 1309 1222 fuit.

334 1267 503 1313 Prima
517 1265 743 1320 Quaestio,
758 1265 817 1312 aa
940 1242 1026 1301 ΙΙ.
1070 1243 1277 1318 Quoad
1302 1242 1561 1321 primam,
1605 1242 1932 1302 Difficultas
1960 1261 2077 1300 non
2105 1249 2194 1300 est
2221 1259 2436 1318 magna
2461 1240 2522 1298 in
2551 1239 2734 1316 assig-

382 1324 710 1382 possibilitate
725 1325 828 1383 1⁸1)-
868 1322 1061 1381 nanda
1089 1323 1309 1400 origine
1337 1333 1704 1400 peccatorum
1732 1323 2005 1398 omnium,
2037 1342 2167 1399 quae
2195 1331 2321 1380 orta
2350 1328 2485 1379 sunt
2511 1341 2586 1378 ex
2613 1320 2734 1396 lap-

385 1396 482 1427 ¹¹²⁸·
866 1421 935 1460 su
964 1402 1195 1478 Adami,
1227 1403 1363 1480 quia
1390 1423 1519 1462 cum
1557 1403 1822 1462 homines
1866 1403 1983 1462 sint
2025 1401 2293 1478 corrupti,
2339 1401 2487 1458 nihil
2529 1400 2738 1478 procli-

332 1481 467 1540 vius
495 1488 585 1540 est
610 1479 927 1558 concipere,
958 1501 1133 1559 quam
1160 1503 1263 1541 cur
1289 1482 1545 1559 quotidie
1572 1491 1830 1561 peccent,
1874 1483 2010 1559 quia
2051 1481 2516 1558 concupiscentia
2555 1499 2738 1558 prava

332 1581 453 1619 non
480 1561 625 1620 alios
653 1579 827 1638 quam
853 1581 1066 1638 pravos
1093 1571 1153 1622 et
1178 1562 1535 1622 inordinatos
1561 1571 1754 1622 motus
1783 1563 1951 1621 edere
1987 1569 2196 1638 potest.
2245 1561 2360 1619 Sed
2401 1561 2462 1618 in
2502 1560 2737 1619 homine

332 1641 578 1719 integre,
608 1641 671 1698 in
699 1660 813 1719 quo
841 1641 1038 1701 nullus
1066 1641 1203 1702 dum
1231 1660 1388 1701 error
1414 1643 1473 1700 in
1502 1649 1711 1717 mente,
1741 1662 1850 1700 nec
1877 1642 1996 1699 ulla
2021 1643 2210 1712 ἀταξία
2236 1641 2298 1697 in
2324 1640 2622 1699 voluntate
2650 1640 2735 1697 lo-

336 1740 470 1779 cum
496 1721 717 1792 habuit,
748 1721 809 1778 in
839 1740 953 1797 quo
975 1723 1205 1799 justitia
1232 1721 1531 1800 originalis
1559 1731 1698 1798 erat,
1720 1742 1849 1800 quae
1870 1721 2096 1798 lapsum
2123 1720 2490 1798 impediebat,
2521 1728 2578 1779 et
2603 1739 2739 1778 cum

332 1800 437 1937 {ilo
466 1808 589 1859 erat
614 1799 913 1877 ἀσύντακτος,
944 1802 1345 1861 difficillimum
1373 1811 1463 1862 est
1489 1809 1680 1881 captu,
1713 1822 1827 1881 quo
1857 1801 2090 1862 tandem
2117 1801 2290 1860 modo
2319 1801 2438 1858 labi
2485 1799 2738 1877 potuerit

377 1899 508 1938 omo
535 1880 654 1938 inte
732 1900 779 1939 r.

657 1900 731 1957 ge
942 1959 1063 2019 ΙΙΙ.
1110 1960 1195 2020 Ut
1224 1981 1299 2019 ex
1326 1961 1435 2019 hac
1464 1961 1802 2021 difficultate
1844 1981 1906 2020 se
1935 1960 2263 2039 expediant,
2295 1959 2600 2037 Pelaqiani
2634 1979 2736 2018 ve-

333 2011 464 2130 Νὲξι.
486 2014 826 2118 Ρῖξζᾎῃῖῗὲῗ,
866 2048 1018 2099 teres
1047 2047 1105 2099 et
1130 2041 1496 2115 recentioreS,
1526 2042 1820 2121 Ponttfidi,
1845 2041 2148 2116 Sociniani‚
2181 2050 2239 2099 et
2259 2043 2736 2114 Remonstrantes,

376 2131 753 2234 ἰξίξῗὲἐὶῃοῗέω
770 2131 834 2233 23
873 2120 1093 2213 homini
1120 2120 1347 2258 {ite-gro
1375 2130 1545 2214 prout
1572 2142 1607 2180 a
1622 2122 1765 2213 ‘Deo
1794 2120 2062 2180 conditus
2090 2129 2195 2195 est,
2233 2120 2496 2212 tribuunt
2537 2119 2736 2212 proeci-

375 2247 683 2306 wemm-
867 2209 1353 2357 {mma
1378 2201 2126 2339 magnam
2140 2207 2743 2356 “imum

336 2377 495 2418 nunc
520 2365 629 2418 est.
715 2357 833 2418 Sed
860 2358 1147 2418 sententia
1172 2359 1297 2418 11ωο
1331 2359 1392 2418 in
1423 2361 1613 2418 Deum
1654 2358 1955 2418 manifeste
1984 2368 2074 2418 est
2113 2358 2341 2436 injuria,
2373 2367 2432 2418 et
2471 2357 2741 2416 falsitatis

338 2439 509 2498 facile
536 2445 728 2516 potest
754 2439 993 2498 revinci.
1082 2443 1132 2499 1.
1178 2438 1327 2514 Quia
1356 2440 1407 2498 si
1432 2438 1732 2498 inclinatio
1759 2439 1836 2498 ad
1861 2439 2216 2517 peccandum
2257 2438 2367 2497 fuit
2407 2438 2467 2496 in
2507 2436 2740 2496 homine

334 2538 373 2577 a
412 2527 655 2594 natura3
702 2519 862 2596 Ergo
902 2519 1091 2578 Deum
1132 2519 1431 2579 authorem
1473 2519 1727 2595 habebit,
1771 2527 1945 2596 atque
1986 2519 2069 2578 ita
2107 2519 2298 2596 ipsum
2337 2525 2638 2596 peccatum
2679 2517 2742 2574 in

343 2599 535 2659 Deum
562 2598 751 2677 ipsum
777 2598 1129 2676 refundetur,
1159 2606 1226 2659 ut
1266 2608 1437 2660 antea
1474 2600 1780 2677 proba-tum
1824 2599 1892 2659 L.
1913 2599 1989 2659 V.
2021 2599 2091 2675 Q.
2126 2602 2218 2659 11.
2261 2599 2344 2658 th.
2375 2600 2433 2658 9.
2504 2602 2560 2657 2.
2593 2597 2741 2672 Quia

336 2678 638 2738 inclinatio
666 2678 743 2737 ad
768 2680 1079 2739 amandum
1106 2686 1166 2739 et
1193 2679 1497 2739 colendum
1528 2680 1738 2757 Deum,
1769 2680 1998 2757 qualem
2038 2680 2290 2739 habebat
2331 2678 2598 2738 Adamus
2638 2697 2772 2755 per,

331 2759 622 2837 justitiam
649 2759 1007 2837 originalem,
1037 2768 1127 2819 est
1146 2758 1429 2826 ἇσύπατος
1450 2780 1579 2820 cum
1598 2760 1972 2819 inclinatione
1992 2759 2069 2818 ad
2087 2758 2460 2837 peccandum.
2506 2762 2561 2817 3.
2593 2757 2743 2832 Quia

337 2840 533 2899 omnia
559 2839 791 2898 fuerunt
815 2839 988 2898 valde
1005 2839 1160 2900 bona
1179 2840 1243 2898 in
1261 2840 1494 2899 homine
1515 2848 1649 2899 ante
1670 2841 1913 2918 lapsum,
1937 2848 2137 2917 utpote
2159 2839 2312 2897 facto
2333 2838 2408 2896 ad
2429 2838 2742 2915 imaginem

342 2919 492 2996 Dei;
538 2918 624 2978 At
650 2918 949 2979 inclinatio
978 2919 1053 2978 ad
1079 2920 1434 2997 peccandum
1462 2940 1577 2979 non
1606 2928 1799 2998 potest
1825 2939 1953 2979 esse
1980 2920 2149 2995 bona,
2182 2918 2318 2996 quia
2345 2926 2434 2977 est
2476 2918 2624 2995 Legi
2650 2936 2739 2976 re-

340 3005 651 3077 pugnans:
696 2998 869 3058 Unde
896 3007 1057 3076 patet
1081 3000 1525 3060 mutabilitatem
1567 3020 1698 3077 qum
1739 2999 1849 3058 fuit
1889 2999 1950 3057 in
1991 2998 2222 3057 Adamo
2266 2999 2389 3057 sine
2429 2998 2550 3057 ulla
2590 2997 2740 3073 labe,

340 3097 458 3136 non
486 3077 951 3136 confundendam
980 3098 1107 3139 esse
1136 3098 1269 3139 cum
1295 3080 1399 3140 tali
1424 3080 1797 3139 inclinatione
1824 3078 1901 3137 ad
1936 3078 2308 3157 peccandum,
2340 3099 2469 3156 quae
2496 3098 2614 3137 non
2640 3096 2742 3157 po-

338 3156 455 3217 tuit
479 3176 596 3215 non
624 3176 750 3215 esse
778 3157 1006 3217 vitiosa.

949 3238 1061 3296 IV.
1105 3237 1245 3297 Alia
1271 3258 1411 3314 ergo
1438 3238 1752 3315 quaerenda
1791 3247 1883 3298 est
1907 3238 2055 3298 ratio
2089 3236 2335 3298 tollendi
2375 3238 2544 3297 istius
2585 3256 2742 3297 scru-

866 3316 1009 3394 puli,
1039 3337 1169 3394 quae
1196 3336 1315 3375 non
1342 3317 1455 3375 alia
1481 3327 1674 3395 potest
1701 3318 1827 3377 dari
1855 3319 2224 3394 commodior,
2255 3338 2430 3395 quam
2459 3320 2510 3377 si
2555 3336 2748 3377 recur-

866 3414 1064 3455 ramus
1091 3395 1168 3454 ad
1194 3395 1445 3454 hominis
1472 3396 1643 3473 primi
1671 3398 2092 3455 mutabilitatem
2113 3406 2173 3456 et
2190 3398 2513 3471 libertatem,
2534 3398 2748 3474 quippe

344 3477 447 3557 qui
461 3478 658 3558 justus
686 3475 921 3555 quidem
947 3484 1007 3533 et
1032 3482 1267 3534 sanctus
1293 3474 1561 3535 conditus
1588 3483 1694 3552 est,
1728 3476 1830 3534 sed
1866 3475 2237 3550 mutabiliter,
2283 3484 2347 3535 ut
2387 3485 2582 3554 posset
2619 3476 2746 3551 qui-

345 3558 480 3617 dem
508 3566 659 3617 stare
688 3556 741 3615 si
766 3554 961 3630 vellet,
994 3553 1097 3614 sed
1123 3562 1320 3632 posset
1346 3554 1519 3614 etiam
1549 3554 1599 3614 si
1625 3554 1808 3614 vellet
1834 3554 1909 3613 ad
1937 3555 2152 3611 malum
2181 3554 2426 3613 deficere
2449 3577 2464 3632 ;
2509 3554 2667 3631 quod
2695 3554 2748 3614 si

346 3637 494 3696 nihil
521 3637 681 3696 aliud
706 3635 955 3710 doceret,
986 3642 1229 3694 eventus
1255 3633 1380 3712 ipse
1408 3634 1549 3693 satis
1576 3632 1928 3711 comprobat.

422 3718 499 3778 V.
542 3718 707 3775 Licet
726 3724 919 3775 autem
938 3714 1295 3775 mutabilitas
1314 3714 1429 3774 ista
1446 3714 1888 3791 possibilitatem
1909 3712 2108 3790 lapsus
2135 3712 2368 3788 indicet,
2397 3720 2457 3772 et
2477 3712 2554 3772 eit
2573 3732 2749 3772 cauea

338 3798 458 3857 sine
484 3817 601 3875 qua
626 3816 739 3855 non
786 3815 889 3855 seu
916 3794 1262 3853 antecedens
1293 3794 1525 3872 lapsus;
1571 3794 1705 3852 Non
1731 3801 1923 3871 potest
1949 3801 2143 3852 tamen
2171 3792 2392 3852 censeri
2419 3793 2546 3870 ejus
2573 3812 2750 3852 causa

340 3878 572 3955 propria
606 3885 667 3935 et
705 3896 809 3954 per
836 3894 931 3951 se;
976 3874 1109 3932 Non
1136 3874 1310 3932 modo
1336 3874 1474 3951 quia
1500 3873 1610 3933 fuit
1636 3872 1891 3933 conditio
1919 3881 2222 3932 concreata
2260 3872 2482 3932 homini
2521 3874 2748 3951 integro

338 3977 377 4016 a
407 3958 551 4032 De0,
582 3975 711 4033 quae
751 3955 862 4015 fuit
888 3954 1063 4013 etiam
1103 3954 1165 4011 in
1192 3952 1443 4031 Angelis
1470 3952 1672 4012 electis
1699 3961 1832 4012 ante
1861 3972 2057 4012 eorum
2087 3952 2594 4029 confirmationem,
2626 3954 2749 4014 sine

340 4038 463 4097 ulla
488 4036 839 4111 vitiositate3
887 4034 1003 4094 Sed
1030 4032 1203 4093 etiam
1229 4034 1367 4110 quia
1394 4040 1483 4093 est
1509 4033 1742 4111 quidem
1770 4033 2005 4111 negatio
2032 4032 2280 4110 alicujus
2315 4032 2471 4108 boni,
2503 4034 2607 4093 sed
2633 4054 2752 4093 non

340 4126 432 4175 est
458 4115 707 4194 privatio
734 4114 871 4174 boni
899 4112 1081 4172 debiti
1108 4122 1400 4190 creaturae,
1433 4112 1537 4173 sed
1563 4112 1824 4189 indebiti,
1855 4113 2114 4190 adeoque
2135 4132 2252 4171 non
2273 4114 2508 4173 sustulit
2531 4114 2750 4191 perfec·

340 4195 558 4255 tionem
585 4196 837 4272 aliquam
877 4194 939 4252 in
967 4200 1121 4251 statu
1148 4202 1367 4253 naturae
1394 4192 1750 4272 requisitam.
1834 4192 1930 4251 Ita
1967 4193 2064 4252 hic
2090 4201 2356 4252 accurate
2387 4193 2748 4271 distinguen-

341 4276 481 4335 dum
508 4283 599 4335 est
638 4274 789 4334 inter
826 4274 1249 4331 mutabilitatem
1286 4273 1490 4350 ipsam,
1520 4293 1652 4350 quae
1679 4280 1770 4333 est
1796 4273 2050 4332 conditio
2078 4282 2354 4333 creaturae
2381 4273 2748 4349 conveniens,

344 4360 405 4414 et
444 4364 631 4414 actum
670 4353 1050 4413 mutabilitatis
1090 4352 1277 4427 istius,
1319 4372 1435 4429 quo
1476 4354 1652 4412 homo
1697 4353 1772 4410 ad
1814 4352 2191 4413 mutationem
2234 4351 2554 4411 inelinavit.
2637 4353 2750 4411 Illa

341 4435 657 4513 potentiam
684 4434 940 4508 notabat,
970 4451 1101 4508 quae
1128 4440 1353 4509 poterat
1378 4431 1643 4491 inclinari
1685 4432 1760 4491 ad
1792 4432 2025 4508 malum,
2057 4433 2161 4491 sed
2187 4452 2316 4510 quae
2343 4432 2599 4491 nondum
2629 4441 2750 4491 erat

345 4515 653 4591 inclinata3
705 4513 827 4575 Iste
868 4532 1008 4571 vero
1050 4512 1481 4571 inclinationem
1524 4513 1710 4591 ipsam
1755 4514 2038 4576 actualem
2083 4512 2159 4572 ad
2205 4511 2421 4572 malum
2461 4510 2747 4589 designat,

346 4594 505 4673 Lege
536 4594 648 4654 Dei
676 4592 1022 4669 damnatam,
1053 4600 1112 4651 et
1139 4592 1326 4650 omnis
1352 4592 1575 4670 peccati
1602 4591 1838 4652 fontem.

341 3301 438 3349 Sed
465 3314 553 3359 per
578 3300 827 3345 mutabili-

434 3362 587 3405 tatem
620 3359 743 3417 ejus.
