3300 5225
325 389 548 440 Qufflzsr.
578 368 826 454 xxvu1.]
1167 391 1246 430 nn
1276 390 1395 432 nso
1421 390 1558 449 tmo,
1591 391 1667 430 81·
1695 390 1892 432 ramo.
2616 374 2731 430 257

327 550 464 670 32¹1?
491 531 704 670 ‘’1⁷¹²'‘i‘3.
706 531 1883 704 ΡΟΞοῖιὲῘῗείιἭἭξήιΗοὲἷᾲέωἶζ
1928 528 2396 686 εἷ’ἓζῗῖἕέ-’ἑῖῗ
2418 529 2734 670 J⁸²0‘⁶⁵v²⁸.³“1”⁷⁸3

325 694 384 749 3.
416 690 829 750 Miraculorum
870 691 1131 784 patratio,
1163 710 1292 768 quae
1332 691 1474 749 vel
1459 710 1581 768 lpse
1608 711 1713 768 per
1740 709 1819 764 se,
1849 690 1945 750 vel
1974 689 2391 767 Apostolorum
2416 687 2735 748 ministerio

325 769 480 847 fecit,
509 777 576 830 ut
615 771 830 847 passim
857 769 1131 829 videtur
1113 790 1175 827 m
1204 769 1546 846 Evangelio,
1577 780 1636 829 et
1676 769 1963 848 praecipue
1991 778 2345 828 mortuorum
2372 768 2731 842 resurrectio,

325 849 372 909 J
373 869 501 908 oan
531 869 588 908 v.
619 852 716 924 21,
747 857 806 909 et
830 850 910 909 vi.
939 851 1036 926 40,
1068 868 1198 927 quae
1225 858 1476 926 arguunt
1503 848 1833 910 absolutum
1867 849 2081 910 Christi
2120 850 2181 906 in
2222 856 2513 908 creaturas
2554 848 2734 925 impe-

324 929 494 988 rium.
551 929 724 989 Unde
752 928 828 1000 ad
855 949 1030 1007 opera
1055 929 1168 988 ista
1193 937 1470 1006 provocat
1495 937 1771 1006 tanquam
1799 929 1876 988 ad
1901 938 2242 1007 argumenta
2266 928 2487 987 invicta
2506 927 2733 986 Divini-

323 1008 462 1068 tatis
489 1028 626 1084 suae,
657 995 832 1068 Joan.
861 1028 920 1067 v.
951 1011 1046 1084 36,
1077 1016 1139 1067 et
1164 1007 1320 1067 alibi.

408 1088 634 1146 XXII.
678 1089 810 1147 Non
849 1095 1043 1165 potest
1081 1087 1332 1164 intelligi
1357 1089 1604 1147 secunda
1634 1087 1881 1163 GreatiO,
1912 1087 1957 1148 J
1958 1107 2013 1146 o
2040 1086 2080 1147 i.
2110 1090 2165 1162 3,
2194 1095 2262 1147 ιιι
2289 1087 2593 1146 cavillatur
2630 1085 2733 1145 So-

326 1165 508 1243 cinus,
543 1170 596 1226 1.
639 1168 776 1260 quia
795 1168 840 1227 J
842 1169 935 1227 oh
965 1167 1221 1245 loquitur
1247 1167 1510 1227 absolute
1537 1175 1598 1226 et
1624 1167 1749 1226 sine
1776 1167 1899 1226 ulla
1923 1133 2299 1242 restrictione,
2324 1186 2453 1244 quae
2473 1166 2737 1225 adhiberi

327 1246 490 1322 solet,
521 1247 749 1325 quoties
785 1247 858 1306 de
898 1266 1052 1306 nova
1089 1247 1376 1306 creatione
1414 1248 1622 1324 agitur.
1666 1250 1723 1306 2.
1766 1247 1961 1323 agitur
1988 1247 2060 1305 de
2088 1246 2374 1306 creatione
2400 1245 2734 1320 universali,

323 1325 524 1464 ιιι
542 1327 1190 1482 partums?
1207 1325 2735 1499 ιιειιιιιιῆιιειῖιιι11110113ιῖ

527 1450 540 1482 ²

323 1487 383 1543 4.
427 1485 646 1545 Paulus
673 1486 936 1544 extendit
970 1487 1142 1545 istam
1177 1486 1525 1544 creationem
1552 1484 1629 1543 ad
1670 1504 1871 1544 omnes
1898 1486 2131 1544 omnino
2158 1493 2448 1544 creaturas
2475 1483 2736 1542 visibiles

323 1571 384 1622 et
411 1564 748 1642 invisibiles,
781 1573 839 1624 et
865 1565 1024 1642 ipsos
1045 1564 1327 1641 Angelos,
1357 1572 1416 1624 et
1436 1564 1744 1642 distinguit
1770 1565 2117 1624 creationem
2142 1564 2385 1642 primam
2408 1583 2443 1621 a
2464 1563 2733 1640 secunda,

325 1643 399 1701 de
440 1663 556 1720 qua
591 1644 715 1722 agit
754 1651 996 1720 tantum,
1027 1664 1085 1703 v.
1136 1646 1229 1703 18.
1312 1645 1436 1704 Nec
1479 1644 1531 1702 si
1567 1664 1683 1720 per
1721 1645 1938 1702 Filium
1976 1644 2171 1702 omnia
2210 1651 2403 1702 creata
2446 1643 2732 1719 dicuntur,

324 1731 559 1782 notatur
585 1743 760 1782 causa
784 1723 1254 1799 instrumentalis,
1285 1743 1416 1801 quae
1455 1723 1616 1783 nulla
1655 1732 1848 1801 potest
1875 1743 2001 1782 esse
2042 1724 2105 1782 in
2134 1723 2452 1797 Creatione‚
2485 1722 2589 1781 sed
2614 1721 2735 1782 effi·

325 1802 486 1862 ciens
511 1802 862 1881 principalis,
893 1803 1182 1880 quomodo
1199 1823 1314 1896 per
1328 1806 1518 1862 Deum
1545 1803 1817 1862 dicuntur
1842 1823 1969 1862 esse
1998 1803 2207 1901 omnia,
2239 1802 2409 1860 Rom.
2438 1802 2518 1860 xi.
2550 1804 2645 1878 36,
2676 1810 2737 1861 et

327 1882 610 1958 particula
645 1879 731 1940 δια
773 1902 936 1975 saepe·
953 1884 1035 1942 ita
1071 1883 1332 1959 sumitur,
1365 1882 1497 1942 Gal.
1527 1882 1566 1940 i.
1601 1885 1653 1941 1.
1738 1883 1861 1941 Nec
1888 1891 2109 1942 tantum
2140 1879 2202 1940 2⁹
2228 1887 2293 1940 aiv
2352 1889 2528 1958 ’ἴμεν
2554 1881 2736 1957 ipsum

327 1969 394 2018 ut
419 1960 764 2054 principium
783 1962 978 2020 omnia
997 1969 1133 2021 sunt
1152 1962 1400 2036 condita,
1431 1960 1535 2020 sed
1563 1967 1624 2026 εἷς
1645 1988 1791 2020 avr·
1810 1963 1941 2021 ad
1916 1981 2113 2038 zpeum,
2137 1970 2411 2038 tanquam
2440 1960 2515 2018 ad
2540 1960 2732 2036 finem,

328 2039 596 2100 Coloss.‘
579 2061 617 2099 1.
651 2043 745 2116 16,
775 2041 932 2118 quod
958 2041 1336 2099 instrumento
1364 2061 1482 2099 non
1509 2043 1817 2117 competit:
1861 2041 2224 2116 1111οέ1ιαῦτᾷ
2250 2041 2518 2100 dicuntur
2544 2041 2739 2098 omnia

327 2119 498 2196 facta,
527 2120 818 2197 quomodo
845 2120 982 2179 Act.
1013 2119 1156 2179 xvii.
1188 2121 1283 2196 38,
1315 2119 1561 2179 dicimur
1586 2121 1627 2179 in
1654 2124 1795 2196 αὐτό
1818 2121 1957 2180 nim.
1989 2121 2117 2179 Deo
2144 2122 2359 2196 vivere,
2402 2119 2640 2194 moveri,
2678 2127 2739 2178 et

325 2217 475 2258 esse.
559 2200 683 2258 Nec
731 2199 783 2258 si
831 2199 991 2258 Patri
1033 2199 1305 2258 tribuitur
1351 2199 1564 2258 creatio
1613 2198 2055 2277 appropriative,
2101 2199 2373 2258 continuo
2417 2199 2740 2276 denegatur

329 2277 501 2356 Filio,
541 2288 647 2416 ἕξω
637 2279 811 2338 Pater
848 2299 968 2338 non
1007 2279 1336 2338 excluditur
1375 2278 1448 2337 ab
1491 2298 1663 2357 opere
1705 2277 2160 2356 Redemptionis,
2200 2277 2339 2338 licet
2371 2278 2740 2356 peculiariter

327 2358 482 2416 Filio
509 2379 544 2416 a
649 2358 886 2418 ribatur.

408 2437 670 2496 XXIII.
709 2437 914 2497 Virtus
939 2436 1205 2516 patrandi
1231 2437 1508 2498 mitacula
1533 2457 1650 2498 non
1671 2435 1781 2500 fuit
1800 2439 1889 2498 illi
1908 2438 2227 2499 adventitia
2246 2447 2307 2499 et
2326 2437 2734 2515 ministerialis,

323 2516 514 2593 qualis
534 2524 659 2575 erat
680 2516 1092 2595 Apostolorum
1115 2525 1174 2576 et
1195 2518 1628 2613 Prophetarum,
1654 2519 1759 2578 sed
1783 2519 2015 2597 propria
2034 2527 2094 2578 et
2118 2519 2326 2579 11181ι8·
2369 2518 2507 2596 quia
2526 2519 2739 2612 dicitur

324 2595 401 2655 ab
428 2616 498 2656 eo
524 2617 806 2673 manasse,
838 2598 980 2657 Luc.
1009 2596 1090 2656 vi.
1124 2599 1215 2675 19,
1247 2607 1306 2657 et
1334 2597 1454 2692 viii,
1484 2601 1584 2659 46.
1647 2601 1704 2658 2.
1734 2606 1951 2677 negant
1976 2597 2247 2692 Apostoli
2278 2619 2339 2659 se
2361 2597 2591 2677 propria
2617 2599 2734 2657 vir-

325 2684 450 2736 tute
491 2676 678 2737 facere
713 2678 1006 2753 miracula,
1049 2676 1153 2736 sed
1191 2678 1254 2735 in
1293 2677 1524 2737 nomine
1567 2678 1799 2755 Christi,
1832 2678 2033 2739 Actor.
2074 2678 2153 2739 iv.
2195 2684 2249 2755 7,
2285 2682 2377 2755 10,
2407 2679 2485 2738 id.
2516 2679 2645 2756 ejus
2672 2677 2736 2737 vi

325 2765 386 2815 et
425 2757 788 2834 authoritate,
832 2765 892 2817 et
919 2756 1190 2817 virtutem
1231 2757 1402 2817 istam
1443 2778 1480 2815 a
1521 2757 1752 2818 Christo
1791 2767 2012 2836 petunt,
2045 2758 2179 2818 Act.
2220 2759 2301 2817 ix.
2338 2761 2434 2818 34.
2519 2758 2573 2817 N
2575 2778 2643 2817 ec
2684 2758 2735 2817 si

325 2835 590 2896 Christus
615 2857 816 2914 preces
843 2856 1256 2915 nonnunquam
1283 2836 1550 2897 adhibuit
1577 2838 1653 2896 ad
1680 2838 1941 2897 miraculi
1968 2839 2213 2917 alicujus
2239 2836 2637 2916 patrationem,
2669 2846 2736 2897 ut

326 2916 369 2975 J
371 2936 424 2974 o
467 2916 547 2975 xi.
577 2920 674 2991 41,
719 2917 980 2995 sequitur
1019 2916 1308 2994 propriam
1343 2917 1618 2977 virtutem
1662 2917 1810 2977 illud
1852 2917 2062 2977 edendi
2102 2939 2219 2977 non
2261 2917 2550 2994 habuisse,
2598 2918 2737 2994 quia

324 2995 436 3055 hoc
481 3016 600 3055 non
646 2962 784 3056 fecit
826 3017 902 3055 ex
951 2996 1180 3056 defectu
1231 2997 1520 3073 potentiae,
1573 2997 1677 3056 sed
1730 2998 1939 3075 partim
1984 2997 2301 3057 secundum
2348 2997 2733 3056 voluntariam

321 3076 719 3151 oeconomiam,
749 3096 854 3154 per
879 3094 1054 3152 quam
1081 3076 1142 3133 in
1170 3076 1357 3135 officio
1386 3076 1734 3136 Mediatorio
1762 3097 1825 3136 se
1855 3078 2015 3137 Patri
2044 3077 2347 3153 submittit,
2378 3084 2439 3137 et
2465 3076 2541 3135 ad
2566 3076 2731 3135 illum

323 3156 520 3213 omnia
545 3154 734 3230 refert,
763 3156 972 3232 partim
999 3163 1067 3215 ut
1093 3174 1156 3213 se
1183 3156 1693 3215 accommodaret
1678 3156 1767 3232 118,
1798 3158 2009 3235 quibus
2047 3157 2428 3235 praesentibus
2456 3156 2735 3217 miracula

323 3234 604 3312 patrabat,
637 3244 702 3293 ut
729 3234 942 3293 scirent
968 3233 1161 3293 omnia
1185 3234 1452 3311 precibus
1479 3254 1608 3295 esse
1635 3236 1967 3295 obtinenda.

407 3313 658 3373 XXIV.
703 3314 826 3372 Nec
853 3314 1044 3373 minus
1071 3315 1266 3407 Opera
1296 3312 1520 3374 Gratim
1559 3323 1618 3374 et
1643 3316 2063 3392 Redemptiom'e
2090 3315 2319 3375 Christo
2360 3316 2729 3376 tribuuntur·
2713 3362 2728 3393 ,

323 3393 514 3469 qualis
542 3401 632 3451 est
660 3392 900 3467 ElectiO,
933 3394 976 3453 J
978 3413 1032 3452 o
1061 3393 1185 3451 xiii.
1219 3394 1332 3468 18,
1377 3393 1741 3472 RedemptiO,
1772 3393 1908 3454 Act.
1938 3416 2041 3454 xx.
2072 3398 2187 3470 28,
2233 3396 2498 3471 Venatio,
2529 3397 2572 3456 J
2574 3418 2628 3455 o
2667 3416 2728 3455 x.

331 3474 424 3545 16,
457 3473 665 3531 Matth.
695 3473 776 3531 ix.
811 3475 923 3548 133
971 3438 1378 3547 Sanctificati’o,
1425 3472 1574 3550 Eph.
1616 3493 1676 3533 v.
1706 3478 1819 3550 26,
1864 3474 2071 3533 Missio
2104 3474 2351 3552 Spiritus
2383 3475 2597 3552 Sancti,
2629 3476 2673 3535 J
2675 3495 2728 3537 Q

323 3552 447 3610 xvi.
480 3556 533 3627 7,
569 3554 661 3627 14,
691 3560 750 3611 et
776 3572 877 3611 xv,
908 3518 1020 3630 26·
1067 3551 1341 3612 Defensio
1383 3551 1662 3611 adversus
1703 3573 1902 3612 omnes
1937 3553 2192 3612 hostium
2232 3554 2497 3629 insultus,
2528 3563 2587 3613 et
2628 3553 2730 3612 do·

324 3631 484 3689 natio
512 3632 648 3690 vitae
693 3639 937 3708 aeterum,
969 3634 1013 3693 J
1015 3653 1068 3691 o
1107 3653 1167 3692 Χ.
1201 3634 1294 3707 10,
1324 3634 1441 3708 28;
1501 3631 1838 3691 Vivificatio
1880 3640 1939 3691 et
1978 3632 2319 3693 resurrectio
2354 3640 2727 3708 mortuorum,

326 3712 369 3769 J
371 3731 426 3769 ο
455 3730 514 3769 v.
545 3714 662 3788 21,
705 3719 765 3771 et
791 3712 1063 3805 suiipsius
1091 3710 1404 3787 suscitatio,
1436 3730 1566 3787 quae
1592 3718 1660 3771 ut
1686 3711 1968 3770 invictum
1988 3710 2223 3771 affertur
2245 3711 2585 3771 Divinitatis
2604 3714 2731 3791 ejus

325 3800 748 3867 argumentum,
778 3792 821 3851 J
825 3811 876 3850 o
908 3791 967 3851 ii.
1000 3793 1092 3867 19,
1124 3799 1184 3850 et
1209 3810 1271 3849 Χ.
1304 3792 1396 3866 18,
1429 3790 1598 3850 Rom.
1628 3790 1669 3850 i.
1697 3794 1774 3866 43
1818 3790 2119 3851 «Iudicium
2138 3789 2483 3867 universale,
2513 3792 2729 3851 Johan.

325 3889 384 3927 v.
415 3874 511 3943 22,
545 3870 678 3930 Act.
709 3871 853 3929 xvii.
884 3874 980 3930 31.
1065 3870 1212 3929 Haec
1253 3870 1405 3929 enim
1448 3870 1642 3929 omnia
1682 3836 1791 3929 soli
1818 3888 1958 3929 vero
2002 3871 2130 3930 Deo
2170 3878 2521 3948 competunt.
2606 3866 2731 3937 Nec

325 3948 444 4007 dici
471 3915 644 4009 debet
670 3952 795 4010 haec
824 3951 1053 4010 Christo
1079 3950 1257 4009 tribui
1283 3958 1350 4009 ut
1375 3968 1563 4009 causae
1591 3930 2033 4026 instrumentali,
2063 3969 2167 4027 per
2193 3969 2365 4028 quam
2396 3951 2569 4011 Pater
2596 3972 2729 4029 ope-

327 4037 523 4088 retur:
568 4030 733 4105 Nam,
763 4040 1143 4108 praeterquam
1170 4030 1328 4108 quod
1353 4030 1626 4107 pleraque
1661 4030 1775 4089 ista
1800 4050 1975 4109 opera
2014 4029 2346 4089 imruediate
2374 4051 2410 4089 a
2437 4030 2565 4089 Deo
2605 4031 2731 4091 fieri
2846 4030 2857 4041 ‘

327 4108 541 4168 debent
568 4110 692 4169 sine
719 4110 895 4169 ullius
921 4110 1287 4169 instrumenti
1325 4110 1695 4185 interventu,
1736 4109 1874 4169 licet
1903 4110 2166 4170 Christus
2205 4116 2344 4189 agat
2385 4110 2481 4169 hic
2508 4119 2578 4170 ut
2602 4111 2731 4170 Me-

326 4187 531 4265 diator,
563 4190 664 4266 qui
691 4190 912 4250 ratione
939 4190 1272 4249 oeconomiae
1298 4190 1487 4248 minor
1513 4198 1602 4249 est
1632 4190 1821 4266 Patre,
1845 4210 1963 4249 non
1989 4189 2203 4250 desinit
2229 4190 2317 4249 illi
2338 4188 2576 4268 aequalis
2602 4210 2733 4251 esse

325 4268 520 4344 quoad
548 4269 856 4329 essentiam
885 4277 944 4329 et
969 4276 1328 4347 potestatem,
1360 4276 1420 4327 et
1455 4269 1568 4328 ista
1593 4270 1817 4348 operari
1858 4278 1925 4329 ut
1953 4270 2276 4346 Dominus,
2320 4270 2477 4348 quod
2516 4270 2733 4331 invicte

324 4348 533 4425 probat
561 4348 897 4426 Apostolus,
931 4349 1084 4408 Heb.
1113 4348 1193 4410 iii.
1224 4352 1280 4425 3,
1309 4348 1366 4423 4,
1396 4348 1500 4407 ubi
1524 4348 1769 4426 loquens
1795 4349 1869 4409 de
1897 4350 2304 4410 constitutione
2335 4350 2611 4409 Ecclesiae
2644 4350 2733 4409 di-

324 4426 406 4487 cit
435 4427 726 4487 Christum
755 4428 988 4488 domum
1015 4429 1184 4489 istam
1212 4428 1556 4503 condidisse,
1587 4438 1760 4506 atque
1802 4428 1883 4488 ita
1923 4449 2056 4489 eum
2084 4430 2279 4523 Mose,
2300 4430 2399 4508 qui
2441 4430 2501 4487 in
2529 4450 2599 4489 ea
2625 4428 2735 4490 fuit

323 4512 548 4565 tantum
579 4527 782 4567 servus
822 4508 1028 4584 fidelis,
1056 4509 1231 4586 longe
1277 4507 1600 4584 digniorem
1641 4508 1819 4568 fuisse
1858 4509 2102 4587 probat3
2148 4510 2455 4588 statimque
2477 4509 2729 4587 subjicit,

333 4587 527 4645 Omm‘s
553 4590 752 4647 domu-s
777 4589 848 4647 ab
865 4588 1066 4675 aliquo
1082 4588 1440 4663 constr-uim,
1461 4590 1622 4647 Deus
1640 4597 1829 4649 autem
1854 4590 1947 4649 ilk
1973 4599 2055 4649 est
2080 4591 2180 4667 qui
2192 4591 2381 4649 omnia
2400 4589 2729 4663 construxit,

323 4664 574 4729 innuens
599 4668 822 4729 scilicet
849 4666 1160 4729 clarissime
1189 4668 1502 4744 Christum,
1532 4668 1634 4746 qui
1652 4667 1977 4737 Ecclesiam
1993 4669 2317 4745 aedificavit,
2350 4669 2539 4730 Deum
2568 4686 2731 4729 esse.

2369 4767 2409 4807 ιι
