<?xml version="1.0" encoding="UTF-8"?>
<!DOCTYPE html PUBLIC "-//W3C//DTD XHTML 1.0 Transitional//EN"
    "http://www.w3.org/TR/xhtml1/DTD/xhtml1-transitional.dtd">
<html xmlns="http://www.w3.org/1999/xhtml" xml:lang="en" lang="en">
 <head>
  <title>
</title>
<meta http-equiv="Content-Type" content="text/html;charset=utf-8" />
  <meta name='ocr-system' content='tesseract 3.04.00' />
  <meta name='ocr-capabilities' content='ocr_page ocr_carea ocr_par ocr_line ocrx_word'/>
</head>
<body>
  <div class='ocr_page' id='page_1' title='image "./institutiotheol00turrgoog_0163.png"; bbox 0 0 3300 5225; ppageno 0'>
   <div class='ocr_carea' id='block_1_1' title="bbox 304 306 2724 386">
    <p class='ocr_par' dir='ltr' id='par_1_1' title="bbox 304 306 2724 386">
     <span class='ocr_line' id='line_1_1' title="bbox 304 306 2724 386; baseline -0.001 -16"><span class='ocrx_word' id='word_1_1' title='bbox 304 324 526 377; x_wconf 63' lang='lat' dir='ltr'><strong><em>onzes‘r.</em></strong></span> <span class='ocrx_word' id='word_1_2' title='bbox 558 306 719 386; x_wconf 86' lang='lat' dir='ltr'><strong><em>xm]</em></strong></span> <span class='ocrx_word' id='word_1_3' title='bbox 1282 326 1363 367; x_wconf 77' lang='lat' dir='ltr'><strong><em>nn</em></strong></span> <span class='ocrx_word' id='word_1_4' title='bbox 1394 326 1738 371; x_wconf 64' lang='lat' dir='ltr'><strong>SCRIPTUM·</strong></span> <span class='ocrx_word' id='word_1_5' title='bbox 2615 309 2724 367; x_wconf 90' lang='lat'><strong><em>111</em></strong></span> 
     </span>
    </p>
   </div>
   <div class='ocr_carea' id='block_1_2' title="bbox 309 463 2758 2370">
    <p class='ocr_par' dir='ltr' id='par_1_2' title="bbox 309 463 2758 2370">
     <span class='ocr_line' id='line_1_2' title="bbox 309 463 2730 545; baseline -0.001 -20"><span class='ocrx_word' id='word_1_6' title='bbox 309 467 464 526; x_wconf 86' lang='lat' dir='ltr'><strong><em>lecta</em></strong></span> <span class='ocrx_word' id='word_1_7' title='bbox 517 465 803 525; x_wconf 76' lang='lat' dir='ltr'><strong><em>celeberr.</em></strong></span> <span class='ocrx_word' id='word_1_8' title='bbox 864 464 1152 524; x_wconf 84' lang='lat' dir='ltr'><strong><em>Buxtorfii</em></strong></span> <span class='ocrx_word' id='word_1_9' title='bbox 1210 468 1601 545; x_wconf 80' lang='lat' dir='ltr'>responsione,</span> <span class='ocrx_word' id='word_1_10' title='bbox 1653 468 1820 527; x_wconf 87' lang='lat' dir='ltr'><strong><em>aliter</em></strong></span> <span class='ocrx_word' id='word_1_11' title='bbox 1871 468 2046 545; x_wconf 88' lang='lat' dir='ltr'><strong><em>longe</em></strong></span> <span class='ocrx_word' id='word_1_12' title='bbox 2102 464 2176 525; x_wconf 86' lang='lat' dir='ltr'><strong><em>de</em></strong></span> <span class='ocrx_word' id='word_1_13' title='bbox 2229 485 2300 525; x_wconf 82' lang='lat' dir='ltr'><strong><em>ea</em></strong></span> <span class='ocrx_word' id='word_1_14' title='bbox 2345 463 2600 542; x_wconf 84' lang='lat' dir='ltr'><strong><em>loquitur</em></strong></span> <span class='ocrx_word' id='word_1_15' title='bbox 2665 466 2730 523; x_wconf 91' lang='lat' dir='ltr'><strong><em>in</em></strong></span> 
     </span>
     <span class='ocr_line' id='line_1_3' title="bbox 312 544 2735 624; baseline -0.001 -19"><span class='ocrx_word' id='word_1_16' title='bbox 312 545 561 624; x_wconf 84' lang='lat' dir='ltr'><strong><em>epistola</em></strong></span> <span class='ocrx_word' id='word_1_17' title='bbox 605 544 682 603; x_wconf 85' lang='lat' dir='ltr'><strong><em>ad</em></strong></span> <span class='ocrx_word' id='word_1_18' title='bbox 715 545 1082 604; x_wconf 85' lang='lat' dir='ltr'><strong><em>Buxtorfium</em></strong></span> <span class='ocrx_word' id='word_1_19' title='bbox 1113 546 1314 624; x_wconf 83' lang='lat' dir='ltr'><strong><em>Haga-</em></strong></span> <span class='ocrx_word' id='word_1_20' title='bbox 1320 548 1561 607; x_wconf 86' lang='lat' dir='ltr'><strong><em>Comitis</em></strong></span> <span class='ocrx_word' id='word_1_21' title='bbox 1602 547 1739 607; x_wconf 88' lang='lat' dir='ltr'><strong><em>data</em></strong></span> <span class='ocrx_word' id='word_1_22' title='bbox 1779 567 1932 605; x_wconf 86' lang='lat' dir='ltr'><strong><em>anno</em></strong></span> <span class='ocrx_word' id='word_1_23' title='bbox 1977 548 2148 620; x_wconf 85' lang='lat'>1645,</span> <span class='ocrx_word' id='word_1_24' title='bbox 2179 565 2352 623; x_wconf 87' lang='lat' dir='ltr'><strong><em>quam</em></strong></span> <span class='ocrx_word' id='word_1_25' title='bbox 2395 545 2517 622; x_wconf 87' lang='lat' dir='ltr'><strong><em>ipse</em></strong></span> <span class='ocrx_word' id='word_1_26' title='bbox 2557 544 2735 605; x_wconf 79' lang='lat' dir='ltr'><strong>refert</strong></span> 
     </span>
     <span class='ocr_line' id='line_1_4' title="bbox 312 592 2731 704; baseline -0 -21"><span class='ocrx_word' id='word_1_27' title='bbox 312 626 355 685; x_wconf 91' lang='lat' dir='ltr'><strong><em>l.</em></strong></span> <span class='ocrx_word' id='word_1_28' title='bbox 403 628 455 685; x_wconf 90' lang='lat'><strong><em>1.</em></strong></span> <span class='ocrx_word' id='word_1_29' title='bbox 496 625 658 684; x_wconf 77' lang='lat' dir='ltr'><strong><em>Anti-</em></strong></span> <span class='ocrx_word' id='word_1_30' title='bbox 666 624 827 699; x_wconf 82' lang='lat' dir='ltr'><strong><em>Criti,</em></strong></span> <span class='ocrx_word' id='word_1_31' title='bbox 872 644 923 683; x_wconf 87' lang='lat' dir='ltr'><strong><em>c.</em></strong></span> <span class='ocrx_word' id='word_1_32' title='bbox 972 627 1069 700; x_wconf 82' lang='lat'><strong><em>20,</em></strong></span> <span class='ocrx_word' id='word_1_33' title='bbox 1110 646 1167 703; x_wconf 89' lang='lat' dir='ltr'><strong><em>p.</em></strong></span> <span class='ocrx_word' id='word_1_34' title='bbox 1212 628 1369 703; x_wconf 83' lang='lat'>345;</span> <span class='ocrx_word' id='word_1_35' title='bbox 1432 628 1606 693; x_wconf 80' lang='lat' dir='ltr'><strong><em>Quod</em></strong></span> <span class='ocrx_word' id='word_1_36' title='bbox 1648 636 1863 704; x_wconf 81' lang='lat' dir='ltr'><strong><em>spectat</em></strong></span> <span class='ocrx_word' id='word_1_37' title='bbox 1905 592 2256 704; x_wconf 66' lang='lat' dir='ltr'><strong><em>Gappell’um,</em></strong></span> <span class='ocrx_word' id='word_1_38' title='bbox 2311 624 2547 685; x_wconf 80' lang='lat' dir='ltr'><strong><em>Clariss.</em></strong></span> <span class='ocrx_word' id='word_1_39' title='bbox 2589 624 2731 683; x_wconf 84' lang='lat' dir='ltr'><strong><em>ami-</em></strong></span> 
     </span>
     <span class='ocr_line' id='line_1_5' title="bbox 316 671 2734 781; baseline -0.001 -17"><span class='ocrx_word' id='word_1_40' title='bbox 316 726 413 764; x_wconf 87' lang='lat' dir='ltr'><strong><em>cus</em></strong></span> <span class='ocrx_word' id='word_1_41' title='bbox 437 714 627 765; x_wconf 81' lang='lat' dir='ltr'><strong><em>noster</em></strong></span> <span class='ocrx_word' id='word_1_42' title='bbox 664 671 883 763; x_wconf 79' lang='lat' dir='ltr'><strong><em>curabit</em></strong></span> <span class='ocrx_word' id='word_1_43' title='bbox 920 708 1005 763; x_wconf 90' lang='lat' dir='ltr'><strong><em>ad</em></strong></span> <span class='ocrx_word' id='word_1_44' title='bbox 1032 707 1109 763; x_wconf 87' lang='lat' dir='ltr'><strong><em>Te</em></strong></span> <span class='ocrx_word' id='word_1_45' title='bbox 1150 673 1369 780; x_wconf 70' lang='lat' dir='ltr'><strong><em>deferr-i</em></strong></span> <span class='ocrx_word' id='word_1_46' title='bbox 1395 709 1511 781; x_wconf 79' lang='lat' dir='ltr'><strong><em>ejus</em></strong></span> <span class='ocrx_word' id='word_1_47' title='bbox 1552 708 1880 766; x_wconf 83' lang='lat' dir='ltr'><strong><em>Diatribam</em></strong></span> <span class='ocrx_word' id='word_1_48' title='bbox 1920 716 2120 766; x_wconf 80' lang='lat' dir='ltr'><strong><em>contra</em></strong></span> <span class='ocrx_word' id='word_1_49' title='bbox 2150 708 2244 779; x_wconf 88' lang='lat' dir='ltr'><strong><em>Te,</em></strong></span> <span class='ocrx_word' id='word_1_50' title='bbox 2287 725 2460 781; x_wconf 82' lang='lat' dir='ltr'><strong><em>quam</em></strong></span> <span class='ocrx_word' id='word_1_51' title='bbox 2485 707 2734 763; x_wconf 78' lang='lat' dir='ltr'><strong><em>nondum</em></strong></span> 
     </span>
     <span class='ocr_line' id='line_1_6' title="bbox 316 785 2735 863; baseline -0.001 -18"><span class='ocrx_word' id='word_1_52' title='bbox 316 785 449 859; x_wconf 80' lang='lat' dir='ltr'><strong><em>vidi,</em></strong></span> <span class='ocrx_word' id='word_1_53' title='bbox 492 788 595 843; x_wconf 89' lang='lat' dir='ltr'><strong><em>sed</em></strong></span> <span class='ocrx_word' id='word_1_54' title='bbox 630 786 837 843; x_wconf 83' lang='lat' dir='ltr'><strong><em>editum</em></strong></span> <span class='ocrx_word' id='word_1_55' title='bbox 884 805 998 843; x_wconf 80' lang='lat' dir='ltr'><strong><em>esse</em></strong></span> <span class='ocrx_word' id='word_1_56' title='bbox 1042 794 1095 843; x_wconf 87' lang='lat' dir='ltr'><strong><em>et</em></strong></span> <span class='ocrx_word' id='word_1_57' title='bbox 1131 786 1539 844; x_wconf 79' lang='lat' dir='ltr'><strong><em>Amstelodami</em></strong></span> <span class='ocrx_word' id='word_1_58' title='bbox 1556 796 1826 863; x_wconf 73' lang='lat' dir='ltr'><strong><em>prostare</em></strong></span> <span class='ocrx_word' id='word_1_59' title='bbox 1868 789 2013 847; x_wconf 80' lang='lat' dir='ltr'><strong><em>novi.</em></strong></span> <span class='ocrx_word' id='word_1_60' title='bbox 2096 787 2218 843; x_wconf 87' lang='lat' dir='ltr'><strong><em>Illa</em></strong></span> <span class='ocrx_word' id='word_1_61' title='bbox 2257 785 2357 843; x_wconf 85' lang='lat' dir='ltr'><strong><em>tibi</em></strong></span> <span class='ocrx_word' id='word_1_62' title='bbox 2394 785 2735 843; x_wconf 69' lang='lat' dir='ltr'><em>occasionem</em></span> 
     </span>
     <span class='ocr_line' id='line_1_7' title="bbox 312 864 2736 943; baseline 0 -21"><span class='ocrx_word' id='word_1_63' title='bbox 312 865 582 943; x_wconf 62' lang='lat' dir='ltr'><strong><em>praebebit</em></strong></span> <span class='ocrx_word' id='word_1_64' title='bbox 618 865 872 923; x_wconf 75' lang='lat' dir='ltr'><strong><em>exactius</em></strong></span> <span class='ocrx_word' id='word_1_65' title='bbox 912 864 971 921; x_wconf 78' lang='lat' dir='ltr'><strong><em>in</em></strong></span> <span class='ocrx_word' id='word_1_66' title='bbox 1010 864 1131 923; x_wconf 82' lang='lat' dir='ltr'><strong><em>alia</em></strong></span> <span class='ocrx_word' id='word_1_67' title='bbox 1174 865 1495 941; x_wconf 80' lang='lat' dir='ltr'><strong><em>inquirendi</em></strong></span> <span class='ocrx_word' id='word_1_68' title='bbox 1534 886 1661 941; x_wconf 80' lang='lat' dir='ltr'><strong><em>quoe</em></strong></span> <span class='ocrx_word' id='word_1_69' title='bbox 1700 870 1970 927; x_wconf 84' lang='lat' dir='ltr'><strong><em>adversus</em></strong></span> <span class='ocrx_word' id='word_1_70' title='bbox 2014 866 2252 923; x_wconf 81' lang='lat' dir='ltr'><strong><em>Teaetum</em></strong></span> <span class='ocrx_word' id='word_1_71' title='bbox 2291 884 2534 939; x_wconf 81' lang='lat' dir='ltr'><strong><em>sacrum,</em></strong></span> <span class='ocrx_word' id='word_1_72' title='bbox 2575 864 2736 940; x_wconf 85' lang='lat' dir='ltr'><strong><em>peri-</em></strong></span> 
     </span>
     <span class='ocr_line' id='line_1_8' title="bbox 320 943 2736 1021; baseline -0.001 -18"><span class='ocrx_word' id='word_1_73' title='bbox 320 944 520 1003; x_wconf 84' lang='lat' dir='ltr'><strong><em>culosis</em></strong></span> <span class='ocrx_word' id='word_1_74' title='bbox 546 945 857 1003; x_wconf 80' lang='lat' dir='ltr'><strong><em>rationibus</em></strong></span> <span class='ocrx_word' id='word_1_75' title='bbox 896 943 1141 1018; x_wconf 78' lang='lat' dir='ltr'><strong><em>innixus,</em></strong></span> <span class='ocrx_word' id='word_1_76' title='bbox 1184 946 1282 1002; x_wconf 86' lang='lat' dir='ltr'><strong><em>sub</em></strong></span> <span class='ocrx_word' id='word_1_77' title='bbox 1322 945 1587 1003; x_wconf 80' lang='lat' dir='ltr'><strong><em>candoris</em></strong></span> <span class='ocrx_word' id='word_1_78' title='bbox 1624 955 1678 1003; x_wconf 91' lang='lat' dir='ltr'><strong><em>et</em></strong></span> <span class='ocrx_word' id='word_1_79' title='bbox 1715 947 1838 1005; x_wconf 86' lang='lat' dir='ltr'><strong><em>veri</em></strong></span> <span class='ocrx_word' id='word_1_80' title='bbox 1871 947 2066 1021; x_wconf 54' lang='lat' dir='ltr'><strong><em>specie,</em></strong></span> <span class='ocrx_word' id='word_1_81' title='bbox 2097 944 2417 1002; x_wconf 76' lang='lat' dir='ltr'><strong><em>meditatur.</em></strong></span> <span class='ocrx_word' id='word_1_82' title='bbox 2499 945 2574 1001; x_wconf 79' lang='lat' dir='ltr'><strong><em>In</em></strong></span> <span class='ocrx_word' id='word_1_83' title='bbox 2614 943 2736 1019; x_wconf 80' lang='lat' dir='ltr'><strong><em>qui-</em></strong></span> 
     </span>
     <span class='ocr_line' id='line_1_9' title="bbox 322 1023 2736 1100; baseline -0.001 -18"><span class='ocrx_word' id='word_1_84' title='bbox 322 1025 421 1082; x_wconf 87' lang='lat' dir='ltr'><strong><em>bus</em></strong></span> <span class='ocrx_word' id='word_1_85' title='bbox 462 1024 621 1083; x_wconf 81' lang='lat' dir='ltr'><strong><em>video</em></strong></span> <span class='ocrx_word' id='word_1_86' title='bbox 662 1043 787 1082; x_wconf 87' lang='lat' dir='ltr'><strong><em>eum</em></strong></span> <span class='ocrx_word' id='word_1_87' title='bbox 824 1025 976 1083; x_wconf 69' lang='lat' dir='ltr'><strong><em>Viris</em></strong></span> <span class='ocrx_word' id='word_1_88' title='bbox 1016 1024 1189 1081; x_wconf 84' lang='lat' dir='ltr'><strong><em>doctis</em></strong></span> <span class='ocrx_word' id='word_1_89' title='bbox 1216 1032 1270 1081; x_wconf 88' lang='lat' dir='ltr'><strong><em>et</em></strong></span> <span class='ocrx_word' id='word_1_90' title='bbox 1290 1024 1575 1100; x_wconf 73' lang='lat' dir='ltr'><strong><em>yravibus,</em></strong></span> <span class='ocrx_word' id='word_1_91' title='bbox 1608 1028 1794 1084; x_wconf 82' lang='lat' dir='ltr'><strong><em>sedin</em></strong></span> <span class='ocrx_word' id='word_1_92' title='bbox 1835 1026 2033 1084; x_wconf 82' lang='lat' dir='ltr'><strong><em>talibus</em></strong></span> <span class='ocrx_word' id='word_1_93' title='bbox 2072 1045 2186 1083; x_wconf 79' lang='lat' dir='ltr'><strong><em>non</em></strong></span> <span class='ocrx_word' id='word_1_94' title='bbox 2225 1025 2361 1082; x_wconf 84' lang='lat' dir='ltr'><strong><em>satis</em></strong></span> <span class='ocrx_word' id='word_1_95' title='bbox 2401 1023 2736 1097; x_wconf 62' lang='lat' dir='ltr'><strong><em>exercitatis,</em></strong></span> 
     </span>
     <span class='ocr_line' id='line_1_10' title="bbox 325 1103 2746 1276; baseline -0.001 -35"><span class='ocrx_word' id='word_1_96' title='bbox 325 1121 986 1275; x_wconf 55' lang='grc' dir='ltr'><strong>ξὲἔζῗὲξῗιςὲἶίῗὲε</strong></span> <span class='ocrx_word' id='word_1_97' title='bbox 1004 1103 1569 1276; x_wconf 52' lang='lat' dir='ltr'><strong><em>ssssc&#39;fss‘ssussmossii’f</em></strong></span> <span class='ocrx_word' id='word_1_98' title='bbox 1624 1106 2746 1259; x_wconf 51' lang='grc' dir='ltr'><strong>ῗιῗῶῗιῗξῖἳὲεαῆῖῖῗέἷιεξῖἑᾚξ</strong></span> 
     </span>
     <span class='ocr_line' id='line_1_11' title="bbox 325 1262 2741 1339; baseline -0.001 -18"><span class='ocrx_word' id='word_1_99' title='bbox 325 1263 387 1321; x_wconf 79' lang='lat' dir='ltr'><strong><em>in</em></strong></span> <span class='ocrx_word' id='word_1_100' title='bbox 415 1262 587 1319; x_wconf 85' lang='lat' dir='ltr'><strong><em>literis</em></strong></span> <span class='ocrx_word' id='word_1_101' title='bbox 614 1262 730 1320; x_wconf 85' lang='lat' dir='ltr'><strong><em>istis</em></strong></span> <span class='ocrx_word' id='word_1_102' title='bbox 754 1262 1127 1337; x_wconf 64' lang='lat' dir='ltr'><strong><em>versatissimi,</em></strong></span> <span class='ocrx_word' id='word_1_103' title='bbox 1168 1263 1268 1338; x_wconf 82' lang='lat' dir='ltr'><strong><em>qui</em></strong></span> <span class='ocrx_word' id='word_1_104' title='bbox 1289 1283 1403 1321; x_wconf 74' lang='lat' dir='ltr'><strong><em>non</em></strong></span> <span class='ocrx_word' id='word_1_105' title='bbox 1428 1264 1693 1321; x_wconf 74' lang='lat' dir='ltr'><strong><em>authores</em></strong></span> <span class='ocrx_word' id='word_1_106' title='bbox 1721 1271 2032 1339; x_wconf 81' lang='lat' dir='ltr'><strong><em>potuerunt</em></strong></span> <span class='ocrx_word' id='word_1_107' title='bbox 2057 1282 2170 1321; x_wconf 82' lang='lat' dir='ltr'><strong><em>esse</em></strong></span> <span class='ocrx_word' id='word_1_108' title='bbox 2201 1262 2590 1337; x_wconf 69' lang='lat' dir='ltr'><strong><em>Typoqraphis</em></strong></span> <span class='ocrx_word' id='word_1_109' title='bbox 2615 1279 2741 1319; x_wconf 80' lang='lat' dir='ltr'><strong><em>nos·</em></strong></span> 
     </span>
     <span class='ocr_line' id='line_1_12' title="bbox 329 1340 2743 1417; baseline -0.001 -18"><span class='ocrx_word' id='word_1_110' title='bbox 329 1341 432 1399; x_wconf 85' lang='lat' dir='ltr'><strong><em>tris</em></strong></span> <span class='ocrx_word' id='word_1_111' title='bbox 458 1350 521 1399; x_wconf 89' lang='lat' dir='ltr'><strong><em>ut</em></strong></span> <span class='ocrx_word' id='word_1_112' title='bbox 545 1360 673 1399; x_wconf 87' lang='lat' dir='ltr'><strong><em>eam</em></strong></span> <span class='ocrx_word' id='word_1_113' title='bbox 700 1342 841 1417; x_wconf 75' lang='lat' dir='ltr'><strong><em>typis</em></strong></span> <span class='ocrx_word' id='word_1_114' title='bbox 867 1343 980 1400; x_wconf 73' lang='lat' dir='ltr'><strong><em>suis</em></strong></span> <span class='ocrx_word' id='word_1_115' title='bbox 1007 1342 1395 1401; x_wconf 80' lang='lat' dir='ltr'><strong><em>describerent.</em></strong></span> <span class='ocrx_word' id='word_1_116' title='bbox 1480 1342 1602 1399; x_wconf 83' lang='lat' dir='ltr'><strong><em>Et</em></strong></span> <span class='ocrx_word' id='word_1_117' title='bbox 1586 1362 1647 1399; x_wconf 89' lang='grc' dir='ltr'><strong><em>ιιι</em></strong></span> <span class='ocrx_word' id='word_1_118' title='bbox 1675 1341 1791 1400; x_wconf 80' lang='lat' dir='ltr'><strong><em>alia</em></strong></span> <span class='ocrx_word' id='word_1_119' title='bbox 1831 1342 2027 1400; x_wconf 87' lang='lat' dir='ltr'><strong><em>Breda</em></strong></span> <span class='ocrx_word' id='word_1_120' title='bbox 2053 1340 2128 1399; x_wconf 89' lang='lat' dir='ltr'><strong><em>ad</em></strong></span> <span class='ocrx_word' id='word_1_121' title='bbox 2155 1341 2401 1401; x_wconf 89' lang='lat' dir='ltr'><strong><em>eundem</em></strong></span> <span class='ocrx_word' id='word_1_122' title='bbox 2429 1340 2566 1397; x_wconf 87' lang='lat' dir='ltr'><strong><em>data</em></strong></span> <span class='ocrx_word' id='word_1_123' title='bbox 2591 1356 2743 1397; x_wconf 90' lang='lat' dir='ltr'><strong><em>anno</em></strong></span> 
     </span>
     <span class='ocr_line' id='line_1_13' title="bbox 335 1421 2746 1499; baseline -0.001 -21"><span class='ocrx_word' id='word_1_124' title='bbox 335 1423 531 1495; x_wconf 80' lang='lat'>16483</span> <span class='ocrx_word' id='word_1_125' title='bbox 576 1422 708 1479; x_wconf 86' lang='lat' dir='ltr'><strong><em>Hoc</em></strong></span> <span class='ocrx_word' id='word_1_126' title='bbox 746 1422 883 1481; x_wconf 85' lang='lat' dir='ltr'><strong><em>mihi</em></strong></span> <span class='ocrx_word' id='word_1_127' title='bbox 932 1422 1078 1480; x_wconf 81' lang='lat' dir='ltr'><strong><em>inter</em></strong></span> <span class='ocrx_word' id='word_1_128' title='bbox 1117 1421 1239 1481; x_wconf 81' lang='lat' dir='ltr'><strong><em>alia</em></strong></span> <span class='ocrx_word' id='word_1_129' title='bbox 1280 1441 1489 1480; x_wconf 84' lang='lat' dir='ltr'><strong><em>summe</em></strong></span> <span class='ocrx_word' id='word_1_130' title='bbox 1520 1423 1824 1497; x_wconf 82' lang='lat' dir='ltr'><strong><em>probatur,</em></strong></span> <span class='ocrx_word' id='word_1_131' title='bbox 1871 1424 2027 1499; x_wconf 78' lang='lat' dir='ltr'><strong><em>quod</em></strong></span> <span class='ocrx_word' id='word_1_132' title='bbox 2062 1441 2194 1480; x_wconf 86' lang='lat' dir='ltr'><strong><em>vero</em></strong></span> <span class='ocrx_word' id='word_1_133' title='bbox 2239 1423 2434 1479; x_wconf 83' lang='lat' dir='ltr'><strong><em>ductus</em></strong></span> <span class='ocrx_word' id='word_1_134' title='bbox 2475 1421 2589 1477; x_wconf 84' lang='lat' dir='ltr'><strong><em>zelo</em></strong></span> <span class='ocrx_word' id='word_1_135' title='bbox 2627 1437 2746 1493; x_wconf 91' lang='lat' dir='ltr'><strong><em>pro</em></strong></span> 
     </span>
     <span class='ocr_line' id='line_1_14' title="bbox 341 1500 2748 1579; baseline -0.002 -20"><span class='ocrx_word' id='word_1_136' title='bbox 341 1501 511 1559; x_wconf 80' lang='lat' dir='ltr'><strong><em>Verbi</em></strong></span> <span class='ocrx_word' id='word_1_137' title='bbox 531 1501 733 1559; x_wconf 70' lang='lat' dir='ltr'><strong><em>Divina·</em></strong></span> <span class='ocrx_word' id='word_1_138' title='bbox 753 1502 977 1579; x_wconf 60' lang='grc' dir='ltr'><strong>αὖθιηιᾷ</strong></span> <span class='ocrx_word' id='word_1_139' title='bbox 998 1502 1265 1561; x_wconf 80' lang='lat' dir='ltr'><strong><em>subruisti</em></strong></span> <span class='ocrx_word' id='word_1_140' title='bbox 1274 1502 1499 1578; x_wconf 81' lang='lat' dir='ltr'><strong><em>penitus</em></strong></span> <span class='ocrx_word' id='word_1_141' title='bbox 1510 1503 1952 1576; x_wconf 82' lang='lat' dir='ltr'><strong><em>fundamentum</em></strong></span> <span class='ocrx_word' id='word_1_142' title='bbox 1961 1501 2222 1578; x_wconf 83' lang='lat' dir='ltr'><strong><em>pessimoe</em></strong></span> <span class='ocrx_word' id='word_1_143' title='bbox 2238 1501 2387 1557; x_wconf 83' lang='lat' dir='ltr'><strong><em>illius</em></strong></span> <span class='ocrx_word' id='word_1_144' title='bbox 2407 1508 2461 1557; x_wconf 88' lang='lat' dir='ltr'><strong><em>et</em></strong></span> <span class='ocrx_word' id='word_1_145' title='bbox 2473 1500 2748 1575; x_wconf 67' lang='lat' dir='ltr'><strong><em>profanes</em></strong></span> 
     </span>
     <span class='ocr_line' id='line_1_15' title="bbox 335 1578 2750 1658; baseline -0.002 -19"><span class='ocrx_word' id='word_1_146' title='bbox 335 1579 584 1655; x_wconf 82' lang='lat' dir='ltr'><strong><em>Critices,</em></strong></span> <span class='ocrx_word' id='word_1_147' title='bbox 614 1600 786 1657; x_wconf 74' lang='lat' dir='ltr'><strong><em>quam</em></strong></span> <span class='ocrx_word' id='word_1_148' title='bbox 803 1582 893 1641; x_wconf 81' lang='lat' dir='ltr'><strong><em>vir</em></strong></span> <span class='ocrx_word' id='word_1_149' title='bbox 908 1584 1001 1640; x_wconf 77' lang='lat' dir='ltr'><strong><em>ille</em></strong></span> <span class='ocrx_word' id='word_1_150' title='bbox 1026 1582 1247 1641; x_wconf 81' lang='lat' dir='ltr'><strong><em>molitus</em></strong></span> <span class='ocrx_word' id='word_1_151' title='bbox 1272 1591 1367 1655; x_wconf 81' lang='lat' dir='ltr'><strong><em>est,</em></strong></span> <span class='ocrx_word' id='word_1_152' title='bbox 1398 1591 1453 1641; x_wconf 87' lang='lat' dir='ltr'><strong><em>et</em></strong></span> <span class='ocrx_word' id='word_1_153' title='bbox 1475 1582 1714 1641; x_wconf 78' lang='lat' dir='ltr'><strong><em>hostibus</em></strong></span> <span class='ocrx_word' id='word_1_154' title='bbox 1733 1582 2142 1658; x_wconf 80' lang='lat' dir='ltr'><strong><em>suscipiendam</em></strong></span> <span class='ocrx_word' id='word_1_155' title='bbox 2157 1582 2326 1654; x_wconf 87' lang='lat' dir='ltr'><strong><em>dedit,</em></strong></span> <span class='ocrx_word' id='word_1_156' title='bbox 2345 1587 2650 1655; x_wconf 80' lang='lat' dir='ltr'><strong><em>postquam</em></strong></span> <span class='ocrx_word' id='word_1_157' title='bbox 2677 1578 2750 1635; x_wconf 88' lang='lat' dir='ltr'><strong><em>ab</em></strong></span> 
     </span>
     <span class='ocr_line' id='line_1_16' title="bbox 338 1624 2750 1738; baseline -0.002 -18"><span class='ocrx_word' id='word_1_158' title='bbox 338 1660 683 1720; x_wconf 69' lang='lat' dir='ltr'><strong><em>orthodoxis</em></strong></span> <span class='ocrx_word' id='word_1_159' title='bbox 693 1662 815 1736; x_wconf 81' lang='lat' dir='ltr'><strong><em>ficit</em></strong></span> <span class='ocrx_word' id='word_1_160' title='bbox 839 1665 1064 1738; x_wconf 83' lang='lat' dir='ltr'><strong><em>rejecta.</em></strong></span> <span class='ocrx_word' id='word_1_161' title='bbox 1147 1664 1247 1719; x_wconf 85' lang='lat' dir='ltr'><strong><em>Ea</em></strong></span> <span class='ocrx_word' id='word_1_162' title='bbox 1274 1670 1419 1719; x_wconf 83' lang='lat' dir='ltr'><strong><em>certe</em></strong></span> <span class='ocrx_word' id='word_1_163' title='bbox 1444 1661 1497 1719; x_wconf 88' lang='lat' dir='ltr'><strong><em>si</em></strong></span> <span class='ocrx_word' id='word_1_164' title='bbox 1520 1663 1801 1737; x_wconf 82' lang='lat' dir='ltr'><strong><em>obtineret,</em></strong></span> <span class='ocrx_word' id='word_1_165' title='bbox 1831 1670 2018 1720; x_wconf 87' lang='lat' dir='ltr'><strong><em>actum</em></strong></span> <span class='ocrx_word' id='word_1_166' title='bbox 2045 1670 2182 1720; x_wconf 87' lang='lat' dir='ltr'><strong><em>esset</em></strong></span> <span class='ocrx_word' id='word_1_167' title='bbox 2207 1663 2277 1718; x_wconf 87' lang='lat' dir='ltr'><strong><em>de</em></strong></span> <span class='ocrx_word' id='word_1_168' title='bbox 2302 1624 2606 1735; x_wconf 77' lang='lat' dir='ltr'><strong><em>Scriptura</em></strong></span> <span class='ocrx_word' id='word_1_169' title='bbox 2633 1666 2750 1715; x_wconf 85' lang='lat' dir='ltr'><strong><em>tota</em></strong></span> 
     </span>
     <span class='ocr_line' id='line_1_17' title="bbox 344 1740 2751 1817; baseline -0.002 -19"><span class='ocrx_word' id='word_1_170' title='bbox 344 1740 411 1798; x_wconf 87' lang='lat' dir='ltr'><strong><em>V.</em></strong></span> <span class='ocrx_word' id='word_1_171' title='bbox 444 1742 509 1799; x_wconf 87' lang='lat' dir='ltr'><strong><em>T.</em></strong></span> <span class='ocrx_word' id='word_1_172' title='bbox 538 1760 664 1816; x_wconf 82' lang='lat' dir='ltr'><strong><em>quae</em></strong></span> <span class='ocrx_word' id='word_1_173' title='bbox 688 1741 829 1799; x_wconf 81' lang='lat' dir='ltr'><strong><em>nihil</em></strong></span> <span class='ocrx_word' id='word_1_174' title='bbox 851 1742 1015 1801; x_wconf 85' lang='lat' dir='ltr'><strong><em>aliud</em></strong></span> <span class='ocrx_word' id='word_1_175' title='bbox 1037 1749 1175 1801; x_wconf 83' lang='lat' dir='ltr'><strong><em>esset</em></strong></span> <span class='ocrx_word' id='word_1_176' title='bbox 1200 1760 1371 1817; x_wconf 80' lang='lat' dir='ltr'><strong><em>quam</em></strong></span> <span class='ocrx_word' id='word_1_177' title='bbox 1406 1742 1726 1801; x_wconf 71' lang='lat' dir='ltr'><strong><em>cothurnus</em></strong></span> <span class='ocrx_word' id='word_1_178' title='bbox 1770 1741 2149 1817; x_wconf 78' lang='lat' dir='ltr'><strong><em>Theramenis,</em></strong></span> <span class='ocrx_word' id='word_1_179' title='bbox 2192 1740 2440 1799; x_wconf 83' lang='lat' dir='ltr'><strong><em>omnibus</em></strong></span> <span class='ocrx_word' id='word_1_180' title='bbox 2466 1740 2751 1816; x_wconf 79' lang='lat' dir='ltr'><strong><em>aptandus</em></strong></span> 
     </span>
     <span class='ocr_line' id='line_1_18' title="bbox 325 1820 2750 1897; baseline -0.002 -18"><span class='ocrx_word' id='word_1_181' title='bbox 325 1820 580 1896; x_wconf 81' lang='lat' dir='ltr'><strong><em>pedibus.</em></strong></span> <span class='ocrx_word' id='word_1_182' title='bbox 665 1820 744 1879; x_wconf 89' lang='lat' dir='ltr'><strong><em>Et</em></strong></span> <span class='ocrx_word' id='word_1_183' title='bbox 779 1841 951 1895; x_wconf 80' lang='lat' dir='ltr'><strong><em>mox3</em></strong></span> <span class='ocrx_word' id='word_1_184' title='bbox 1000 1821 1283 1881; x_wconf 56' lang='lat' dir='ltr'><strong><em>Coei-sebit</em></strong></span> <span class='ocrx_word' id='word_1_185' title='bbox 1308 1822 1467 1879; x_wconf 86' lang='lat' dir='ltr'><strong><em>Deus</em></strong></span> <span class='ocrx_word' id='word_1_186' title='bbox 1493 1823 1639 1880; x_wconf 78' lang='lat' dir='ltr'><strong><em>hanc</em></strong></span> <span class='ocrx_word' id='word_1_187' title='bbox 1664 1822 1984 1897; x_wconf 83' lang='lat' dir='ltr'><strong><em>audaciam,</em></strong></span> <span class='ocrx_word' id='word_1_188' title='bbox 2025 1841 2096 1881; x_wconf 79' lang='lat' dir='ltr'><strong><em>ne</em></strong></span> <span class='ocrx_word' id='word_1_189' title='bbox 2123 1820 2354 1881; x_wconf 80' lang='lat' dir='ltr'><strong><em>ulterius</em></strong></span> <span class='ocrx_word' id='word_1_190' title='bbox 2383 1826 2750 1895; x_wconf 81' lang='lat' dir='ltr'><strong><em>prorumpat.</em></strong></span> 
     </span>
     <span class='ocr_line' id='line_1_19' title="bbox 342 1899 2755 1977; baseline -0.002 -18"><span class='ocrx_word' id='word_1_191' title='bbox 342 1899 623 1959; x_wconf 78' lang='lat' dir='ltr'><strong><em>Gratulor</em></strong></span> <span class='ocrx_word' id='word_1_192' title='bbox 650 1900 751 1957; x_wconf 79' lang='lat' dir='ltr'><strong><em>tibi</em></strong></span> <span class='ocrx_word' id='word_1_193' title='bbox 773 1920 847 1958; x_wconf 81' lang='lat' dir='ltr'><strong><em>ex</em></strong></span> <span class='ocrx_word' id='word_1_194' title='bbox 871 1902 1076 1975; x_wconf 84' lang='lat' dir='ltr'><strong><em>animo,</em></strong></span> <span class='ocrx_word' id='word_1_195' title='bbox 1120 1903 1276 1976; x_wconf 80' lang='lat' dir='ltr'><strong><em>quod</em></strong></span> <span class='ocrx_word' id='word_1_196' title='bbox 1316 1901 1394 1957; x_wconf 88' lang='lat' dir='ltr'><strong><em>Te</em></strong></span> <span class='ocrx_word' id='word_1_197' title='bbox 1418 1900 1690 1959; x_wconf 78' lang='lat' dir='ltr'><strong><em>vindicem</em></strong></span> <span class='ocrx_word' id='word_1_198' title='bbox 1717 1902 1884 1977; x_wconf 81' lang='lat' dir='ltr'><strong><em>pium</em></strong></span> <span class='ocrx_word' id='word_1_199' title='bbox 1923 1922 2038 1959; x_wconf 80' lang='lat' dir='ltr'><strong><em>non</em></strong></span> <span class='ocrx_word' id='word_1_200' title='bbox 2064 1909 2281 1959; x_wconf 82' lang='lat' dir='ltr'><strong><em>tantum</em></strong></span> <span class='ocrx_word' id='word_1_201' title='bbox 2310 1900 2551 1976; x_wconf 84' lang='lat' dir='ltr'><strong><em>privata</em></strong></span> <span class='ocrx_word' id='word_1_202' title='bbox 2579 1915 2755 1956; x_wconf 81' lang='lat' dir='ltr'><strong><em>causa</em></strong></span> 
     </span>
     <span class='ocr_line' id='line_1_20' title="bbox 336 1978 2756 2133; baseline -0.002 -14"><span class='ocrx_word' id='word_1_203' title='bbox 336 1978 1562 2132; x_wconf 49' lang='lat' dir='ltr'><strong><em>Zssfffflssffimffssiffffissffi</em></strong></span> <span class='ocrx_word' id='word_1_204' title='bbox 1571 1979 1740 2115; x_wconf 50' lang='grc' dir='ltr'><strong><em>ἵζω</em></strong></span> <span class='ocrx_word' id='word_1_205' title='bbox 1755 1979 2341 2133; x_wconf 50' lang='grc' dir='ltr'><strong><em>Ἠξῗᾷἰῖἶῖῒιυῖιῖ</em></strong></span> <span class='ocrx_word' id='word_1_206' title='bbox 2358 1979 2629 2116; x_wconf 51' lang='lat'><strong><em>{2³53</em></strong></span> <span class='ocrx_word' id='word_1_207' title='bbox 2648 1994 2756 2113; x_wconf 66' lang='lat'><strong><em>{2⁹33</em></strong></span> 
     </span>
     <span class='ocr_line' id='line_1_21' title="bbox 339 2078 2757 2212; baseline -0.002 -16"><span class='ocrx_word' id='word_1_208' title='bbox 339 2139 509 2196; x_wconf 85' lang='lat' dir='ltr'><strong><em>beare</em></strong></span> <span class='ocrx_word' id='word_1_209' title='bbox 526 2136 729 2211; x_wconf 81' lang='lat' dir='ltr'><strong><em>possis.</em></strong></span> <span class='ocrx_word' id='word_1_210' title='bbox 812 2135 945 2193; x_wconf 91' lang='lat' dir='ltr'><strong><em>Hoc</em></strong></span> <span class='ocrx_word' id='word_1_211' title='bbox 978 2135 1111 2192; x_wconf 87' lang='lat' dir='ltr'><strong><em>Viri</em></strong></span> <span class='ocrx_word' id='word_1_212' title='bbox 1150 2135 1519 2194; x_wconf 86' lang='lat' dir='ltr'><strong><em>Celeberrimi</em></strong></span> <span class='ocrx_word' id='word_1_213' title='bbox 1559 2137 1603 2197; x_wconf 90' lang='lat' dir='ltr'><strong>J</strong></span> <span class='ocrx_word' id='word_1_214' title='bbox 1605 2078 1861 2196; x_wconf 59' lang='lat' dir='ltr'><strong><em>ugsuglum</em></strong></span> <span class='ocrx_word' id='word_1_215' title='bbox 1901 2156 2018 2193; x_wconf 90' lang='lat' dir='ltr'><strong><em>non</em></strong></span> <span class='ocrx_word' id='word_1_216' title='bbox 2045 2137 2216 2212; x_wconf 89' lang='lat' dir='ltr'><strong><em>pauci</em></strong></span> <span class='ocrx_word' id='word_1_217' title='bbox 2250 2136 2432 2195; x_wconf 86' lang='lat' dir='ltr'><strong><em>secuti</em></strong></span> <span class='ocrx_word' id='word_1_218' title='bbox 2460 2144 2611 2209; x_wconf 87' lang='lat' dir='ltr'><strong><em>sunt,</em></strong></span> <span class='ocrx_word' id='word_1_219' title='bbox 2655 2134 2757 2209; x_wconf 91' lang='lat' dir='ltr'><strong><em>qui</em></strong></span> 
     </span>
     <span class='ocr_line' id='line_1_22' title="bbox 340 2213 2758 2291; baseline -0.001 -19"><span class='ocrx_word' id='word_1_220' title='bbox 340 2216 481 2273; x_wconf 90' lang='lat' dir='ltr'><strong><em>licet</em></strong></span> <span class='ocrx_word' id='word_1_221' title='bbox 506 2214 855 2273; x_wconf 80' lang='lat' dir='ltr'><strong><em>faventiores</em></strong></span> <span class='ocrx_word' id='word_1_222' title='bbox 881 2214 1125 2273; x_wconf 85' lang='lat' dir='ltr'><strong><em>fuissent</em></strong></span> <span class='ocrx_word' id='word_1_223' title='bbox 1165 2213 1241 2272; x_wconf 88' lang='lat' dir='ltr'><strong><em>ab</em></strong></span> <span class='ocrx_word' id='word_1_224' title='bbox 1281 2213 1447 2271; x_wconf 83' lang='lat' dir='ltr'><strong><em>initio</em></strong></span> <span class='ocrx_word' id='word_1_225' title='bbox 1474 2214 1607 2271; x_wconf 90' lang='lat' dir='ltr'><strong><em>Viri</em></strong></span> <span class='ocrx_word' id='word_1_226' title='bbox 1634 2214 1811 2274; x_wconf 84' lang='lat' dir='ltr'><strong><em>Docti</em></strong></span> <span class='ocrx_word' id='word_1_227' title='bbox 1849 2215 2286 2291; x_wconf 86' lang='lat' dir='ltr'><strong><em>hypothesibus,</em></strong></span> <span class='ocrx_word' id='word_1_228' title='bbox 2330 2233 2392 2272; x_wconf 90' lang='lat' dir='ltr'><strong><em>re</em></strong></span> <span class='ocrx_word' id='word_1_229' title='bbox 2433 2213 2758 2271; x_wconf 77' lang='lat' dir='ltr'><strong><em>accuratius</em></strong></span> 
     </span>
     <span class='ocr_line' id='line_1_23' title="bbox 344 2290 2756 2370; baseline -0.001 -19"><span class='ocrx_word' id='word_1_230' title='bbox 344 2302 547 2369; x_wconf 81' lang='lat' dir='ltr'><strong><em>postea</em></strong></span> <span class='ocrx_word' id='word_1_231' title='bbox 566 2311 836 2369; x_wconf 85' lang='lat' dir='ltr'><strong><em>expensa,</em></strong></span> <span class='ocrx_word' id='word_1_232' title='bbox 856 2301 915 2352; x_wconf 85' lang='lat' dir='ltr'><strong><em>et</em></strong></span> <span class='ocrx_word' id='word_1_233' title='bbox 929 2292 1199 2370; x_wconf 86' lang='lat' dir='ltr'><strong><em>perlectis</em></strong></span> <span class='ocrx_word' id='word_1_234' title='bbox 1218 2292 1449 2351; x_wconf 71' lang='lat' dir='ltr'><strong><em>clariss.</em></strong></span> <span class='ocrx_word' id='word_1_235' title='bbox 1473 2292 1766 2351; x_wconf 84' lang='lat' dir='ltr'><strong><em>Buxtorfii</em></strong></span> <span class='ocrx_word' id='word_1_236' title='bbox 1780 2302 1840 2353; x_wconf 88' lang='lat' dir='ltr'><strong><em>et</em></strong></span> <span class='ocrx_word' id='word_1_237' title='bbox 1865 2294 2109 2352; x_wconf 88' lang='lat' dir='ltr'><strong><em>aliorum</em></strong></span> <span class='ocrx_word' id='word_1_238' title='bbox 2129 2292 2442 2351; x_wconf 86' lang='lat' dir='ltr'><strong><em>adversus</em></strong></span> <span class='ocrx_word' id='word_1_239' title='bbox 2425 2311 2580 2368; x_wconf 77' lang='lat' dir='ltr'><strong><em>lpsas</em></strong></span> <span class='ocrx_word' id='word_1_240' title='bbox 2597 2290 2756 2349; x_wconf 89' lang='lat' dir='ltr'><strong><em>lucu·</em></strong></span> 
     </span>
    </p>
   </div>
   <div class='ocr_carea' id='block_1_3' title="bbox 344 2370 2760 2513">
    <p class='ocr_par' dir='ltr' id='par_1_3' title="bbox 344 2370 2760 2513">
     <span class='ocr_line' id='line_1_24' title="bbox 344 2370 2760 2511; baseline -0.001 -82"><span class='ocrx_word' id='word_1_241' title='bbox 344 2371 722 2511; x_wconf 49' lang='lat' dir='ltr'><strong><em>Rraltionilgus,</em></strong></span> <span class='ocrx_word' id='word_1_242' title='bbox 706 2372 999 2451; x_wconf 87' lang='lat' dir='ltr'><strong><em>,priorem</em></strong></span> <span class='ocrx_word' id='word_1_243' title='bbox 1024 2391 1295 2432; x_wconf 82' lang='lat' dir='ltr'><strong><em>revocare</em></strong></span> <span class='ocrx_word' id='word_1_244' title='bbox 1323 2371 1667 2431; x_wconf 80' lang='lat' dir='ltr'><strong><em>sententiam</em></strong></span> <span class='ocrx_word' id='word_1_245' title='bbox 1693 2390 1812 2431; x_wconf 94' lang='lat' dir='ltr'><strong><em>non</em></strong></span> <span class='ocrx_word' id='word_1_246' title='bbox 1837 2372 2204 2448; x_wconf 87' lang='lat' dir='ltr'><strong><em>erubuerunt,</em></strong></span> <span class='ocrx_word' id='word_1_247' title='bbox 2236 2380 2296 2431; x_wconf 87' lang='lat' dir='ltr'><strong><em>et</em></strong></span> <span class='ocrx_word' id='word_1_248' title='bbox 2320 2370 2544 2430; x_wconf 88' lang='lat' dir='ltr'><strong><em>meliori</em></strong></span> <span class='ocrx_word' id='word_1_249' title='bbox 2569 2370 2760 2427; x_wconf 90' lang='lat' dir='ltr'><strong><em>locum</em></strong></span> 
     </span>
     <span class='ocr_line' id='line_1_25' title="bbox 388 2470 602 2513; baseline -0.019 0"><span class='ocrx_word' id='word_1_250' title='bbox 388 2470 420 2513; x_wconf 90' lang='lat' dir='ltr'><strong><em>e</em></strong></span> <span class='ocrx_word' id='word_1_251' title='bbox 462 2470 602 2512; x_wconf 87' lang='lat' dir='ltr'><strong><em>erun</em></strong></span> 
     </span>
    </p>
   </div>
   <div class='ocr_carea' id='block_1_4' title="bbox 1232 2691 1862 2768">
    <p class='ocr_par' dir='ltr' id='par_1_4' title="bbox 1232 2691 1862 2768">
     <span class='ocr_line' id='line_1_26' title="bbox 1232 2691 1862 2768; baseline 0.002 -16"><span class='ocrx_word' id='word_1_252' title='bbox 1232 2691 1623 2768; x_wconf 83' lang='lat' dir='ltr'>QUAESTIO</span> <span class='ocrx_word' id='word_1_253' title='bbox 1665 2692 1862 2754; x_wconf 80' lang='lat' dir='ltr'><strong><em>xm.</em></strong></span> 
     </span>
    </p>
   </div>
   <div class='ocr_carea' id='block_1_5' title="bbox 1294 2868 1812 2912">
    <p class='ocr_par' dir='ltr' id='par_1_5' title="bbox 1294 2868 1812 2912">
     <span class='ocr_line' id='line_1_27' title="bbox 1294 2868 1812 2912; baseline 0.002 -2"><span class='ocrx_word' id='word_1_254' title='bbox 1294 2869 1375 2910; x_wconf 70' lang='lat' dir='ltr'><strong><em>DE</em></strong></span> <span class='ocrx_word' id='word_1_255' title='bbox 1400 2868 1812 2912; x_wconf 71' lang='lat' dir='ltr'><strong><em>VERSIONIBUS.</em></strong></span> 
     </span>
    </p>
   </div>
   <div class='ocr_carea' id='block_1_6' title="bbox 354 3008 2770 3150">
    <p class='ocr_par' dir='ltr' id='par_1_6' title="bbox 354 3008 2770 3150">
     <span class='ocr_line' id='line_1_28' title="bbox 354 3008 2770 3150; baseline -0.001 -79"><span class='ocrx_word' id='word_1_256' title='bbox 354 3011 449 3071; x_wconf 76' lang='lat' dir='ltr'><strong><em>An</em></strong></span> <span class='ocrx_word' id='word_1_257' title='bbox 472 3011 799 3070; x_wconf 74' lang='lat' dir='ltr'><strong><em>necessaria</em></strong></span> <span class='ocrx_word' id='word_1_258' title='bbox 824 3010 935 3070; x_wconf 78' lang='lat' dir='ltr'><strong><em>sint</em></strong></span> <span class='ocrx_word' id='word_1_259' title='bbox 970 3008 1277 3088; x_wconf 78' lang='lat' dir='ltr'><strong><em>Versiones,</em></strong></span> <span class='ocrx_word' id='word_1_260' title='bbox 1306 3019 1361 3069; x_wconf 89' lang='lat' dir='ltr'><strong><em>et</em></strong></span> <span class='ocrx_word' id='word_1_261' title='bbox 1384 3011 1616 3150; x_wconf 50' lang='lat' dir='ltr'><strong><em>quing}</em></strong></span> <span class='ocrx_word' id='word_1_262' title='bbox 1640 3029 1844 3132; x_wconf 47' lang='lat' dir='ltr'><strong><em>cacum</em></strong></span> <span class='ocrx_word' id='word_1_263' title='bbox 1866 3031 1998 3071; x_wconf 82' lang='lat' dir='ltr'><strong><em>usus</em></strong></span> <span class='ocrx_word' id='word_1_264' title='bbox 2023 3019 2076 3070; x_wconf 88' lang='lat' dir='ltr'><strong><em>et</em></strong></span> <span class='ocrx_word' id='word_1_265' title='bbox 2102 3009 2418 3070; x_wconf 70' lang='lat' dir='ltr'><strong><em>authoritas</em></strong></span> <span class='ocrx_word' id='word_1_266' title='bbox 2435 3009 2492 3068; x_wconf 84' lang='lat' dir='ltr'><strong><em>in</em></strong></span> <span class='ocrx_word' id='word_1_267' title='bbox 2511 3009 2770 3069; x_wconf 73' lang='lat' dir='ltr'><strong><em>Ecclesia</em></strong></span> 
     </span>
     <span class='ocr_line' id='line_1_29' title="bbox 1376 3099 1738 3150; baseline 0 -1"><span class='ocrx_word' id='word_1_268' title='bbox 1376 3109 1489 3150; x_wconf 86' lang='lat' dir='ltr'><strong><em>esse</em></strong></span> <span class='ocrx_word' id='word_1_269' title='bbox 1618 3099 1712 3149; x_wconf 85' lang='lat' dir='ltr'><strong><em>eat</em></strong></span> <span class='ocrx_word' id='word_1_270' title='bbox 1725 3135 1738 3149; x_wconf 90' lang='lat'><strong><em>.</em></strong></span> 
     </span>
    </p>
   </div>
   <div class='ocr_carea' id='block_1_7' title="bbox 358 3245 2807 4039">
    <p class='ocr_par' dir='ltr' id='par_1_7' title="bbox 358 3245 2807 4039">
     <span class='ocr_line' id='line_1_30' title="bbox 441 3245 2807 3325; baseline 0 -21"><span class='ocrx_word' id='word_1_271' title='bbox 441 3248 491 3305; x_wconf 93' lang='lat' dir='ltr'><strong><em>I.</em></strong></span> <span class='ocrx_word' id='word_1_272' title='bbox 538 3247 685 3306; x_wconf 82' lang='lat' dir='ltr'><strong><em>Duae</em></strong></span> <span class='ocrx_word' id='word_1_273' title='bbox 712 3255 848 3307; x_wconf 86' lang='lat' dir='ltr'><strong><em>sunt</em></strong></span> <span class='ocrx_word' id='word_1_274' title='bbox 875 3247 1223 3323; x_wconf 82' lang='lat' dir='ltr'><strong><em>Quaestionis</em></strong></span> <span class='ocrx_word' id='word_1_275' title='bbox 1248 3256 1459 3325; x_wconf 89' lang='lat' dir='ltr'><strong><em>partes.</em></strong></span> <span class='ocrx_word' id='word_1_276' title='bbox 1545 3246 1742 3307; x_wconf 88' lang='lat' dir='ltr'><strong><em>Prima</em></strong></span> <span class='ocrx_word' id='word_1_277' title='bbox 1781 3247 1855 3306; x_wconf 85' lang='lat' dir='ltr'><strong><em>de</em></strong></span> <span class='ocrx_word' id='word_1_278' title='bbox 1875 3247 2214 3307; x_wconf 80' lang='lat' dir='ltr'><strong><em>Necessitate</em></strong></span> <span class='ocrx_word' id='word_1_279' title='bbox 2233 3245 2584 3306; x_wconf 87' lang='lat' dir='ltr'><strong><em>Versionum</em></strong></span> <span class='ocrx_word' id='word_1_280' title='bbox 2611 3247 2807 3324; x_wconf 85' lang='lat' dir='ltr'><strong><em>agit;</em></strong></span> 
     </span>
     <span class='ocr_line' id='line_1_31' title="bbox 364 3326 2775 3405; baseline -0.002 -18"><span class='ocrx_word' id='word_1_281' title='bbox 364 3327 630 3388; x_wconf 87' lang='lat' dir='ltr'><strong><em>Secunda</em></strong></span> <span class='ocrx_word' id='word_1_282' title='bbox 654 3326 729 3386; x_wconf 87' lang='lat' dir='ltr'><strong><em>de</em></strong></span> <span class='ocrx_word' id='word_1_283' title='bbox 754 3346 951 3388; x_wconf 87' lang='lat' dir='ltr'><strong><em>earum</em></strong></span> <span class='ocrx_word' id='word_1_284' title='bbox 990 3328 1361 3386; x_wconf 84' lang='lat' dir='ltr'><strong><em>Authoritate.</em></strong></span> <span class='ocrx_word' id='word_1_285' title='bbox 1446 3327 1653 3402; x_wconf 84' lang='lat' dir='ltr'><strong><em>Quoad</em></strong></span> <span class='ocrx_word' id='word_1_286' title='bbox 1677 3327 1942 3405; x_wconf 84' lang='lat' dir='ltr'><strong><em>priorem,</em></strong></span> <span class='ocrx_word' id='word_1_287' title='bbox 1985 3327 2122 3388; x_wconf 85' lang='lat' dir='ltr'><strong><em>licet</em></strong></span> <span class='ocrx_word' id='word_1_288' title='bbox 2150 3326 2404 3385; x_wconf 86' lang='lat' dir='ltr'><strong><em>saniores</em></strong></span> <span class='ocrx_word' id='word_1_289' title='bbox 2431 3346 2508 3385; x_wconf 88' lang='lat' dir='ltr'><strong><em>ex</em></strong></span> <span class='ocrx_word' id='word_1_290' title='bbox 2537 3326 2775 3385; x_wconf 89' lang='lat' dir='ltr'><strong><em>Pontifi-</em></strong></span> 
     </span>
     <span class='ocr_line' id='line_1_32' title="bbox 358 3405 2779 3486; baseline -0.002 -20"><span class='ocrx_word' id='word_1_291' title='bbox 358 3406 465 3466; x_wconf 86' lang='lat' dir='ltr'><strong><em>ciis</em></strong></span> <span class='ocrx_word' id='word_1_292' title='bbox 494 3406 840 3466; x_wconf 88' lang='lat' dir='ltr'><strong><em>Versionum</em></strong></span> <span class='ocrx_word' id='word_1_293' title='bbox 868 3406 1268 3466; x_wconf 85' lang='lat' dir='ltr'><strong><em>necessitatem</em></strong></span> <span class='ocrx_word' id='word_1_294' title='bbox 1295 3414 1355 3466; x_wconf 89' lang='lat' dir='ltr'><strong><em>et</em></strong></span> <span class='ocrx_word' id='word_1_295' title='bbox 1379 3406 1687 3466; x_wconf 80' lang='lat' dir='ltr'><strong><em>utilitatem</em></strong></span> <span class='ocrx_word' id='word_1_296' title='bbox 1716 3413 2049 3486; x_wconf 84' lang='lat' dir='ltr'><strong><em>agnoscant,</em></strong></span> <span class='ocrx_word' id='word_1_297' title='bbox 2091 3405 2247 3465; x_wconf 86' lang='lat' dir='ltr'><strong><em>unde</em></strong></span> <span class='ocrx_word' id='word_1_298' title='bbox 2273 3405 2376 3464; x_wconf 87' lang='lat' dir='ltr'><strong><em>et</em></strong></span> <span class='ocrx_word' id='word_1_299' title='bbox 2359 3406 2480 3482; x_wconf 75' lang='lat' dir='ltr'><strong><em>ipsi</em></strong></span> <span class='ocrx_word' id='word_1_300' title='bbox 2497 3407 2690 3464; x_wconf 82' lang='lat' dir='ltr'><strong><em>varias</em></strong></span> <span class='ocrx_word' id='word_1_301' title='bbox 2715 3405 2779 3462; x_wconf 89' lang='lat' dir='ltr'><strong><em>in</em></strong></span> 
     </span>
     <span class='ocr_line' id='line_1_33' title="bbox 359 3485 2777 3563; baseline -0.002 -17"><span class='ocrx_word' id='word_1_302' title='bbox 359 3487 537 3546; x_wconf 83' lang='lat' dir='ltr'><strong><em>variis</em></strong></span> <span class='ocrx_word' id='word_1_303' title='bbox 564 3487 781 3563; x_wconf 81' lang='lat' dir='ltr'><strong><em>linguis</em></strong></span> <span class='ocrx_word' id='word_1_304' title='bbox 807 3486 1195 3561; x_wconf 82' lang='lat' dir='ltr'><strong><em>adornarunt3</em></strong></span> <span class='ocrx_word' id='word_1_305' title='bbox 1240 3486 1373 3545; x_wconf 89' lang='lat' dir='ltr'><strong><em>Non</em></strong></span> <span class='ocrx_word' id='word_1_306' title='bbox 1399 3485 1570 3563; x_wconf 85' lang='lat' dir='ltr'><strong><em>pauci</em></strong></span> <span class='ocrx_word' id='word_1_307' title='bbox 1596 3495 1790 3546; x_wconf 82' lang='lat' dir='ltr'><strong><em>tamen</em></strong></span> <span class='ocrx_word' id='word_1_308' title='bbox 1819 3487 1936 3546; x_wconf 87' lang='lat' dir='ltr'><strong><em>illis</em></strong></span> <span class='ocrx_word' id='word_1_309' title='bbox 1963 3486 2188 3562; x_wconf 89' lang='lat' dir='ltr'><strong><em>infensi,</em></strong></span> <span class='ocrx_word' id='word_1_310' title='bbox 2217 3493 2286 3544; x_wconf 88' lang='lat' dir='ltr'><strong><em>ut</em></strong></span> <span class='ocrx_word' id='word_1_311' title='bbox 2309 3485 2518 3543; x_wconf 87' lang='lat' dir='ltr'><strong><em>noxias</em></strong></span> <span class='ocrx_word' id='word_1_312' title='bbox 2544 3493 2604 3542; x_wconf 89' lang='lat' dir='ltr'><strong><em>et</em></strong></span> <span class='ocrx_word' id='word_1_313' title='bbox 2629 3485 2777 3560; x_wconf 86' lang='lat' dir='ltr'><strong><em>peri-</em></strong></span> 
     </span>
     <span class='ocr_line' id='line_1_34' title="bbox 360 3564 2780 3643; baseline -0.002 -17"><span class='ocrx_word' id='word_1_314' title='bbox 360 3567 589 3626; x_wconf 84' lang='lat' dir='ltr'><strong><em>culosas</em></strong></span> <span class='ocrx_word' id='word_1_315' title='bbox 615 3587 714 3626; x_wconf 89' lang='lat' dir='ltr'><strong><em>eas</em></strong></span> <span class='ocrx_word' id='word_1_316' title='bbox 742 3566 1035 3641; x_wconf 82' lang='lat' dir='ltr'><strong><em>damnant,</em></strong></span> <span class='ocrx_word' id='word_1_317' title='bbox 1058 3573 1124 3625; x_wconf 86' lang='lat' dir='ltr'><strong><em>ut</em></strong></span> <span class='ocrx_word' id='word_1_318' title='bbox 1143 3566 1429 3624; x_wconf 81' lang='lat' dir='ltr'><strong><em>Arboreus</em></strong></span> <span class='ocrx_word' id='word_1_319' title='bbox 1450 3566 1777 3643; x_wconf 86' lang='lat' dir='ltr'><strong><em>Theosoph.</em></strong></span> <span class='ocrx_word' id='word_1_320' title='bbox 1804 3566 1907 3625; x_wconf 90' lang='grc'>111).</span> <span class='ocrx_word' id='word_1_321' title='bbox 1931 3567 1986 3642; x_wconf 88' lang='lat'><strong><em>8,</em></strong></span> <span class='ocrx_word' id='word_1_322' title='bbox 2011 3585 2061 3623; x_wconf 89' lang='lat' dir='ltr'><strong><em>c.</em></strong></span> <span class='ocrx_word' id='word_1_323' title='bbox 2084 3569 2140 3640; x_wconf 80' lang='lat'><strong><em>4,</em></strong></span> <span class='ocrx_word' id='word_1_324' title='bbox 2165 3564 2267 3641; x_wconf 91' lang='lat' dir='ltr'><strong><em>qui</em></strong></span> <span class='ocrx_word' id='word_1_325' title='bbox 2293 3565 2586 3622; x_wconf 81' lang='lat' dir='ltr'><strong><em>hoeresium</em></strong></span> <span class='ocrx_word' id='word_1_326' title='bbox 2604 3583 2780 3622; x_wconf 81' lang='lat' dir='ltr'><strong><em>unam</em></strong></span> 
     </span>
     <span class='ocr_line' id='line_1_35' title="bbox 360 3641 2782 3736; baseline -0.001 -32"><span class='ocrx_word' id='word_1_327' title='bbox 360 3646 632 3720; x_wconf 61' lang='lat' dir='ltr'><strong><em>originem</em></strong></span> <span class='ocrx_word' id='word_1_328' title='bbox 658 3665 789 3719; x_wconf 86' lang='lat' dir='ltr'><strong><em>esse,</em></strong></span> <span class='ocrx_word' id='word_1_329' title='bbox 818 3645 917 3721; x_wconf 83' lang='lat' dir='ltr'><strong><em>ait,</em></strong></span> <span class='ocrx_word' id='word_1_330' title='bbox 956 3647 1019 3704; x_wconf 87' lang='lat' dir='ltr'><strong><em>S.</em></strong></span> <span class='ocrx_word' id='word_1_331' title='bbox 1048 3645 1326 3703; x_wconf 84' lang='lat' dir='ltr'><strong><em>Literas</em></strong></span> <span class='ocrx_word' id='word_1_332' title='bbox 1301 3665 1361 3704; x_wconf 84' lang='lat' dir='ltr'><strong><em>m</em></strong></span> <span class='ocrx_word' id='word_1_333' title='bbox 1384 3647 1676 3720; x_wconf 73' lang='lat' dir='ltr'><strong><em>vulyarem</em></strong></span> <span class='ocrx_word' id='word_1_334' title='bbox 1702 3646 1951 3736; x_wconf 67' lang='lat' dir='ltr'><strong><em>linquam</em></strong></span> <span class='ocrx_word' id='word_1_335' title='bbox 1976 3653 2208 3717; x_wconf 81' lang='lat' dir='ltr'><strong><em>vertere,</em></strong></span> <span class='ocrx_word' id='word_1_336' title='bbox 2239 3661 2370 3700; x_wconf 92' lang='lat' dir='ltr'><strong><em>cum</em></strong></span> <span class='ocrx_word' id='word_1_337' title='bbox 2406 3661 2522 3719; x_wconf 88' lang='lat' dir='ltr'><strong><em>quo</em></strong></span> <span class='ocrx_word' id='word_1_338' title='bbox 2563 3641 2782 3702; x_wconf 84' lang='lat' dir='ltr'><strong><em>faciunt</em></strong></span> 
     </span>
     <span class='ocr_line' id='line_1_36' title="bbox 362 3687 2784 3800; baseline 0 -19"><span class='ocrx_word' id='word_1_339' title='bbox 362 3724 553 3796; x_wconf 83' lang='lat' dir='ltr'><strong><em>Asot0,</em></strong></span> <span class='ocrx_word' id='word_1_340' title='bbox 582 3724 937 3800; x_wconf 73' lang='lat' dir='ltr'><strong><em>Hardinqus,</em></strong></span> <span class='ocrx_word' id='word_1_341' title='bbox 968 3725 1225 3800; x_wconf 70' lang='lat' dir='ltr'><strong><em>Baylius,</em></strong></span> <span class='ocrx_word' id='word_1_342' title='bbox 1256 3731 1316 3782; x_wconf 87' lang='lat' dir='ltr'><strong><em>et</em></strong></span> <span class='ocrx_word' id='word_1_343' title='bbox 1340 3722 1600 3800; x_wconf 87' lang='lat' dir='ltr'><strong><em>plerique</em></strong></span> <span class='ocrx_word' id='word_1_344' title='bbox 1628 3743 1704 3782; x_wconf 86' lang='lat' dir='ltr'><strong><em>ex</em></strong></span> <span class='ocrx_word' id='word_1_345' title='bbox 1733 3723 2006 3784; x_wconf 84' lang='lat' dir='ltr'><strong><em>societate</em></strong></span> <span class='ocrx_word' id='word_1_346' title='bbox 2035 3687 2377 3800; x_wconf 75' lang='lat' dir='ltr'><strong><em>Loyolitica,</em></strong></span> <span class='ocrx_word' id='word_1_347' title='bbox 2409 3722 2510 3798; x_wconf 89' lang='lat' dir='ltr'><strong><em>qui</em></strong></span> <span class='ocrx_word' id='word_1_348' title='bbox 2534 3722 2694 3799; x_wconf 88' lang='lat' dir='ltr'><strong><em>pium</em></strong></span> <span class='ocrx_word' id='word_1_349' title='bbox 2720 3730 2784 3782; x_wconf 85' lang='lat' dir='ltr'><strong><em>et</em></strong></span> 
     </span>
     <span class='ocr_line' id='line_1_37' title="bbox 366 3801 2784 3880; baseline -0 -19"><span class='ocrx_word' id='word_1_350' title='bbox 366 3810 628 3861; x_wconf 86' lang='lat' dir='ltr'><strong><em>sanctum</em></strong></span> <span class='ocrx_word' id='word_1_351' title='bbox 674 3802 899 3861; x_wconf 81' lang='lat' dir='ltr'><strong><em>Literas</em></strong></span> <span class='ocrx_word' id='word_1_352' title='bbox 943 3823 1134 3863; x_wconf 83' lang='lat' dir='ltr'><strong><em>sacras</em></strong></span> <span class='ocrx_word' id='word_1_353' title='bbox 1177 3801 1558 3862; x_wconf 85' lang='lat' dir='ltr'><strong><em>transferendi</em></strong></span> <span class='ocrx_word' id='word_1_354' title='bbox 1601 3803 1873 3880; x_wconf 89' lang='lat' dir='ltr'><strong><em>studium,</em></strong></span> <span class='ocrx_word' id='word_1_355' title='bbox 1915 3811 1984 3863; x_wconf 88' lang='lat' dir='ltr'><strong><em>ut</em></strong></span> <span class='ocrx_word' id='word_1_356' title='bbox 2024 3802 2411 3861; x_wconf 79' lang='lat' dir='ltr'><strong><em>haereticorum</em></strong></span> <span class='ocrx_word' id='word_1_357' title='bbox 2455 3804 2784 3861; x_wconf 61' lang='lat' dir='ltr'><strong><em>orthodoxas</em></strong></span> 
     </span>
     <span class='ocr_line' id='line_1_38' title="bbox 364 3880 2782 3976; baseline 0.001 -37"><span class='ocrx_word' id='word_1_358' title='bbox 364 3880 649 3958; x_wconf 70' lang='lat' dir='ltr'><strong><em>reliqionis</em></strong></span> <span class='ocrx_word' id='word_1_359' title='bbox 676 3881 989 3940; x_wconf 70' lang='lat' dir='ltr'><strong><em>extorrium</em></strong></span> <span class='ocrx_word' id='word_1_360' title='bbox 1014 3883 1293 3942; x_wconf 85' lang='lat' dir='ltr'><strong><em>curiosum</em></strong></span> <span class='ocrx_word' id='word_1_361' title='bbox 1317 3880 1527 3976; x_wconf 56' lang='lat' dir='ltr'><strong><em>segma,</em></strong></span> <span class='ocrx_word' id='word_1_362' title='bbox 1552 3884 1818 3942; x_wconf 81' lang='lat' dir='ltr'><strong><em>Ecclesiis</em></strong></span> <span class='ocrx_word' id='word_1_363' title='bbox 1834 3884 2082 3960; x_wconf 83' lang='lat' dir='ltr'><strong><em>proinde</em></strong></span> <span class='ocrx_word' id='word_1_364' title='bbox 2107 3881 2316 3958; x_wconf 80' lang='lat' dir='ltr'><strong><em>inutile,</em></strong></span> <span class='ocrx_word' id='word_1_365' title='bbox 2340 3891 2392 3940; x_wconf 92' lang='lat' dir='ltr'><strong><em>et</em></strong></span> <span class='ocrx_word' id='word_1_366' title='bbox 2409 3885 2494 3940; x_wconf 91' lang='lat' dir='ltr'><strong><em>ad</em></strong></span> <span class='ocrx_word' id='word_1_367' title='bbox 2514 3885 2782 3942; x_wconf 83' lang='lat' dir='ltr'><strong><em>serendas</em></strong></span> 
     </span>
     <span class='ocr_line' id='line_1_39' title="bbox 366 3960 2783 4039; baseline 0.001 -19"><span class='ocrx_word' id='word_1_368' title='bbox 366 3961 601 4020; x_wconf 71' lang='lat' dir='ltr'><strong><em>hareses</em></strong></span> <span class='ocrx_word' id='word_1_369' title='bbox 628 3960 999 4036; x_wconf 70' lang='lat' dir='ltr'><strong><em>excoyitatum</em></strong></span> <span class='ocrx_word' id='word_1_370' title='bbox 1026 3961 1201 4038; x_wconf 87' lang='lat' dir='ltr'><strong><em>impie</em></strong></span> <span class='ocrx_word' id='word_1_371' title='bbox 1228 3969 1288 4020; x_wconf 86' lang='lat' dir='ltr'><strong><em>et</em></strong></span> <span class='ocrx_word' id='word_1_372' title='bbox 1312 3962 1510 4039; x_wconf 87' lang='lat' dir='ltr'><strong><em>inique</em></strong></span> <span class='ocrx_word' id='word_1_373' title='bbox 1530 3963 1828 4038; x_wconf 85' lang='lat' dir='ltr'><strong><em>exagitare</em></strong></span> <span class='ocrx_word' id='word_1_374' title='bbox 1851 3963 2066 4039; x_wconf 81' lang='lat' dir='ltr'><strong><em>solent3</em></strong></span> <span class='ocrx_word' id='word_1_375' title='bbox 2097 3961 2378 4021; x_wconf 81' lang='lat' dir='ltr'><strong><em>adversus</em></strong></span> <span class='ocrx_word' id='word_1_376' title='bbox 2403 3981 2550 4039; x_wconf 89' lang='lat' dir='ltr'><strong><em>quos</em></strong></span> <span class='ocrx_word' id='word_1_377' title='bbox 2572 3961 2783 4022; x_wconf 89' lang='lat' dir='ltr'><strong><em>Ortho-</em></strong></span> 
     </span>
    </p>
   </div>
   <div class='ocr_carea' id='block_1_8' title="bbox 366 4039 2786 4361">
    <p class='ocr_par' dir='ltr' id='par_1_8' title="bbox 366 4039 2785 4198">
     <span class='ocr_line' id='line_1_40' title="bbox 367 4039 2785 4119; baseline 0 -19"><span class='ocrx_word' id='word_1_378' title='bbox 367 4039 509 4100; x_wconf 84' lang='lat' dir='ltr'><strong><em>doxi</em></strong></span> <span class='ocrx_word' id='word_1_379' title='bbox 534 4059 652 4098; x_wconf 88' lang='lat' dir='ltr'><strong><em>non</em></strong></span> <span class='ocrx_word' id='word_1_380' title='bbox 677 4039 853 4098; x_wconf 86' lang='lat' dir='ltr'><strong><em>modo</em></strong></span> <span class='ocrx_word' id='word_1_381' title='bbox 876 4039 1203 4117; x_wconf 71' lang='lat' dir='ltr'><strong><em>utilitatem,</em></strong></span> <span class='ocrx_word' id='word_1_382' title='bbox 1234 4041 1339 4102; x_wconf 84' lang='lat' dir='ltr'><strong><em>sed</em></strong></span> <span class='ocrx_word' id='word_1_383' title='bbox 1363 4049 1425 4102; x_wconf 91' lang='lat' dir='ltr'><strong><em>et</em></strong></span> <span class='ocrx_word' id='word_1_384' title='bbox 1450 4042 1849 4103; x_wconf 82' lang='lat' dir='ltr'><strong><em>necessitatem</em></strong></span> <span class='ocrx_word' id='word_1_385' title='bbox 1871 4043 2220 4102; x_wconf 78' lang='lat' dir='ltr'><strong><em>versionum</em></strong></span> <span class='ocrx_word' id='word_1_386' title='bbox 2247 4049 2496 4119; x_wconf 87' lang='lat' dir='ltr'><strong><em>tuentur,</em></strong></span> <span class='ocrx_word' id='word_1_387' title='bbox 2527 4049 2588 4102; x_wconf 87' lang='lat' dir='ltr'><strong><em>et</em></strong></span> <span class='ocrx_word' id='word_1_388' title='bbox 2605 4041 2785 4101; x_wconf 83' lang='lat' dir='ltr'><strong><em>variis</em></strong></span> 
     </span>
     <span class='ocr_line' id='line_1_41' title="bbox 366 4119 1011 4198; baseline 0 -18"><span class='ocrx_word' id='word_1_389' title='bbox 366 4119 723 4198; x_wconf 73' lang='lat' dir='ltr'><strong><em>argumentis</em></strong></span> <span class='ocrx_word' id='word_1_390' title='bbox 747 4119 1011 4197; x_wconf 86' lang='lat' dir='ltr'><strong><em>probant.</em></strong></span> 
     </span>
    </p>

    <p class='ocr_par' dir='ltr' id='par_1_9' title="bbox 370 4199 2786 4361">
     <span class='ocr_line' id='line_1_42' title="bbox 973 4199 2783 4280; baseline 0.001 -21"><span class='ocrx_word' id='word_1_391' title='bbox 973 4199 1058 4259; x_wconf 94' lang='grc' dir='ltr'><strong><em>ΙΙ.</em></strong></span> <span class='ocrx_word' id='word_1_392' title='bbox 1104 4201 1158 4260; x_wconf 92' lang='lat'><strong><em>1.</em></strong></span> <span class='ocrx_word' id='word_1_393' title='bbox 1201 4199 1352 4276; x_wconf 84' lang='lat' dir='ltr'><strong><em>Quia</em></strong></span> <span class='ocrx_word' id='word_1_394' title='bbox 1396 4200 1706 4280; x_wconf 63' lang='lat' dir='ltr'><strong><em>Scripturas</em></strong></span> <span class='ocrx_word' id='word_1_395' title='bbox 1745 4200 1919 4262; x_wconf 86' lang='lat' dir='ltr'><strong><em>lectio</em></strong></span> <span class='ocrx_word' id='word_1_396' title='bbox 1945 4211 2006 4262; x_wconf 89' lang='lat' dir='ltr'><strong><em>et</em></strong></span> <span class='ocrx_word' id='word_1_397' title='bbox 2035 4201 2335 4262; x_wconf 78' lang='lat' dir='ltr'><strong><em>meditatio</em></strong></span> <span class='ocrx_word' id='word_1_398' title='bbox 2374 4200 2634 4261; x_wconf 91' lang='lat' dir='ltr'><strong><em>omnium</em></strong></span> <span class='ocrx_word' id='word_1_399' title='bbox 2673 4202 2783 4260; x_wconf 88' lang='lat' dir='ltr'><strong><em>lin-</em></strong></span> 
     </span>
     <span class='ocr_line' id='line_1_43' title="bbox 370 4276 2786 4361; baseline 0.001 -23"><span class='ocrx_word' id='word_1_400' title='bbox 370 4276 630 4325; x_wconf 71' lang='lat' dir='ltr'><strong><em>versiones</em></strong></span> <span class='ocrx_word' id='word_1_401' title='bbox 665 4277 847 4325; x_wconf 72' lang='lat' dir='ltr'><strong><em>Verna-</em></strong></span> <span class='ocrx_word' id='word_1_402' title='bbox 888 4299 1133 4356; x_wconf 84' lang='lat' dir='ltr'><strong><em>guarum</em></strong></span> <span class='ocrx_word' id='word_1_403' title='bbox 1171 4279 1501 4340; x_wconf 87' lang='lat' dir='ltr'><strong><em>hominibus</em></strong></span> <span class='ocrx_word' id='word_1_404' title='bbox 1534 4289 1625 4340; x_wconf 88' lang='lat' dir='ltr'><strong><em>est</em></strong></span> <span class='ocrx_word' id='word_1_405' title='bbox 1661 4289 1964 4360; x_wconf 66' lang='lat' dir='ltr'><strong><em>praecepta.</em></strong></span> <span class='ocrx_word' id='word_1_406' title='bbox 2048 4282 2210 4359; x_wconf 87' lang='lat' dir='ltr'><strong><em>Ergo</em></strong></span> <span class='ocrx_word' id='word_1_407' title='bbox 2237 4280 2364 4361; x_wconf 89' lang='lat' dir='ltr'><strong><em>ejus</em></strong></span> <span class='ocrx_word' id='word_1_408' title='bbox 2391 4281 2786 4360; x_wconf 83' lang='lat' dir='ltr'><strong><em>interpretatio</em></strong></span> 
     </span>
    </p>
   </div>
   <div class='ocr_carea' id='block_1_9' title="bbox 428 4336 2786 4439">
    <p class='ocr_par' dir='ltr' id='par_1_10' title="bbox 428 4336 2786 4439">
     <span class='ocr_line' id='line_1_44' title="bbox 428 4336 2786 4439; baseline -0.002 -17"><span class='ocrx_word' id='word_1_409' title='bbox 428 4336 681 4439; x_wconf 49' lang='lat' dir='ltr'><strong><em>gpllssmt</em></strong></span> <span class='ocrx_word' id='word_1_410' title='bbox 693 4350 848 4383; x_wconf 55' lang='lat' dir='ltr'><strong><em>&#39;&#39;m“</em></strong></span> <span class='ocrx_word' id='word_1_411' title='bbox 888 4359 951 4418; x_wconf 88' lang='lat' dir='ltr'><strong><em>in</em></strong></span> <span class='ocrx_word' id='word_1_412' title='bbox 990 4359 1207 4436; x_wconf 87' lang='lat' dir='ltr'><strong><em>linguis</em></strong></span> <span class='ocrx_word' id='word_1_413' title='bbox 1231 4361 1559 4420; x_wconf 86' lang='lat' dir='ltr'><strong><em>vernaculis</em></strong></span> <span class='ocrx_word' id='word_1_414' title='bbox 1586 4369 1676 4420; x_wconf 88' lang='lat' dir='ltr'><strong><em>est</em></strong></span> <span class='ocrx_word' id='word_1_415' title='bbox 1706 4361 2065 4422; x_wconf 83' lang='lat' dir='ltr'><strong><em>necessaria·</em></strong></span> <span class='ocrx_word' id='word_1_416' title='bbox 2101 4381 2236 4420; x_wconf 84' lang='lat' dir='ltr'><strong><em>nam</em></strong></span> <span class='ocrx_word' id='word_1_417' title='bbox 2273 4382 2350 4421; x_wconf 88' lang='lat' dir='ltr'><strong><em>ex</em></strong></span> <span class='ocrx_word' id='word_1_418' title='bbox 2375 4382 2492 4439; x_wconf 90' lang='lat' dir='ltr'><strong><em>quo</em></strong></span> <span class='ocrx_word' id='word_1_419' title='bbox 2523 4361 2786 4422; x_wconf 87' lang='lat' dir='ltr'><strong><em>homines</em></strong></span> 
     </span>
    </p>
   </div>
   <div class='ocr_carea' id='block_1_10' title="bbox 891 4439 2897 4519">
    <p class='ocr_par' dir='ltr' id='par_1_11' title="bbox 891 4439 2897 4519">
     <span class='ocr_line' id='line_1_45' title="bbox 891 4439 2897 4519; baseline -0 -22"><span class='ocrx_word' id='word_1_420' title='bbox 891 4439 953 4497; x_wconf 94' lang='lat' dir='ltr'><strong><em>in</em></strong></span> <span class='ocrx_word' id='word_1_421' title='bbox 992 4440 1341 4516; x_wconf 79' lang='lat' dir='ltr'><strong><em>multiplices</em></strong></span> <span class='ocrx_word' id='word_1_422' title='bbox 1377 4441 1609 4518; x_wconf 85' lang='lat' dir='ltr'><strong><em>linguas</em></strong></span> <span class='ocrx_word' id='word_1_423' title='bbox 1650 4451 1787 4501; x_wconf 84' lang='lat' dir='ltr'><strong><em>sunt</em></strong></span> <span class='ocrx_word' id='word_1_424' title='bbox 1813 4441 2006 4519; x_wconf 81' lang='lat' dir='ltr'><strong><em>divisi,</em></strong></span> <span class='ocrx_word' id='word_1_425' title='bbox 2035 4461 2143 4500; x_wconf 88' lang='lat' dir='ltr'><strong><em>nec</em></strong></span> <span class='ocrx_word' id='word_1_426' title='bbox 2171 4441 2436 4501; x_wconf 89' lang='lat' dir='ltr'><strong><em>omnibus</em></strong></span> <span class='ocrx_word' id='word_1_427' title='bbox 2476 4441 2785 4498; x_wconf 82' lang='lat' dir='ltr'><strong><em>familiares</em></strong></span> <span class='ocrx_word' id='word_1_428' title='bbox 2890 4460 2897 4468; x_wconf 92' lang='lat'><strong>·</strong></span> 
     </span>
    </p>
   </div>
   <div class='ocr_carea' id='block_1_11' title="bbox 370 4519 2784 4679">
    <p class='ocr_par' dir='ltr' id='par_1_12' title="bbox 370 4519 2784 4679">
     <span class='ocr_line' id='line_1_46' title="bbox 370 4519 2781 4600; baseline -0.002 -21"><span class='ocrx_word' id='word_1_429' title='bbox 370 4527 506 4579; x_wconf 86' lang='lat' dir='ltr'><strong><em>sunt</em></strong></span> <span class='ocrx_word' id='word_1_430' title='bbox 532 4519 662 4579; x_wconf 76' lang='lat' dir='ltr'><strong><em>duee</em></strong></span> <span class='ocrx_word' id='word_1_431' title='bbox 682 4519 799 4579; x_wconf 79' lang='lat' dir='ltr'><strong><em>fflae</em></strong></span> <span class='ocrx_word' id='word_1_432' title='bbox 818 4519 1052 4596; x_wconf 71' lang='lat' dir='ltr'><strong><em>liuguae,</em></strong></span> <span class='ocrx_word' id='word_1_433' title='bbox 1076 4520 1288 4596; x_wconf 85' lang='lat' dir='ltr'><strong><em>quibus</em></strong></span> <span class='ocrx_word' id='word_1_434' title='bbox 1312 4521 1559 4598; x_wconf 89' lang='lat' dir='ltr'><strong><em>primum</em></strong></span> <span class='ocrx_word' id='word_1_435' title='bbox 1580 4521 1793 4582; x_wconf 82' lang='lat' dir='ltr'><strong><em>tradite</em></strong></span> <span class='ocrx_word' id='word_1_436' title='bbox 1812 4531 1918 4598; x_wconf 88' lang='lat' dir='ltr'><strong><em>est,</em></strong></span> <span class='ocrx_word' id='word_1_437' title='bbox 1949 4543 2068 4582; x_wconf 91' lang='lat' dir='ltr'><strong><em>non</em></strong></span> <span class='ocrx_word' id='word_1_438' title='bbox 2091 4530 2284 4600; x_wconf 87' lang='lat' dir='ltr'><strong><em>potest</em></strong></span> <span class='ocrx_word' id='word_1_439' title='bbox 2304 4521 2378 4579; x_wconf 86' lang='lat' dir='ltr'><strong><em>ab</em></strong></span> <span class='ocrx_word' id='word_1_440' title='bbox 2404 4521 2522 4579; x_wconf 80' lang='lat' dir='ltr'><strong><em>illis</em></strong></span> <span class='ocrx_word' id='word_1_441' title='bbox 2548 4519 2781 4596; x_wconf 86' lang='lat' dir='ltr'><strong><em>percipi,</em></strong></span> 
     </span>
     <span class='ocr_line' id='line_1_47' title="bbox 372 4597 2784 4679; baseline -0.001 -21"><span class='ocrx_word' id='word_1_442' title='bbox 372 4600 486 4660; x_wconf 89' lang='lat' dir='ltr'><strong><em>nisi</em></strong></span> <span class='ocrx_word' id='word_1_443' title='bbox 513 4607 866 4679; x_wconf 78' lang='lat' dir='ltr'><strong><em>verteretu13</em></strong></span> <span class='ocrx_word' id='word_1_444' title='bbox 910 4598 1147 4678; x_wconf 87' lang='lat' dir='ltr'><strong><em>perinde</em></strong></span> <span class='ocrx_word' id='word_1_445' title='bbox 1188 4609 1381 4660; x_wconf 86' lang='lat' dir='ltr'><strong><em>autem</em></strong></span> <span class='ocrx_word' id='word_1_446' title='bbox 1420 4607 1510 4661; x_wconf 85' lang='lat' dir='ltr'><strong><em>est</em></strong></span> <span class='ocrx_word' id='word_1_447' title='bbox 1536 4601 1682 4662; x_wconf 89' lang='lat' dir='ltr'><strong><em>nihil</em></strong></span> <span class='ocrx_word' id='word_1_448' title='bbox 1723 4602 1956 4663; x_wconf 89' lang='lat' dir='ltr'><strong><em>omnino</em></strong></span> <span class='ocrx_word' id='word_1_449' title='bbox 1988 4602 2225 4678; x_wconf 86' lang='lat' dir='ltr'><strong><em>dixisse,</em></strong></span> <span class='ocrx_word' id='word_1_450' title='bbox 2255 4609 2316 4661; x_wconf 88' lang='lat' dir='ltr'><strong><em>et</em></strong></span> <span class='ocrx_word' id='word_1_451' title='bbox 2342 4619 2412 4660; x_wconf 89' lang='lat' dir='ltr'><strong><em>ea</em></strong></span> <span class='ocrx_word' id='word_1_452' title='bbox 2437 4597 2628 4658; x_wconf 86' lang='lat' dir='ltr'><strong><em>dicere</em></strong></span> <span class='ocrx_word' id='word_1_453' title='bbox 2655 4615 2784 4672; x_wconf 76' lang='lat' dir='ltr'><strong><em>quse</em></strong></span> 
     </span>
    </p>
   </div>
   <div class='ocr_carea' id='block_1_12' title="bbox 3276 4132 3292 4900">
    <p class='ocr_par' dir='ltr' id='par_1_13' title="bbox 3276 4132 3292 4900">
     <span class='ocr_line' id='line_1_48' title="bbox 3276 4132 3292 4900; baseline 0 0"><span class='ocrx_word' id='word_1_454' title='bbox 3276 4132 3292 4900; x_wconf 95' lang='lat' dir='ltr'><strong><em> </em></strong></span> 
     </span>
    </p>
   </div>
   <div class='ocr_carea' id='block_1_13' title="bbox 3272 0 3296 1189">
    <p class='ocr_par' dir='ltr' id='par_1_14' title="bbox 3272 0 3296 1189">
     <span class='ocr_line' id='line_1_49' title="bbox 3272 0 3296 1189; baseline 0 0"><span class='ocrx_word' id='word_1_455' title='bbox 3272 0 3296 1189; x_wconf 95' lang='lat' dir='ltr'><strong><em> </em></strong></span> 
     </span>
    </p>
   </div>
  </div>
 </body>
</html>
