<?xml version="1.0" encoding="UTF-8"?>
<!DOCTYPE html PUBLIC "-//W3C//DTD XHTML 1.0 Transitional//EN"
    "http://www.w3.org/TR/xhtml1/DTD/xhtml1-transitional.dtd">
<html xmlns="http://www.w3.org/1999/xhtml" xml:lang="en" lang="en">
 <head>
  <title>
</title>
<meta http-equiv="Content-Type" content="text/html;charset=utf-8" />
  <meta name='ocr-system' content='tesseract 3.04.00' />
  <meta name='ocr-capabilities' content='ocr_page ocr_carea ocr_par ocr_line ocrx_word'/>
</head>
<body>
  <div class='ocr_page' id='page_1' title='image "./institutiotheol00turrgoog_0399.png"; bbox 0 0 3300 5225; ppageno 0'>
   <div class='ocr_carea' id='block_1_1' title="bbox 347 384 2761 467">
    <p class='ocr_par' dir='ltr' id='par_1_1' title="bbox 347 384 2761 467">
     <span class='ocr_line' id='line_1_1' title="bbox 347 384 2761 467; baseline -0.001 -19"><span class='ocrx_word' id='word_1_1' title='bbox 347 404 575 457; x_wconf 63' lang='lat' dir='ltr'><strong>quater.</strong></span> <span class='ocrx_word' id='word_1_2' title='bbox 603 384 764 467; x_wconf 71' lang='lat' dir='ltr'><strong>xm]</strong></span> <span class='ocrx_word' id='word_1_3' title='bbox 1213 404 1292 445; x_wconf 76' lang='lat' dir='ltr'><strong>nn</strong></span> <span class='ocrx_word' id='word_1_4' title='bbox 1319 402 1910 445; x_wconf 66' lang='lat' dir='ltr'><strong>rmnns&#39;rma&#39;nonn.</strong></span> <span class='ocrx_word' id='word_1_5' title='bbox 2641 388 2761 447; x_wconf 81' lang='grc'><strong>347</strong></span> 
     </span>
    </p>
   </div>
   <div class='ocr_carea' id='block_1_2' title="bbox 322 542 2781 4853">
    <p class='ocr_par' dir='ltr' id='par_1_2' title="bbox 345 542 2771 1665">
     <span class='ocr_line' id='line_1_2' title="bbox 345 542 2769 623; baseline 0 -17"><span class='ocrx_word' id='word_1_6' title='bbox 345 545 586 623; x_wconf 91' lang='lat' dir='ltr'><strong>meritis,</strong></span> <span class='ocrx_word' id='word_1_7' title='bbox 611 544 779 623; x_wconf 84' lang='lat' dir='ltr'><strong>cujus</strong></span> <span class='ocrx_word' id='word_1_8' title='bbox 797 543 929 606; x_wconf 86' lang='lat' dir='ltr'><strong>vult</strong></span> <span class='ocrx_word' id='word_1_9' title='bbox 943 543 1264 623; x_wconf 88' lang='lat' dir='ltr'><strong>miseretur,</strong></span> <span class='ocrx_word' id='word_1_10' title='bbox 1283 551 1344 607; x_wconf 88' lang='lat' dir='ltr'><strong>et</strong></span> <span class='ocrx_word' id='word_1_11' title='bbox 1363 564 1511 623; x_wconf 86' lang='lat' dir='ltr'><strong>quos</strong></span> <span class='ocrx_word' id='word_1_12' title='bbox 1527 543 1804 623; x_wconf 84' lang='lat' dir='ltr'><strong>dignatur</strong></span> <span class='ocrx_word' id='word_1_13' title='bbox 1818 550 2007 622; x_wconf 83' lang='lat' dir='ltr'><strong>vocat,</strong></span> <span class='ocrx_word' id='word_1_14' title='bbox 2026 562 2229 623; x_wconf 81' lang='lat' dir='ltr'><strong>parum</strong></span> <span class='ocrx_word' id='word_1_15' title='bbox 2256 542 2579 623; x_wconf 84' lang='lat' dir='ltr'><strong>attendunt,</strong></span> <span class='ocrx_word' id='word_1_16' title='bbox 2608 544 2769 623; x_wconf 86' lang='lat' dir='ltr'><strong>quod</strong></span> 
     </span>
     <span class='ocr_line' id='line_1_3' title="bbox 346 624 2768 704; baseline -0.001 -17"><span class='ocrx_word' id='word_1_17' title='bbox 346 626 546 687; x_wconf 87' lang='lat' dir='ltr'><strong>debita</strong></span> <span class='ocrx_word' id='word_1_18' title='bbox 571 624 847 685; x_wconf 73' lang='lat' dir='ltr'><strong>reddatur</strong></span> <span class='ocrx_word' id='word_1_19' title='bbox 871 644 1043 704; x_wconf 82' lang='lat' dir='ltr'><strong>poena</strong></span> <span class='ocrx_word' id='word_1_20' title='bbox 1069 624 1360 703; x_wconf 87' lang='lat' dir='ltr'><strong>damnato,</strong></span> <span class='ocrx_word' id='word_1_21' title='bbox 1401 625 1665 686; x_wconf 85' lang='lat' dir='ltr'><strong>indebita</strong></span> <span class='ocrx_word' id='word_1_22' title='bbox 1690 624 1879 703; x_wconf 87' lang='lat' dir='ltr'><strong>gratia</strong></span> <span class='ocrx_word' id='word_1_23' title='bbox 1902 624 2167 700; x_wconf 89' lang='lat' dir='ltr'><strong>liberato,</strong></span> <span class='ocrx_word' id='word_1_24' title='bbox 2207 632 2275 685; x_wconf 88' lang='lat' dir='ltr'><strong>ut</strong></span> <span class='ocrx_word' id='word_1_25' title='bbox 2300 642 2407 685; x_wconf 88' lang='lat' dir='ltr'><strong>nec</strong></span> <span class='ocrx_word' id='word_1_26' title='bbox 2459 625 2561 685; x_wconf 91' lang='lat' dir='ltr'><strong>ille</strong></span> <span class='ocrx_word' id='word_1_27' title='bbox 2589 644 2651 685; x_wconf 90' lang='lat' dir='ltr'><strong>se</strong></span> <span class='ocrx_word' id='word_1_28' title='bbox 2678 625 2768 685; x_wconf 90' lang='lat' dir='ltr'><strong>in-</strong></span> 
     </span>
     <span class='ocr_line' id='line_1_4' title="bbox 347 704 2769 785; baseline -0.001 -18"><span class='ocrx_word' id='word_1_29' title='bbox 347 706 592 785; x_wconf 88' lang='lat' dir='ltr'><strong>dignum</strong></span> <span class='ocrx_word' id='word_1_30' title='bbox 613 712 902 784; x_wconf 79' lang='lat' dir='ltr'><strong>queratur,</strong></span> <span class='ocrx_word' id='word_1_31' title='bbox 931 724 1040 765; x_wconf 90' lang='lat' dir='ltr'><strong>nec</strong></span> <span class='ocrx_word' id='word_1_32' title='bbox 1060 705 1302 783; x_wconf 86' lang='lat' dir='ltr'><strong>dignum</strong></span> <span class='ocrx_word' id='word_1_33' title='bbox 1323 726 1384 766; x_wconf 88' lang='lat' dir='ltr'><strong>se</strong></span> <span class='ocrx_word' id='word_1_34' title='bbox 1405 706 1516 765; x_wconf 90' lang='lat' dir='ltr'><strong>iste</strong></span> <span class='ocrx_word' id='word_1_35' title='bbox 1545 705 1843 783; x_wconf 77' lang='lat' dir='ltr'><strong>glorietur,</strong></span> <span class='ocrx_word' id='word_1_36' title='bbox 1866 714 2039 783; x_wconf 84' lang='lat' dir='ltr'><strong>atque</strong></span> <span class='ocrx_word' id='word_1_37' title='bbox 2059 704 2143 763; x_wconf 91' lang='lat' dir='ltr'><strong>ibi</strong></span> <span class='ocrx_word' id='word_1_38' title='bbox 2161 706 2355 783; x_wconf 88' lang='lat' dir='ltr'><strong>potius</strong></span> <span class='ocrx_word' id='word_1_39' title='bbox 2376 706 2769 783; x_wconf 72' lang='lat' dir='ltr'><strong>acceptionem</strong></span> 
     </span>
     <span class='ocr_line' id='line_1_5' title="bbox 347 782 2771 865; baseline -0.001 -18"><span class='ocrx_word' id='word_1_40' title='bbox 347 786 570 847; x_wconf 86' lang='lat' dir='ltr'><strong>nullam</strong></span> <span class='ocrx_word' id='word_1_41' title='bbox 595 785 722 845; x_wconf 89' lang='lat' dir='ltr'><strong>fieri</strong></span> <span class='ocrx_word' id='word_1_42' title='bbox 741 804 1130 865; x_wconf 88' lang='lat' dir='ltr'><strong>personarum,</strong></span> <span class='ocrx_word' id='word_1_43' title='bbox 1151 786 1257 845; x_wconf 86' lang='lat' dir='ltr'><strong>ubi</strong></span> <span class='ocrx_word' id='word_1_44' title='bbox 1293 806 1412 845; x_wconf 89' lang='lat' dir='ltr'><strong>una</strong></span> <span class='ocrx_word' id='word_1_45' title='bbox 1438 784 1755 863; x_wconf 85' lang='lat' dir='ltr'><strong>eademque</strong></span> <span class='ocrx_word' id='word_1_46' title='bbox 1782 802 1975 845; x_wconf 85' lang='lat' dir='ltr'><strong>massa</strong></span> <span class='ocrx_word' id='word_1_47' title='bbox 2000 782 2387 844; x_wconf 67' lang='lat' dir='ltr'><strong>damnationis</strong></span> <span class='ocrx_word' id='word_1_48' title='bbox 2413 794 2473 845; x_wconf 90' lang='lat' dir='ltr'><strong>et</strong></span> <span class='ocrx_word' id='word_1_49' title='bbox 2499 784 2771 845; x_wconf 88' lang='lat' dir='ltr'><strong>offensio-</strong></span> 
     </span>
     <span class='ocr_line' id='line_1_6' title="bbox 352 864 2765 943; baseline -0.001 -17"><span class='ocrx_word' id='word_1_50' title='bbox 352 866 445 927; x_wconf 89' lang='lat' dir='ltr'><strong>nis</strong></span> <span class='ocrx_word' id='word_1_51' title='bbox 461 866 728 942; x_wconf 86' lang='lat' dir='ltr'><strong>involvit,</strong></span> <span class='ocrx_word' id='word_1_52' title='bbox 747 872 815 925; x_wconf 91' lang='lat' dir='ltr'><strong>ut</strong></span> <span class='ocrx_word' id='word_1_53' title='bbox 839 865 1120 925; x_wconf 89' lang='lat' dir='ltr'><strong>liberatus</strong></span> <span class='ocrx_word' id='word_1_54' title='bbox 1140 864 1214 925; x_wconf 91' lang='lat' dir='ltr'><strong>de</strong></span> <span class='ocrx_word' id='word_1_55' title='bbox 1239 886 1358 925; x_wconf 90' lang='lat' dir='ltr'><strong>non</strong></span> <span class='ocrx_word' id='word_1_56' title='bbox 1383 866 1628 925; x_wconf 87' lang='lat' dir='ltr'><strong>liberato</strong></span> <span class='ocrx_word' id='word_1_57' title='bbox 1657 864 1861 941; x_wconf 86' lang='lat' dir='ltr'><strong>discat,</strong></span> <span class='ocrx_word' id='word_1_58' title='bbox 1891 864 2049 942; x_wconf 88' lang='lat' dir='ltr'><strong>quod</strong></span> <span class='ocrx_word' id='word_1_59' title='bbox 2074 866 2249 925; x_wconf 84' lang='lat' dir='ltr'><strong>etiam</strong></span> <span class='ocrx_word' id='word_1_60' title='bbox 2278 865 2390 924; x_wconf 87' lang='lat' dir='ltr'><strong>sibi</strong></span> <span class='ocrx_word' id='word_1_61' title='bbox 2418 866 2765 943; x_wconf 88' lang='lat' dir='ltr'><strong>supplicium</strong></span> 
     </span>
     <span class='ocr_line' id='line_1_7' title="bbox 350 944 2768 1024; baseline -0.001 -17"><span class='ocrx_word' id='word_1_62' title='bbox 350 946 704 1021; x_wconf 88' lang='lat' dir='ltr'><strong>conveniret,</strong></span> <span class='ocrx_word' id='word_1_63' title='bbox 748 944 864 1005; x_wconf 89' lang='lat' dir='ltr'><strong>nisi</strong></span> <span class='ocrx_word' id='word_1_64' title='bbox 910 945 1100 1024; x_wconf 85' lang='lat' dir='ltr'><strong>gratia</strong></span> <span class='ocrx_word' id='word_1_65' title='bbox 1125 944 1493 1021; x_wconf 88' lang='lat' dir='ltr'><strong>subveniret;</strong></span> <span class='ocrx_word' id='word_1_66' title='bbox 1539 945 1590 1003; x_wconf 90' lang='lat' dir='ltr'><strong>si</strong></span> <span class='ocrx_word' id='word_1_67' title='bbox 1629 953 1823 1004; x_wconf 88' lang='lat' dir='ltr'><strong>autem</strong></span> <span class='ocrx_word' id='word_1_68' title='bbox 1866 945 2068 1022; x_wconf 85' lang='lat' dir='ltr'><strong>gratia,</strong></span> <span class='ocrx_word' id='word_1_69' title='bbox 2098 946 2298 1022; x_wconf 88' lang='lat' dir='ltr'><strong>utique</strong></span> <span class='ocrx_word' id='word_1_70' title='bbox 2341 945 2519 1004; x_wconf 89' lang='lat' dir='ltr'><strong>nullis</strong></span> <span class='ocrx_word' id='word_1_71' title='bbox 2546 946 2768 1007; x_wconf 88' lang='lat' dir='ltr'><strong>meritis</strong></span> 
     </span>
     <span class='ocr_line' id='line_1_8' title="bbox 349 1024 2770 1103; baseline 0 -17"><span class='ocrx_word' id='word_1_72' title='bbox 349 1026 566 1103; x_wconf 86' lang='lat' dir='ltr'><strong>debita,</strong></span> <span class='ocrx_word' id='word_1_73' title='bbox 597 1024 701 1085; x_wconf 87' lang='lat' dir='ltr'><strong>sed</strong></span> <span class='ocrx_word' id='word_1_74' title='bbox 727 1025 982 1103; x_wconf 84' lang='lat' dir='ltr'><strong>gratuita</strong></span> <span class='ocrx_word' id='word_1_75' title='bbox 1019 1024 1277 1084; x_wconf 88' lang='lat' dir='ltr'><strong>bonitate</strong></span> <span class='ocrx_word' id='word_1_76' title='bbox 1305 1024 1535 1084; x_wconf 90' lang='lat' dir='ltr'><strong>donata.</strong></span> <span class='ocrx_word' id='word_1_77' title='bbox 1622 1024 1742 1083; x_wconf 89' lang='lat' dir='ltr'><strong>Sed</strong></span> <span class='ocrx_word' id='word_1_78' title='bbox 1778 1024 2061 1102; x_wconf 87' lang='lat' dir='ltr'><strong>injustum</strong></span> <span class='ocrx_word' id='word_1_79' title='bbox 2100 1032 2207 1101; x_wconf 87' lang='lat' dir='ltr'><strong>est,</strong></span> <span class='ocrx_word' id='word_1_80' title='bbox 2238 1024 2523 1103; x_wconf 88' lang='lat' dir='ltr'><strong>inquiunt,</strong></span> <span class='ocrx_word' id='word_1_81' title='bbox 2552 1024 2615 1084; x_wconf 89' lang='lat' dir='ltr'><strong>in</strong></span> <span class='ocrx_word' id='word_1_82' title='bbox 2650 1045 2770 1086; x_wconf 85' lang='lat' dir='ltr'><strong>una</strong></span> 
     </span>
     <span class='ocr_line' id='line_1_9' title="bbox 352 1103 2769 1183; baseline 0 -17"><span class='ocrx_word' id='word_1_83' title='bbox 352 1106 670 1182; x_wconf 79' lang='lat' dir='ltr'><strong>eademque</strong></span> <span class='ocrx_word' id='word_1_84' title='bbox 695 1105 850 1164; x_wconf 88' lang='lat' dir='ltr'><strong>mala</strong></span> <span class='ocrx_word' id='word_1_85' title='bbox 877 1123 1053 1165; x_wconf 84' lang='lat' dir='ltr'><strong>causa</strong></span> <span class='ocrx_word' id='word_1_86' title='bbox 1077 1105 1231 1164; x_wconf 85' lang='lat' dir='ltr'><strong>hunc</strong></span> <span class='ocrx_word' id='word_1_87' title='bbox 1257 1104 1510 1181; x_wconf 86' lang='lat' dir='ltr'><strong>liberari,</strong></span> <span class='ocrx_word' id='word_1_88' title='bbox 1539 1103 1706 1163; x_wconf 87' lang='lat' dir='ltr'><strong>illum</strong></span> <span class='ocrx_word' id='word_1_89' title='bbox 1732 1104 1959 1183; x_wconf 84' lang='lat' dir='ltr'><strong>puniri:</strong></span> <span class='ocrx_word' id='word_1_90' title='bbox 2002 1105 2223 1183; x_wconf 84' lang='lat' dir='ltr'><strong>Nempe</strong></span> <span class='ocrx_word' id='word_1_91' title='bbox 2252 1125 2393 1183; x_wconf 89' lang='lat' dir='ltr'><strong>ergo</strong></span> <span class='ocrx_word' id='word_1_92' title='bbox 2424 1105 2650 1182; x_wconf 88' lang='lat' dir='ltr'><strong>justum</strong></span> <span class='ocrx_word' id='word_1_93' title='bbox 2678 1114 2769 1166; x_wconf 87' lang='lat' dir='ltr'><strong>est</strong></span> 
     </span>
     <span class='ocr_line' id='line_1_10' title="bbox 352 1184 2767 1265; baseline -0.001 -18"><span class='ocrx_word' id='word_1_94' title='bbox 352 1195 661 1264; x_wconf 72' lang='lat' dir='ltr'><strong>utriunque</strong></span> <span class='ocrx_word' id='word_1_95' title='bbox 689 1185 898 1264; x_wconf 87' lang='lat' dir='ltr'><strong>puniri.</strong></span> <span class='ocrx_word' id='word_1_96' title='bbox 983 1184 1126 1260; x_wconf 86' lang='lat' dir='ltr'><strong>Quis</strong></span> <span class='ocrx_word' id='word_1_97' title='bbox 1167 1184 1281 1244; x_wconf 78' lang='lat' dir='ltr'><strong>hoe</strong></span> <span class='ocrx_word' id='word_1_98' title='bbox 1323 1184 1676 1262; x_wconf 76' lang='lat' dir='ltr'><strong>negaverit?</strong></span> <span class='ocrx_word' id='word_1_99' title='bbox 1717 1184 1984 1262; x_wconf 85' lang='lat' dir='ltr'><strong>Agamus</strong></span> <span class='ocrx_word' id='word_1_100' title='bbox 2012 1204 2152 1262; x_wconf 88' lang='lat' dir='ltr'><strong>ergo</strong></span> <span class='ocrx_word' id='word_1_101' title='bbox 2194 1184 2412 1265; x_wconf 87' lang='lat' dir='ltr'><strong>gratias</strong></span> <span class='ocrx_word' id='word_1_102' title='bbox 2458 1184 2767 1261; x_wconf 80' lang='lat' dir='ltr'><strong>Salvatori,</strong></span> 
     </span>
     <span class='ocr_line' id='line_1_11' title="bbox 353 1262 2769 1342; baseline -0.001 -16"><span class='ocrx_word' id='word_1_103' title='bbox 353 1264 495 1327; x_wconf 84' lang='lat' dir='ltr'><strong>dum</strong></span> <span class='ocrx_word' id='word_1_104' title='bbox 521 1266 692 1325; x_wconf 89' lang='lat' dir='ltr'><strong>nobis</strong></span> <span class='ocrx_word' id='word_1_105' title='bbox 731 1264 1022 1325; x_wconf 88' lang='lat' dir='ltr'><strong>redditum</strong></span> <span class='ocrx_word' id='word_1_106' title='bbox 1063 1283 1182 1323; x_wconf 92' lang='lat' dir='ltr'><strong>non</strong></span> <span class='ocrx_word' id='word_1_107' title='bbox 1226 1264 1530 1340; x_wconf 89' lang='lat' dir='ltr'><strong>cernimus,</strong></span> <span class='ocrx_word' id='word_1_108' title='bbox 1561 1262 1723 1342; x_wconf 87' lang='lat' dir='ltr'><strong>quod</strong></span> <span class='ocrx_word' id='word_1_109' title='bbox 1764 1264 1825 1324; x_wconf 89' lang='lat' dir='ltr'><strong>in</strong></span> <span class='ocrx_word' id='word_1_110' title='bbox 1871 1264 2237 1323; x_wconf 74' lang='lat' dir='ltr'><strong>damnatione</strong></span> <span class='ocrx_word' id='word_1_111' title='bbox 2280 1264 2553 1323; x_wconf 83' lang='lat' dir='ltr'><strong>similium</strong></span> <span class='ocrx_word' id='word_1_112' title='bbox 2592 1265 2769 1324; x_wconf 87' lang='lat' dir='ltr'><strong>etiam</strong></span> 
     </span>
     <span class='ocr_line' id='line_1_12' title="bbox 353 1342 2770 1423; baseline -0 -18"><span class='ocrx_word' id='word_1_113' title='bbox 353 1345 526 1407; x_wconf 90' lang='lat' dir='ltr'><strong>nobis</strong></span> <span class='ocrx_word' id='word_1_114' title='bbox 551 1345 811 1405; x_wconf 88' lang='lat' dir='ltr'><strong>debitum</strong></span> <span class='ocrx_word' id='word_1_115' title='bbox 838 1344 1266 1423; x_wconf 87' lang='lat' dir='ltr'><strong>agnoscimus.”</strong></span> <span class='ocrx_word' id='word_1_116' title='bbox 1350 1342 1432 1403; x_wconf 90' lang='lat' dir='ltr'><strong>Et</strong></span> <span class='ocrx_word' id='word_1_117' title='bbox 1456 1352 1680 1422; x_wconf 84' lang='lat' dir='ltr'><strong>postea.</strong></span> <span class='ocrx_word' id='word_1_118' title='bbox 1766 1345 1805 1377; x_wconf 91' lang='lat'><strong>“</strong></span> <span class='ocrx_word' id='word_1_119' title='bbox 1832 1344 1950 1404; x_wconf 83' lang='lat' dir='ltr'><strong>Gur</strong></span> <span class='ocrx_word' id='word_1_120' title='bbox 1990 1344 2155 1403; x_wconf 89' lang='lat' dir='ltr'><strong>illum</strong></span> <span class='ocrx_word' id='word_1_121' title='bbox 2179 1344 2375 1422; x_wconf 86' lang='lat' dir='ltr'><strong>potius</strong></span> <span class='ocrx_word' id='word_1_122' title='bbox 2401 1363 2577 1422; x_wconf 88' lang='lat' dir='ltr'><strong>quam</strong></span> <span class='ocrx_word' id='word_1_123' title='bbox 2603 1343 2770 1404; x_wconf 89' lang='lat' dir='ltr'><strong>illum</strong></span> 
     </span>
     <span class='ocr_line' id='line_1_13' title="bbox 353 1423 2771 1517; baseline -0.001 -32"><span class='ocrx_word' id='word_1_124' title='bbox 353 1425 576 1503; x_wconf 85' lang='lat' dir='ltr'><strong>liberet,</strong></span> <span class='ocrx_word' id='word_1_125' title='bbox 607 1433 708 1484; x_wconf 89' lang='lat' dir='ltr'><strong>aut</strong></span> <span class='ocrx_word' id='word_1_126' title='bbox 733 1443 850 1483; x_wconf 91' lang='lat' dir='ltr'><strong>non</strong></span> <span class='ocrx_word' id='word_1_127' title='bbox 877 1425 1100 1501; x_wconf 90' lang='lat' dir='ltr'><strong>liberet,</strong></span> <span class='ocrx_word' id='word_1_128' title='bbox 1131 1430 1418 1484; x_wconf 79' lang='lat' dir='ltr'><strong>scrutetur</strong></span> <span class='ocrx_word' id='word_1_129' title='bbox 1443 1423 1546 1502; x_wconf 87' lang='lat' dir='ltr'><strong>qui</strong></span> <span class='ocrx_word' id='word_1_130' title='bbox 1579 1431 1776 1517; x_wconf 85' lang='lat' dir='ltr'><strong>potest</strong></span> <span class='ocrx_word' id='word_1_131' title='bbox 1801 1423 1845 1484; x_wconf 85' lang='lat' dir='ltr'><strong>J</strong></span> <span class='ocrx_word' id='word_1_132' title='bbox 1850 1423 2168 1483; x_wconf 83' lang='lat' dir='ltr'><strong>udiciorum</strong></span> <span class='ocrx_word' id='word_1_133' title='bbox 2194 1426 2321 1503; x_wconf 74' lang='lat' dir='ltr'><strong>eJus</strong></span> <span class='ocrx_word' id='word_1_134' title='bbox 2346 1432 2467 1484; x_wconf 81' lang='lat' dir='ltr'><strong>tam</strong></span> <span class='ocrx_word' id='word_1_135' title='bbox 2492 1444 2771 1502; x_wconf 87' lang='lat' dir='ltr'><strong>magnum</strong></span> 
     </span>
     <span class='ocr_line' id='line_1_14' title="bbox 351 1503 2771 1583; baseline 0 -20"><span class='ocrx_word' id='word_1_136' title='bbox 351 1504 738 1583; x_wconf 79' lang='lat' dir='ltr'><strong>profundum3</strong></span> <span class='ocrx_word' id='word_1_137' title='bbox 768 1511 1165 1563; x_wconf 81' lang='lat' dir='ltr'><strong>verumtamen</strong></span> <span class='ocrx_word' id='word_1_138' title='bbox 1193 1510 1398 1564; x_wconf 82' lang='lat' dir='ltr'><strong>caveat</strong></span> <span class='ocrx_word' id='word_1_139' title='bbox 1422 1503 1807 1582; x_wconf 69' lang='lat' dir='ltr'><strong>prncxpitium</strong></span> <span class='ocrx_word' id='word_1_140' title='bbox 1832 1524 1849 1564; x_wconf 77' lang='lat' dir='ltr'><strong><em>z</em></strong></span> <span class='ocrx_word' id='word_1_141' title='bbox 1890 1504 2171 1581; x_wconf 82' lang='lat' dir='ltr'><strong>Nunquid</strong></span> <span class='ocrx_word' id='word_1_142' title='bbox 2198 1504 2351 1565; x_wconf 91' lang='lat' dir='ltr'><strong>enim</strong></span> <span class='ocrx_word' id='word_1_143' title='bbox 2378 1512 2469 1565; x_wconf 90' lang='lat' dir='ltr'><strong>est</strong></span> <span class='ocrx_word' id='word_1_144' title='bbox 2493 1504 2771 1583; x_wconf 89' lang='lat' dir='ltr'><strong>iniquitas</strong></span> 
     </span>
     <span class='ocr_line' id='line_1_15' title="bbox 353 1581 1195 1665; baseline -0.004 -20"><span class='ocrx_word' id='word_1_145' title='bbox 353 1584 511 1665; x_wconf 85' lang='lat' dir='ltr'><strong>apud</strong></span> <span class='ocrx_word' id='word_1_146' title='bbox 539 1584 732 1645; x_wconf 88' lang='lat' dir='ltr'><strong>Deum</strong></span> <span class='ocrx_word' id='word_1_147' title='bbox 745 1587 776 1644; x_wconf 82' lang='lat'><strong>?</strong></span> <span class='ocrx_word' id='word_1_148' title='bbox 815 1583 1053 1661; x_wconf 85' lang='lat' dir='ltr'><strong>Absit,&#39;&#39;</strong></span> <span class='ocrx_word' id='word_1_149' title='bbox 1085 1581 1195 1642; x_wconf 65' lang='grc' dir='ltr'><strong>ἆυ.</strong></span> 
     </span>
    </p>

    <p class='ocr_par' dir='ltr' id='par_1_3' title="bbox 353 1662 2773 2301">
     <span class='ocr_line' id='line_1_16' title="bbox 437 1662 2773 1740; baseline 0 -17"><span class='ocrx_word' id='word_1_150' title='bbox 437 1664 664 1723; x_wconf 87' lang='lat' dir='ltr'>XXX.</span> <span class='ocrx_word' id='word_1_151' title='bbox 709 1663 987 1739; x_wconf 81' lang='lat' dir='ltr'><strong>Quamvis</strong></span> <span class='ocrx_word' id='word_1_152' title='bbox 1030 1664 1194 1723; x_wconf 89' lang='lat' dir='ltr'><strong>Deus</strong></span> <span class='ocrx_word' id='word_1_153' title='bbox 1233 1663 1460 1723; x_wconf 88' lang='lat' dir='ltr'><strong>dicatur</strong></span> <span class='ocrx_word' id='word_1_154' title='bbox 1497 1662 1653 1723; x_wconf 87' lang='lat' dir='ltr'><strong>velle</strong></span> <span class='ocrx_word' id='word_1_155' title='bbox 1694 1662 1951 1723; x_wconf 90' lang='lat' dir='ltr'><strong>omnium</strong></span> <span class='ocrx_word' id='word_1_156' title='bbox 1992 1662 2255 1740; x_wconf 87' lang='lat' dir='ltr'><strong>salutem,</strong></span> <span class='ocrx_word' id='word_1_157' title='bbox 2290 1666 2321 1722; x_wconf 94' lang='lat'>1</span> <span class='ocrx_word' id='word_1_158' title='bbox 2353 1663 2502 1723; x_wconf 86' lang='lat' dir='ltr'><strong>Tim.</strong></span> <span class='ocrx_word' id='word_1_159' title='bbox 2532 1663 2592 1724; x_wconf 89' lang='lat' dir='ltr'><strong>ii.</strong></span> <span class='ocrx_word' id='word_1_160' title='bbox 2623 1666 2679 1740; x_wconf 84' lang='lat'><strong>4,</strong></span> <span class='ocrx_word' id='word_1_161' title='bbox 2710 1672 2773 1724; x_wconf 87' lang='lat' dir='ltr'><strong>et</strong></span> 
     </span>
     <span class='ocr_line' id='line_1_17' title="bbox 353 1743 2773 1822; baseline -0 -18"><span class='ocrx_word' id='word_1_162' title='bbox 353 1762 474 1804; x_wconf 89' lang='lat' dir='ltr'><strong>non</strong></span> <span class='ocrx_word' id='word_1_163' title='bbox 501 1743 776 1805; x_wconf 89' lang='lat' dir='ltr'><strong>delectari</strong></span> <span class='ocrx_word' id='word_1_164' title='bbox 801 1752 986 1803; x_wconf 87' lang='lat' dir='ltr'><strong>morte</strong></span> <span class='ocrx_word' id='word_1_165' title='bbox 1011 1743 1346 1822; x_wconf 87' lang='lat' dir='ltr'><strong>peccatoris,</strong></span> <span class='ocrx_word' id='word_1_166' title='bbox 1373 1744 1588 1803; x_wconf 81' lang='lat' dir='ltr'><strong>Ezech.</strong></span> <span class='ocrx_word' id='word_1_167' title='bbox 1616 1743 1783 1803; x_wconf 84' lang='lat' dir='ltr'><strong>xviii.</strong></span> <span class='ocrx_word' id='word_1_168' title='bbox 1804 1766 1819 1820; x_wconf 82' lang='lat'>3</span> <span class='ocrx_word' id='word_1_169' title='bbox 1864 1743 1998 1803; x_wconf 85' lang='lat' dir='ltr'><strong>Non</strong></span> <span class='ocrx_word' id='word_1_170' title='bbox 2022 1752 2327 1821; x_wconf 87' lang='lat' dir='ltr'><strong>propterea</strong></span> <span class='ocrx_word' id='word_1_171' title='bbox 2354 1743 2612 1822; x_wconf 86' lang='lat' dir='ltr'><strong>sequitur</strong></span> <span class='ocrx_word' id='word_1_172' title='bbox 2638 1763 2773 1803; x_wconf 90' lang='lat' dir='ltr'><strong>eum</strong></span> 
     </span>
     <span class='ocr_line' id='line_1_18' title="bbox 355 1822 2771 1902; baseline -0 -18"><span class='ocrx_word' id='word_1_173' title='bbox 355 1824 646 1885; x_wconf 89' lang='lat' dir='ltr'><strong>neminem</strong></span> <span class='ocrx_word' id='word_1_174' title='bbox 671 1823 1027 1902; x_wconf 89' lang='lat' dir='ltr'><strong>reprobasse,</strong></span> <span class='ocrx_word' id='word_1_175' title='bbox 1059 1824 1195 1901; x_wconf 88' lang='lat' dir='ltr'><strong>quia</strong></span> <span class='ocrx_word' id='word_1_176' title='bbox 1221 1823 1422 1883; x_wconf 89' lang='lat' dir='ltr'><strong>eadem</strong></span> <span class='ocrx_word' id='word_1_177' title='bbox 1455 1822 1753 1902; x_wconf 85' lang='lat' dir='ltr'><strong>Scriptura</strong></span> <span class='ocrx_word' id='word_1_178' title='bbox 1776 1831 2023 1883; x_wconf 72' lang='lat' dir='ltr'><strong>testatur</strong></span> <span class='ocrx_word' id='word_1_179' title='bbox 2048 1822 2205 1898; x_wconf 84' lang='lat' dir='ltr'><strong>alibi,</strong></span> <span class='ocrx_word' id='word_1_180' title='bbox 2240 1822 2429 1883; x_wconf 92' lang='lat' dir='ltr'><strong>Deum</strong></span> <span class='ocrx_word' id='word_1_181' title='bbox 2454 1844 2573 1882; x_wconf 87' lang='lat' dir='ltr'><strong>non</strong></span> <span class='ocrx_word' id='word_1_182' title='bbox 2600 1823 2771 1883; x_wconf 87' lang='lat' dir='ltr'><strong>mise-</strong></span> 
     </span>
     <span class='ocr_line' id='line_1_19' title="bbox 355 1902 2770 1981; baseline -0 -17"><span class='ocrx_word' id='word_1_183' title='bbox 355 1905 472 1965; x_wconf 90' lang='lat' dir='ltr'><strong>reri</strong></span> <span class='ocrx_word' id='word_1_184' title='bbox 499 1904 897 1981; x_wconf 88' lang='lat' dir='ltr'><strong>quorumdam,</strong></span> <span class='ocrx_word' id='word_1_185' title='bbox 928 1912 988 1964; x_wconf 89' lang='lat' dir='ltr'><strong>et</strong></span> <span class='ocrx_word' id='word_1_186' title='bbox 1025 1903 1396 1981; x_wconf 75' lang='lat' dir='ltr'><strong>praescribere</strong></span> <span class='ocrx_word' id='word_1_187' title='bbox 1437 1904 1570 1962; x_wconf 88' lang='lat' dir='ltr'><strong>illos</strong></span> <span class='ocrx_word' id='word_1_188' title='bbox 1610 1903 1689 1962; x_wconf 87' lang='lat' dir='ltr'><strong>ad</strong></span> <span class='ocrx_word' id='word_1_189' title='bbox 1715 1903 1759 1964; x_wconf 84' lang='lat' dir='ltr'><strong>J</strong></span> <span class='ocrx_word' id='word_1_190' title='bbox 1760 1902 2035 1962; x_wconf 91' lang='lat' dir='ltr'><strong>udicium.</strong></span> <span class='ocrx_word' id='word_1_191' title='bbox 2119 1902 2305 1961; x_wconf 89' lang='lat' dir='ltr'><strong>Aliud</strong></span> <span class='ocrx_word' id='word_1_192' title='bbox 2332 1923 2471 1981; x_wconf 91' lang='lat' dir='ltr'><strong>ergo</strong></span> <span class='ocrx_word' id='word_1_193' title='bbox 2500 1912 2590 1964; x_wconf 88' lang='lat' dir='ltr'><strong>est</strong></span> <span class='ocrx_word' id='word_1_194' title='bbox 2616 1904 2770 1963; x_wconf 88' lang='lat' dir='ltr'><strong>velle</strong></span> 
     </span>
     <span class='ocr_line' id='line_1_20' title="bbox 359 1982 2773 2065; baseline 0 -22"><span class='ocrx_word' id='word_1_195' title='bbox 359 1985 606 2043; x_wconf 87' lang='lat' dir='ltr'><strong>salutem</strong></span> <span class='ocrx_word' id='word_1_196' title='bbox 631 1983 932 2043; x_wconf 88' lang='lat' dir='ltr'><strong>hominum</strong></span> <span class='ocrx_word' id='word_1_197' title='bbox 959 1983 1259 2042; x_wconf 88' lang='lat' dir='ltr'><strong>voluntate</strong></span> <span class='ocrx_word' id='word_1_198' title='bbox 1285 1986 1585 2065; x_wconf 64' lang='grc' dir='ltr'><strong>ιῦκςιστῶις,</strong></span> <span class='ocrx_word' id='word_1_199' title='bbox 1615 1983 1680 2041; x_wconf 89' lang='lat' dir='ltr'><strong>id</strong></span> <span class='ocrx_word' id='word_1_200' title='bbox 1705 1991 1810 2058; x_wconf 87' lang='lat' dir='ltr'><strong>est,</strong></span> <span class='ocrx_word' id='word_1_201' title='bbox 1842 2002 1911 2041; x_wconf 91' lang='lat' dir='ltr'><strong>ea</strong></span> <span class='ocrx_word' id='word_1_202' title='bbox 1927 1982 2234 2057; x_wconf 87' lang='lat' dir='ltr'><strong>delectari;</strong></span> <span class='ocrx_word' id='word_1_203' title='bbox 2266 1982 2449 2043; x_wconf 86' lang='lat' dir='ltr'><strong>Aliud</strong></span> <span class='ocrx_word' id='word_1_204' title='bbox 2471 2004 2599 2043; x_wconf 86' lang='lat' dir='ltr'><strong>eam</strong></span> <span class='ocrx_word' id='word_1_205' title='bbox 2618 1984 2773 2043; x_wconf 85' lang='lat' dir='ltr'><strong>velle</strong></span> 
     </span>
     <span class='ocr_line' id='line_1_21' title="bbox 358 2060 2770 2137; baseline -0.001 -15"><span class='ocrx_word' id='word_1_206' title='bbox 358 2064 659 2123; x_wconf 79' lang='lat' dir='ltr'><strong>voluntate</strong></span> <span class='ocrx_word' id='word_1_207' title='bbox 687 2061 916 2137; x_wconf 64' lang='grc' dir='ltr'><strong>εὐδοκίας,</strong></span> <span class='ocrx_word' id='word_1_208' title='bbox 941 2061 1003 2120; x_wconf 88' lang='lat' dir='ltr'><strong>id</strong></span> <span class='ocrx_word' id='word_1_209' title='bbox 1043 2070 1149 2136; x_wconf 90' lang='lat' dir='ltr'><strong>est,</strong></span> <span class='ocrx_word' id='word_1_210' title='bbox 1179 2082 1306 2121; x_wconf 85' lang='lat' dir='ltr'><strong>eam</strong></span> <span class='ocrx_word' id='word_1_211' title='bbox 1333 2063 1650 2123; x_wconf 83' lang='lat' dir='ltr'><strong>intendere.</strong></span> <span class='ocrx_word' id='word_1_212' title='bbox 1734 2060 1921 2121; x_wconf 87' lang='lat' dir='ltr'><strong>Aliud</strong></span> <span class='ocrx_word' id='word_1_213' title='bbox 1946 2062 2099 2121; x_wconf 88' lang='lat' dir='ltr'><strong>velle</strong></span> <span class='ocrx_word' id='word_1_214' title='bbox 2126 2062 2381 2123; x_wconf 91' lang='lat' dir='ltr'><strong>omnium</strong></span> <span class='ocrx_word' id='word_1_215' title='bbox 2410 2063 2655 2125; x_wconf 87' lang='lat' dir='ltr'><strong>salutem</strong></span> <span class='ocrx_word' id='word_1_216' title='bbox 2683 2062 2770 2121; x_wconf 88' lang='lat' dir='ltr'><strong>in-</strong></span> 
     </span>
     <span class='ocr_line' id='line_1_22' title="bbox 359 2141 2773 2220; baseline -0 -18"><span class='ocrx_word' id='word_1_217' title='bbox 359 2143 834 2219; x_wconf 82' lang='lat' dir='ltr'><strong>discriminatim3</strong></span> <span class='ocrx_word' id='word_1_218' title='bbox 881 2141 1067 2201; x_wconf 90' lang='lat' dir='ltr'><strong>Aliud</strong></span> <span class='ocrx_word' id='word_1_219' title='bbox 1093 2142 1349 2202; x_wconf 86' lang='lat' dir='ltr'><strong>omnium</strong></span> <span class='ocrx_word' id='word_1_220' title='bbox 1377 2151 1436 2203; x_wconf 87' lang='lat' dir='ltr'><strong>et</strong></span> <span class='ocrx_word' id='word_1_221' title='bbox 1463 2142 1823 2219; x_wconf 88' lang='lat' dir='ltr'><strong>singulorum</strong></span> <span class='ocrx_word' id='word_1_222' title='bbox 1847 2141 2287 2204; x_wconf 82' lang='lat' dir='ltr'><strong>universaliter:</strong></span> <span class='ocrx_word' id='word_1_223' title='bbox 2327 2142 2614 2220; x_wconf 85' lang='lat' dir='ltr'><strong>posterius</strong></span> <span class='ocrx_word' id='word_1_224' title='bbox 2640 2164 2773 2203; x_wconf 87' lang='lat' dir='ltr'><strong>cum</strong></span> 
     </span>
     <span class='ocr_line' id='line_1_23' title="bbox 363 2220 1598 2301; baseline 0 -19"><span class='ocrx_word' id='word_1_225' title='bbox 363 2223 789 2301; x_wconf 88' lang='lat' dir='ltr'><strong>Reprobatione</strong></span> <span class='ocrx_word' id='word_1_226' title='bbox 817 2220 1117 2299; x_wconf 67' lang='grc' dir='ltr'><strong>εἰσ-ὕστατον,</strong></span> <span class='ocrx_word' id='word_1_227' title='bbox 1147 2222 1252 2281; x_wconf 88' lang='lat' dir='ltr'><strong>sed</strong></span> <span class='ocrx_word' id='word_1_228' title='bbox 1276 2242 1396 2282; x_wconf 88' lang='lat' dir='ltr'><strong>non</strong></span> <span class='ocrx_word' id='word_1_229' title='bbox 1419 2222 1598 2301; x_wconf 89' lang='lat' dir='ltr'><strong>prius.</strong></span> 
     </span>
    </p>

    <p class='ocr_par' dir='ltr' id='par_1_4' title="bbox 361 2299 2774 2941">
     <span class='ocr_line' id='line_1_24' title="bbox 442 2299 2773 2378; baseline 0 -17"><span class='ocrx_word' id='word_1_230' title='bbox 442 2302 705 2362; x_wconf 88' lang='lat' dir='ltr'>XXXI.</span> <span class='ocrx_word' id='word_1_231' title='bbox 750 2303 896 2362; x_wconf 87' lang='lat' dir='ltr'><strong>Cum</strong></span> <span class='ocrx_word' id='word_1_232' title='bbox 925 2303 1088 2362; x_wconf 87' lang='lat' dir='ltr'><strong>Deus</strong></span> <span class='ocrx_word' id='word_1_233' title='bbox 1113 2302 1331 2361; x_wconf 91' lang='lat' dir='ltr'><strong>nemini</strong></span> <span class='ocrx_word' id='word_1_234' title='bbox 1369 2303 1432 2361; x_wconf 89' lang='lat' dir='ltr'><strong>in</strong></span> <span class='ocrx_word' id='word_1_235' title='bbox 1473 2303 1584 2361; x_wconf 87' lang='lat' dir='ltr'><strong>hac</strong></span> <span class='ocrx_word' id='word_1_236' title='bbox 1611 2300 1736 2360; x_wconf 87' lang='lat' dir='ltr'><strong>vita</strong></span> <span class='ocrx_word' id='word_1_237' title='bbox 1760 2300 1908 2359; x_wconf 89' lang='lat' dir='ltr'><strong>velit</strong></span> <span class='ocrx_word' id='word_1_238' title='bbox 1933 2299 2393 2378; x_wconf 80' lang='lat' dir='ltr'><strong>reprobationem</strong></span> <span class='ocrx_word' id='word_1_239' title='bbox 2421 2320 2585 2359; x_wconf 90' lang='lat' dir='ltr'><strong>suam</strong></span> <span class='ocrx_word' id='word_1_240' title='bbox 2613 2308 2773 2361; x_wconf 88' lang='lat' dir='ltr'><strong>certo</strong></span> 
     </span>
     <span class='ocr_line' id='line_1_25' title="bbox 361 2380 2771 2461; baseline -0.001 -19"><span class='ocrx_word' id='word_1_241' title='bbox 361 2391 645 2460; x_wconf 79' lang='lat' dir='ltr'><strong>constare,</strong></span> <span class='ocrx_word' id='word_1_242' title='bbox 677 2383 781 2443; x_wconf 90' lang='lat' dir='ltr'><strong>sed</strong></span> <span class='ocrx_word' id='word_1_243' title='bbox 806 2381 994 2461; x_wconf 89' lang='lat' dir='ltr'><strong>possit</strong></span> <span class='ocrx_word' id='word_1_244' title='bbox 1033 2381 1207 2442; x_wconf 88' lang='lat' dir='ltr'><strong>etiam</strong></span> <span class='ocrx_word' id='word_1_245' title='bbox 1247 2380 1667 2460; x_wconf 77' lang='lat' dir='ltr'><strong>perditissimos</strong></span> <span class='ocrx_word' id='word_1_246' title='bbox 1707 2388 2039 2459; x_wconf 81' lang='lat' dir='ltr'><strong>peccatores</strong></span> <span class='ocrx_word' id='word_1_247' title='bbox 2064 2380 2269 2439; x_wconf 86' lang='lat' dir='ltr'><strong>ultima</strong></span> <span class='ocrx_word' id='word_1_248' title='bbox 2306 2380 2451 2439; x_wconf 88' lang='lat' dir='ltr'><strong>hora</strong></span> <span class='ocrx_word' id='word_1_249' title='bbox 2477 2380 2554 2439; x_wconf 80' lang='lat' dir='ltr'><strong>ad</strong></span> <span class='ocrx_word' id='word_1_250' title='bbox 2580 2400 2642 2440; x_wconf 87' lang='lat' dir='ltr'><strong>se</strong></span> <span class='ocrx_word' id='word_1_251' title='bbox 2669 2401 2771 2439; x_wconf 88' lang='lat' dir='ltr'><strong>vo-</strong></span> 
     </span>
     <span class='ocr_line' id='line_1_26' title="bbox 361 2457 2774 2621; baseline -0.001 -20"><span class='ocrx_word' id='word_1_252' title='bbox 361 2462 928 2621; x_wconf 53' lang='grc' dir='ltr'><strong>ῧὲἑωῗᾝὲἑίῗ</strong></span> <span class='ocrx_word' id='word_1_253' title='bbox 953 2457 2774 2621; x_wconf 51' lang='grc' dir='ltr'><strong>ᾗῗᾞέῃῖΡὲὯὲῧῗέῇἙῖιἰὲἓῗέἳιῖιᾝὲἒῗὲἓῖῗὲἷίἓέ</strong></span> 
     </span>
     <span class='ocr_line' id='line_1_27' title="bbox 361 2586 2773 2701; baseline -0.001 -18"><span class='ocrx_word' id='word_1_254' title='bbox 361 2623 552 2697; x_wconf 88' lang='lat' dir='ltr'><strong>debet,</strong></span> <span class='ocrx_word' id='word_1_255' title='bbox 581 2631 649 2683; x_wconf 91' lang='lat' dir='ltr'><strong>ut</strong></span> <span class='ocrx_word' id='word_1_256' title='bbox 675 2586 1080 2701; x_wconf 66' lang='lat' dir='ltr'><strong>cognoscendo</strong></span> <span class='ocrx_word' id='word_1_257' title='bbox 1108 2623 1472 2682; x_wconf 85' lang='lat' dir='ltr'><strong>severitatem</strong></span> <span class='ocrx_word' id='word_1_258' title='bbox 1503 2621 1632 2698; x_wconf 90' lang='lat' dir='ltr'><strong>Dei,</strong></span> <span class='ocrx_word' id='word_1_259' title='bbox 1662 2639 1781 2680; x_wconf 92' lang='lat' dir='ltr'><strong>non</strong></span> <span class='ocrx_word' id='word_1_260' title='bbox 1808 2619 2117 2680; x_wconf 83' lang='lat' dir='ltr'><strong>efferantur</strong></span> <span class='ocrx_word' id='word_1_261' title='bbox 2156 2619 2444 2697; x_wconf 90' lang='lat' dir='ltr'><strong>superbia,</strong></span> <span class='ocrx_word' id='word_1_262' title='bbox 2476 2620 2581 2680; x_wconf 90' lang='lat' dir='ltr'><strong>sed</strong></span> <span class='ocrx_word' id='word_1_263' title='bbox 2606 2621 2773 2680; x_wconf 90' lang='lat' dir='ltr'><strong>time-</strong></span> 
     </span>
     <span class='ocr_line' id='line_1_28' title="bbox 362 2699 2773 2781; baseline -0.001 -19"><span class='ocrx_word' id='word_1_264' title='bbox 362 2712 480 2778; x_wconf 87' lang='lat' dir='ltr'><strong>ant,</strong></span> <span class='ocrx_word' id='word_1_265' title='bbox 524 2712 583 2762; x_wconf 93' lang='lat' dir='ltr'><strong>et</strong></span> <span class='ocrx_word' id='word_1_266' title='bbox 609 2703 958 2762; x_wconf 70' lang='lat' dir='ltr'><strong>recedentes</strong></span> <span class='ocrx_word' id='word_1_267' title='bbox 1001 2722 1038 2761; x_wconf 92' lang='lat' dir='ltr'><strong>a</strong></span> <span class='ocrx_word' id='word_1_268' title='bbox 1062 2702 1162 2761; x_wconf 87' lang='lat' dir='ltr'><strong>via</strong></span> <span class='ocrx_word' id='word_1_269' title='bbox 1199 2702 1437 2781; x_wconf 87' lang='lat' dir='ltr'><strong>peccati,</strong></span> <span class='ocrx_word' id='word_1_270' title='bbox 1469 2722 1599 2780; x_wconf 79' lang='lat' dir='ltr'><strong>quse</strong></span> <span class='ocrx_word' id='word_1_271' title='bbox 1641 2720 1745 2760; x_wconf 90' lang='lat' dir='ltr'><strong>eos</strong></span> <span class='ocrx_word' id='word_1_272' title='bbox 1782 2701 1845 2758; x_wconf 89' lang='lat' dir='ltr'><strong>in</strong></span> <span class='ocrx_word' id='word_1_273' title='bbox 1884 2700 1997 2760; x_wconf 91' lang='lat' dir='ltr'><strong>hoc</strong></span> <span class='ocrx_word' id='word_1_274' title='bbox 2034 2699 2416 2778; x_wconf 74' lang='lat' dir='ltr'><strong>praecipitium</strong></span> <span class='ocrx_word' id='word_1_275' title='bbox 2444 2700 2773 2777; x_wconf 86' lang='lat' dir='ltr'><strong>abduceret,</strong></span> 
     </span>
     <span class='ocr_line' id='line_1_29' title="bbox 362 2780 2773 2859; baseline -0.001 -18"><span class='ocrx_word' id='word_1_276' title='bbox 362 2783 660 2843; x_wconf 87' lang='lat' dir='ltr'><strong>ambulent</strong></span> <span class='ocrx_word' id='word_1_277' title='bbox 687 2790 1017 2844; x_wconf 87' lang='lat' dir='ltr'><strong>constanter</strong></span> <span class='ocrx_word' id='word_1_278' title='bbox 1042 2783 1105 2841; x_wconf 88' lang='lat' dir='ltr'><strong>in</strong></span> <span class='ocrx_word' id='word_1_279' title='bbox 1130 2782 1230 2841; x_wconf 85' lang='lat' dir='ltr'><strong>via</strong></span> <span class='ocrx_word' id='word_1_280' title='bbox 1255 2781 1594 2858; x_wconf 86' lang='lat' dir='ltr'><strong>sanctitatis,</strong></span> <span class='ocrx_word' id='word_1_281' title='bbox 1617 2800 1765 2859; x_wconf 73' lang='lat' dir='ltr'><strong>quse,</strong></span> <span class='ocrx_word' id='word_1_282' title='bbox 1794 2789 1861 2840; x_wconf 85' lang='lat' dir='ltr'><strong>ut</strong></span> <span class='ocrx_word' id='word_1_283' title='bbox 1880 2780 2198 2840; x_wconf 88' lang='lat' dir='ltr'><strong>Electionis</strong></span> <span class='ocrx_word' id='word_1_284' title='bbox 2223 2781 2462 2858; x_wconf 72' lang='lat' dir='ltr'><strong>fruetus,</strong></span> <span class='ocrx_word' id='word_1_285' title='bbox 2492 2780 2567 2839; x_wconf 89' lang='lat' dir='ltr'><strong>ad</strong></span> <span class='ocrx_word' id='word_1_286' title='bbox 2592 2781 2773 2840; x_wconf 85' lang='lat' dir='ltr'><strong>vitam</strong></span> 
     </span>
     <span class='ocr_line' id='line_1_30' title="bbox 361 2862 1375 2941; baseline 0.001 -20"><span class='ocrx_word' id='word_1_287' title='bbox 361 2862 742 2922; x_wconf 82' lang='lat' dir='ltr'><strong>infallibiliter</strong></span> <span class='ocrx_word' id='word_1_288' title='bbox 767 2883 868 2922; x_wconf 89' lang='lat' dir='ltr'><strong>eos</strong></span> <span class='ocrx_word' id='word_1_289' title='bbox 895 2863 1244 2941; x_wconf 86' lang='lat' dir='ltr'><strong>perductura</strong></span> <span class='ocrx_word' id='word_1_290' title='bbox 1268 2870 1375 2922; x_wconf 89' lang='lat' dir='ltr'><strong>est.</strong></span> 
     </span>
    </p>

    <p class='ocr_par' dir='ltr' id='par_1_5' title="bbox 360 2938 2777 3417">
     <span class='ocr_line' id='line_1_31' title="bbox 444 2938 2776 3019; baseline -0.001 -19"><span class='ocrx_word' id='word_1_291' title='bbox 444 2942 739 3002; x_wconf 89' lang='lat' dir='ltr'>XXXII.</span> <span class='ocrx_word' id='word_1_292' title='bbox 784 2943 1065 3018; x_wconf 85' lang='lat' dir='ltr'><strong>Quamvis</strong></span> <span class='ocrx_word' id='word_1_293' title='bbox 1091 2962 1262 3001; x_wconf 90' lang='lat' dir='ltr'><strong>nemo</strong></span> <span class='ocrx_word' id='word_1_294' title='bbox 1289 2942 1594 3001; x_wconf 87' lang='lat' dir='ltr'><strong>damnetur</strong></span> <span class='ocrx_word' id='word_1_295' title='bbox 1617 2938 1734 3000; x_wconf 89' lang='lat' dir='ltr'><strong>nisi</strong></span> <span class='ocrx_word' id='word_1_296' title='bbox 1759 2945 1993 3018; x_wconf 90' lang='lat' dir='ltr'><strong>propter</strong></span> <span class='ocrx_word' id='word_1_297' title='bbox 2018 2947 2335 3019; x_wconf 88' lang='lat' dir='ltr'><strong>peccatum,</strong></span> <span class='ocrx_word' id='word_1_298' title='bbox 2365 2960 2483 2999; x_wconf 90' lang='lat' dir='ltr'><strong>non</strong></span> <span class='ocrx_word' id='word_1_299' title='bbox 2516 2939 2776 3018; x_wconf 90' lang='lat' dir='ltr'><strong>sequitur</strong></span> 
     </span>
     <span class='ocr_line' id='line_1_32' title="bbox 360 3019 2777 3100; baseline 0 -20"><span class='ocrx_word' id='word_1_300' title='bbox 360 3022 580 3100; x_wconf 85' lang='lat' dir='ltr'><strong>pariter</strong></span> <span class='ocrx_word' id='word_1_301' title='bbox 603 3023 894 3082; x_wconf 90' lang='lat' dir='ltr'><strong>neminem</strong></span> <span class='ocrx_word' id='word_1_302' title='bbox 937 3022 1232 3100; x_wconf 79' lang='lat' dir='ltr'><strong>reprobari</strong></span> <span class='ocrx_word' id='word_1_303' title='bbox 1257 3022 1372 3081; x_wconf 87' lang='lat' dir='ltr'><strong>nisi</strong></span> <span class='ocrx_word' id='word_1_304' title='bbox 1409 3029 1646 3100; x_wconf 88' lang='lat' dir='ltr'><strong>propter</strong></span> <span class='ocrx_word' id='word_1_305' title='bbox 1684 3020 1849 3096; x_wconf 85' lang='lat' dir='ltr'><strong>illud,</strong></span> <span class='ocrx_word' id='word_1_306' title='bbox 1880 3021 2018 3098; x_wconf 88' lang='lat' dir='ltr'><strong>quia</strong></span> <span class='ocrx_word' id='word_1_307' title='bbox 2042 3021 2369 3098; x_wconf 90' lang='lat' dir='ltr'><strong>reprobatio</strong></span> <span class='ocrx_word' id='word_1_308' title='bbox 2412 3019 2588 3080; x_wconf 85' lang='lat' dir='ltr'><strong>latius</strong></span> <span class='ocrx_word' id='word_1_309' title='bbox 2614 3029 2777 3098; x_wconf 88' lang='lat' dir='ltr'><strong>patet</strong></span> 
     </span>
     <span class='ocr_line' id='line_1_33' title="bbox 363 3100 2775 3179; baseline 0.001 -19"><span class='ocrx_word' id='word_1_310' title='bbox 363 3101 732 3161; x_wconf 89' lang='lat' dir='ltr'><strong>damnatione</strong></span> <span class='ocrx_word' id='word_1_311' title='bbox 755 3125 770 3179; x_wconf 92' lang='lat'>;</span> <span class='ocrx_word' id='word_1_312' title='bbox 813 3122 922 3162; x_wconf 89' lang='lat' dir='ltr'><strong>nec</strong></span> <span class='ocrx_word' id='word_1_313' title='bbox 949 3111 1041 3162; x_wconf 90' lang='lat' dir='ltr'><strong>est</strong></span> <span class='ocrx_word' id='word_1_314' title='bbox 1066 3109 1290 3162; x_wconf 84' lang='lat' dir='ltr'><strong>tantum</strong></span> <span class='ocrx_word' id='word_1_315' title='bbox 1319 3110 1482 3161; x_wconf 87' lang='lat' dir='ltr'><strong>actus</strong></span> <span class='ocrx_word' id='word_1_316' title='bbox 1503 3100 1767 3179; x_wconf 75' lang='lat' dir='ltr'><strong>justitiae,</strong></span> <span class='ocrx_word' id='word_1_317' title='bbox 1798 3100 1860 3158; x_wconf 89' lang='lat' dir='ltr'><strong>in</strong></span> <span class='ocrx_word' id='word_1_318' title='bbox 1886 3100 2389 3178; x_wconf 69' lang='lat' dir='ltr'><strong>praedamnatione,</strong></span> <span class='ocrx_word' id='word_1_319' title='bbox 2420 3120 2551 3178; x_wconf 78' lang='lat' dir='ltr'><strong>quae</strong></span> <span class='ocrx_word' id='word_1_320' title='bbox 2571 3121 2775 3162; x_wconf 83' lang='lat' dir='ltr'><strong>revera</strong></span> 
     </span>
     <span class='ocr_line' id='line_1_34' title="bbox 360 3180 2775 3260; baseline 0.001 -21"><span class='ocrx_word' id='word_1_321' title='bbox 360 3181 431 3241; x_wconf 85' lang='lat' dir='ltr'><strong>fit</strong></span> <span class='ocrx_word' id='word_1_322' title='bbox 458 3201 536 3240; x_wconf 82' lang='lat' dir='ltr'><strong>ex</strong></span> <span class='ocrx_word' id='word_1_323' title='bbox 559 3181 774 3242; x_wconf 90' lang='lat' dir='ltr'><strong>intuitu</strong></span> <span class='ocrx_word' id='word_1_324' title='bbox 801 3182 1042 3260; x_wconf 86' lang='lat' dir='ltr'><strong>peccati,</strong></span> <span class='ocrx_word' id='word_1_325' title='bbox 1075 3180 1178 3240; x_wconf 87' lang='lat' dir='ltr'><strong>sed</strong></span> <span class='ocrx_word' id='word_1_326' title='bbox 1225 3181 1397 3241; x_wconf 87' lang='lat' dir='ltr'><strong>etiam</strong></span> <span class='ocrx_word' id='word_1_327' title='bbox 1425 3188 1590 3240; x_wconf 86' lang='lat' dir='ltr'><strong>actus</strong></span> <span class='ocrx_word' id='word_1_328' title='bbox 1633 3180 1875 3239; x_wconf 91' lang='lat' dir='ltr'><strong>dominii</strong></span> <span class='ocrx_word' id='word_1_329' title='bbox 1917 3180 1981 3238; x_wconf 89' lang='lat' dir='ltr'><strong>in</strong></span> <span class='ocrx_word' id='word_1_330' title='bbox 2018 3181 2404 3258; x_wconf 71' lang='lat' dir='ltr'><strong>praeteritione</strong></span> <span class='ocrx_word' id='word_1_331' title='bbox 2447 3190 2775 3259; x_wconf 86' lang='lat' dir='ltr'><strong>comparate</strong></span> 
     </span>
     <span class='ocr_line' id='line_1_35' title="bbox 365 3258 2775 3339; baseline 0 -20"><span class='ocrx_word' id='word_1_332' title='bbox 365 3268 642 3338; x_wconf 86' lang='lat' dir='ltr'><strong>spectata,</strong></span> <span class='ocrx_word' id='word_1_333' title='bbox 672 3281 803 3338; x_wconf 80' lang='lat' dir='ltr'><strong>quse</strong></span> <span class='ocrx_word' id='word_1_334' title='bbox 843 3281 880 3320; x_wconf 90' lang='lat' dir='ltr'><strong>a</strong></span> <span class='ocrx_word' id='word_1_335' title='bbox 918 3261 1212 3319; x_wconf 88' lang='lat' dir='ltr'><strong>liberrima</strong></span> <span class='ocrx_word' id='word_1_336' title='bbox 1240 3261 1353 3319; x_wconf 89' lang='lat' dir='ltr'><strong>Dei</strong></span> <span class='ocrx_word' id='word_1_337' title='bbox 1393 3267 1680 3337; x_wconf 85' lang='lat' dir='ltr'><strong>potestate</strong></span> <span class='ocrx_word' id='word_1_338' title='bbox 1723 3258 2123 3337; x_wconf 86' lang='lat' dir='ltr'><strong>proficiscitur,</strong></span> <span class='ocrx_word' id='word_1_339' title='bbox 2153 3279 2399 3338; x_wconf 84' lang='lat' dir='ltr'><strong>quaeque</strong></span> <span class='ocrx_word' id='word_1_340' title='bbox 2436 3281 2556 3320; x_wconf 89' lang='lat' dir='ltr'><strong>non</strong></span> <span class='ocrx_word' id='word_1_341' title='bbox 2582 3269 2775 3339; x_wconf 87' lang='lat' dir='ltr'><strong>potest</strong></span> 
     </span>
     <span class='ocr_line' id='line_1_36' title="bbox 365 3338 2731 3417; baseline 0.001 -19"><span class='ocrx_word' id='word_1_342' title='bbox 365 3339 534 3417; x_wconf 68' lang='grc' dir='ltr'><strong>σχίσιν</strong></span> <span class='ocrx_word' id='word_1_343' title='bbox 560 3339 772 3399; x_wconf 88' lang='lat' dir='ltr'><strong>habere</strong></span> <span class='ocrx_word' id='word_1_344' title='bbox 801 3338 877 3398; x_wconf 91' lang='lat' dir='ltr'><strong>ad</strong></span> <span class='ocrx_word' id='word_1_345' title='bbox 901 3348 1219 3417; x_wconf 86' lang='lat' dir='ltr'><strong>peccatum,</strong></span> <span class='ocrx_word' id='word_1_346' title='bbox 1249 3338 1408 3417; x_wconf 90' lang='lat' dir='ltr'><strong>quod</strong></span> <span class='ocrx_word' id='word_1_347' title='bbox 1432 3347 1552 3398; x_wconf 87' lang='lat' dir='ltr'><strong>tam</strong></span> <span class='ocrx_word' id='word_1_348' title='bbox 1579 3339 1780 3398; x_wconf 87' lang='lat' dir='ltr'><strong>electis</strong></span> <span class='ocrx_word' id='word_1_349' title='bbox 1806 3357 1983 3416; x_wconf 86' lang='lat' dir='ltr'><strong>quam</strong></span> <span class='ocrx_word' id='word_1_350' title='bbox 2008 3341 2267 3417; x_wconf 86' lang='lat' dir='ltr'><strong>reprobis</strong></span> <span class='ocrx_word' id='word_1_351' title='bbox 2295 3360 2597 3401; x_wconf 90' lang='lat' dir='ltr'><strong>commune</strong></span> <span class='ocrx_word' id='word_1_352' title='bbox 2624 3349 2731 3400; x_wconf 89' lang='lat' dir='ltr'><strong>est.</strong></span> 
     </span>
    </p>

    <p class='ocr_par' dir='ltr' id='par_1_6' title="bbox 358 3417 2775 3976">
     <span class='ocr_line' id='line_1_37' title="bbox 448 3417 2774 3496; baseline 0 -19"><span class='ocrx_word' id='word_1_353' title='bbox 448 3418 780 3479; x_wconf 88' lang='lat' dir='ltr'>XXXIII.</span> <span class='ocrx_word' id='word_1_354' title='bbox 825 3419 992 3478; x_wconf 88' lang='lat' dir='ltr'><strong>Licet</strong></span> <span class='ocrx_word' id='word_1_355' title='bbox 1020 3419 1097 3477; x_wconf 85' lang='lat' dir='ltr'><strong>ad</strong></span> <span class='ocrx_word' id='word_1_356' title='bbox 1122 3417 1414 3477; x_wconf 89' lang='lat' dir='ltr'><strong>decretum</strong></span> <span class='ocrx_word' id='word_1_357' title='bbox 1441 3417 1863 3496; x_wconf 84' lang='lat' dir='ltr'><strong>reprobationis</strong></span> <span class='ocrx_word' id='word_1_358' title='bbox 1885 3429 2159 3496; x_wconf 88' lang='lat' dir='ltr'><strong>sequatur</strong></span> <span class='ocrx_word' id='word_1_359' title='bbox 2176 3420 2501 3479; x_wconf 89' lang='lat' dir='ltr'><strong>necessario</strong></span> <span class='ocrx_word' id='word_1_360' title='bbox 2521 3420 2774 3479; x_wconf 87' lang='lat' dir='ltr'><strong>hominis</strong></span> 
     </span>
     <span class='ocr_line' id='line_1_38' title="bbox 365 3497 2769 3576; baseline 0 -18"><span class='ocrx_word' id='word_1_361' title='bbox 365 3500 648 3576; x_wconf 78' lang='lat' dir='ltr'><strong>exitium3</strong></span> <span class='ocrx_word' id='word_1_362' title='bbox 693 3499 828 3558; x_wconf 89' lang='lat' dir='ltr'><strong>Non</strong></span> <span class='ocrx_word' id='word_1_363' title='bbox 873 3507 1068 3558; x_wconf 87' lang='lat' dir='ltr'><strong>tamen</strong></span> <span class='ocrx_word' id='word_1_364' title='bbox 1098 3498 1225 3556; x_wconf 92' lang='lat' dir='ltr'><strong>Deo</strong></span> <span class='ocrx_word' id='word_1_365' title='bbox 1269 3505 1463 3574; x_wconf 90' lang='lat' dir='ltr'><strong>potest</strong></span> <span class='ocrx_word' id='word_1_366' title='bbox 1503 3497 1811 3556; x_wconf 86' lang='lat' dir='ltr'><strong>transcribi</strong></span> <span class='ocrx_word' id='word_1_367' title='bbox 1854 3497 1983 3575; x_wconf 89' lang='lat' dir='ltr'><strong>ejus</strong></span> <span class='ocrx_word' id='word_1_368' title='bbox 2024 3518 2213 3573; x_wconf 87' lang='lat' dir='ltr'><strong>causa,</strong></span> <span class='ocrx_word' id='word_1_369' title='bbox 2245 3498 2350 3557; x_wconf 91' lang='lat' dir='ltr'><strong>sed</strong></span> <span class='ocrx_word' id='word_1_370' title='bbox 2394 3499 2615 3558; x_wconf 89' lang='lat' dir='ltr'><strong>homini</strong></span> <span class='ocrx_word' id='word_1_371' title='bbox 2642 3500 2769 3576; x_wconf 88' lang='lat' dir='ltr'><strong>soli,</strong></span> 
     </span>
     <span class='ocr_line' id='line_1_39' title="bbox 358 3577 2771 3657; baseline -0.002 -19"><span class='ocrx_word' id='word_1_372' title='bbox 358 3580 534 3657; x_wconf 84' lang='lat' dir='ltr'><strong>juxta</strong></span> <span class='ocrx_word' id='word_1_373' title='bbox 548 3579 698 3638; x_wconf 90' lang='lat' dir='ltr'><strong>illud</strong></span> <span class='ocrx_word' id='word_1_374' title='bbox 716 3578 882 3640; x_wconf 78' lang='lat' dir='ltr'><strong>Oseae</strong></span> <span class='ocrx_word' id='word_1_375' title='bbox 908 3578 1034 3638; x_wconf 80' lang='lat' dir='ltr'><strong>xiii.</strong></span> <span class='ocrx_word' id='word_1_376' title='bbox 1053 3579 1110 3654; x_wconf 89' lang='grc'><strong>9,</strong></span> <span class='ocrx_word' id='word_1_377' title='bbox 1128 3579 1234 3636; x_wconf 77' lang='lat' dir='ltr'><strong>Ex</strong></span> <span class='ocrx_word' id='word_1_378' title='bbox 1255 3579 1336 3636; x_wconf 80' lang='lat' dir='ltr'><strong>Te</strong></span> <span class='ocrx_word' id='word_1_379' title='bbox 1349 3577 1600 3654; x_wconf 79' lang='lat' dir='ltr'><strong>perditio</strong></span> <span class='ocrx_word' id='word_1_380' title='bbox 1619 3586 1735 3652; x_wconf 77' lang='lat' dir='ltr'><strong>tua,</strong></span> <span class='ocrx_word' id='word_1_381' title='bbox 1759 3578 1964 3651; x_wconf 58' lang='lat' dir='ltr'><strong>Israel,</strong></span> <span class='ocrx_word' id='word_1_382' title='bbox 1987 3578 2125 3653; x_wconf 89' lang='lat' dir='ltr'><strong>quia</strong></span> <span class='ocrx_word' id='word_1_383' title='bbox 2142 3596 2261 3635; x_wconf 91' lang='lat' dir='ltr'><strong>non</strong></span> <span class='ocrx_word' id='word_1_384' title='bbox 2280 3578 2550 3655; x_wconf 86' lang='lat' dir='ltr'><strong>reprobat</strong></span> <span class='ocrx_word' id='word_1_385' title='bbox 2570 3597 2771 3654; x_wconf 90' lang='lat' dir='ltr'><strong>quem-</strong></span> 
     </span>
     <span class='ocr_line' id='line_1_40' title="bbox 365 3655 2774 3738; baseline -0 -21"><span class='ocrx_word' id='word_1_386' title='bbox 365 3678 542 3736; x_wconf 85' lang='lat' dir='ltr'><strong>quam</strong></span> <span class='ocrx_word' id='word_1_387' title='bbox 567 3658 682 3717; x_wconf 87' lang='lat' dir='ltr'><strong>nisi</strong></span> <span class='ocrx_word' id='word_1_388' title='bbox 709 3665 1088 3738; x_wconf 86' lang='lat' dir='ltr'><strong>peccatorem,</strong></span> <span class='ocrx_word' id='word_1_389' title='bbox 1118 3657 1376 3735; x_wconf 88' lang='lat' dir='ltr'><strong>adeoque</strong></span> <span class='ocrx_word' id='word_1_390' title='bbox 1397 3655 1604 3716; x_wconf 88' lang='lat' dir='ltr'><strong>merito</strong></span> <span class='ocrx_word' id='word_1_391' title='bbox 1623 3655 2046 3734; x_wconf 87' lang='lat' dir='ltr'><strong>reprobabilem</strong></span> <span class='ocrx_word' id='word_1_392' title='bbox 2068 3677 2085 3732; x_wconf 72' lang='grc' dir='ltr'><strong><em>ς</em></strong></span> <span class='ocrx_word' id='word_1_393' title='bbox 2131 3657 2303 3716; x_wconf 89' lang='lat' dir='ltr'><strong>Unde</strong></span> <span class='ocrx_word' id='word_1_394' title='bbox 2325 3656 2490 3715; x_wconf 86' lang='lat' dir='ltr'><strong>exitii</strong></span> <span class='ocrx_word' id='word_1_395' title='bbox 2516 3657 2662 3715; x_wconf 88' lang='lat' dir='ltr'><strong>ratio</strong></span> <span class='ocrx_word' id='word_1_396' title='bbox 2685 3664 2774 3716; x_wconf 91' lang='lat' dir='ltr'><strong>est</strong></span> 
     </span>
     <span class='ocr_line' id='line_1_41' title="bbox 360 3734 2771 3816; baseline -0.001 -19"><span class='ocrx_word' id='word_1_397' title='bbox 360 3737 705 3816; x_wconf 88' lang='lat' dir='ltr'><strong>justissima,</strong></span> <span class='ocrx_word' id='word_1_398' title='bbox 723 3747 849 3797; x_wconf 89' lang='lat' dir='ltr'><strong>tum</strong></span> <span class='ocrx_word' id='word_1_399' title='bbox 876 3757 912 3796; x_wconf 90' lang='lat' dir='ltr'><strong>a</strong></span> <span class='ocrx_word' id='word_1_400' title='bbox 937 3745 1175 3816; x_wconf 86' lang='lat' dir='ltr'><strong>peceato</strong></span> <span class='ocrx_word' id='word_1_401' title='bbox 1193 3737 1479 3815; x_wconf 80' lang='lat' dir='ltr'><strong>originali,</strong></span> <span class='ocrx_word' id='word_1_402' title='bbox 1498 3735 1657 3814; x_wconf 86' lang='lat' dir='ltr'><strong>quod</strong></span> <span class='ocrx_word' id='word_1_403' title='bbox 1682 3735 1745 3794; x_wconf 90' lang='lat' dir='ltr'><strong>in</strong></span> <span class='ocrx_word' id='word_1_404' title='bbox 1770 3735 2005 3794; x_wconf 91' lang='lat' dir='ltr'><strong>homine</strong></span> <span class='ocrx_word' id='word_1_405' title='bbox 2032 3735 2391 3813; x_wconf 87' lang='lat' dir='ltr'><strong>reprobando</strong></span> <span class='ocrx_word' id='word_1_406' title='bbox 2414 3734 2771 3813; x_wconf 85' lang='lat' dir='ltr'><strong>supponitur,</strong></span> 
     </span>
     <span class='ocr_line' id='line_1_42' title="bbox 367 3814 2775 3896; baseline -0.001 -19"><span class='ocrx_word' id='word_1_407' title='bbox 367 3826 494 3877; x_wconf 88' lang='lat' dir='ltr'><strong>tum</strong></span> <span class='ocrx_word' id='word_1_408' title='bbox 521 3818 752 3894; x_wconf 84' lang='lat' dir='ltr'><strong>actuali,</strong></span> <span class='ocrx_word' id='word_1_409' title='bbox 782 3816 940 3896; x_wconf 90' lang='lat' dir='ltr'><strong>quod</strong></span> <span class='ocrx_word' id='word_1_410' title='bbox 967 3817 1078 3878; x_wconf 88' lang='lat' dir='ltr'><strong>etsi</strong></span> <span class='ocrx_word' id='word_1_411' title='bbox 1105 3816 1546 3894; x_wconf 86' lang='lat' dir='ltr'><strong>denegationem</strong></span> <span class='ocrx_word' id='word_1_412' title='bbox 1572 3814 1713 3874; x_wconf 90' lang='lat' dir='ltr'><strong>fidei</strong></span> <span class='ocrx_word' id='word_1_413' title='bbox 1750 3834 1869 3874; x_wconf 90' lang='lat' dir='ltr'><strong>non</strong></span> <span class='ocrx_word' id='word_1_414' title='bbox 1895 3815 2081 3892; x_wconf 85' lang='lat' dir='ltr'><strong>possit</strong></span> <span class='ocrx_word' id='word_1_415' title='bbox 2106 3834 2226 3874; x_wconf 92' lang='lat' dir='ltr'><strong>non</strong></span> <span class='ocrx_word' id='word_1_416' title='bbox 2267 3816 2447 3893; x_wconf 89' lang='lat' dir='ltr'><strong>sequi,</strong></span> <span class='ocrx_word' id='word_1_417' title='bbox 2479 3823 2651 3893; x_wconf 85' lang='lat' dir='ltr'><strong>atque</strong></span> <span class='ocrx_word' id='word_1_418' title='bbox 2693 3815 2775 3876; x_wconf 87' lang='lat' dir='ltr'><strong>ita</strong></span> 
     </span>
     <span class='ocr_line' id='line_1_43' title="bbox 369 3894 2691 3976; baseline -0.002 -18"><span class='ocrx_word' id='word_1_419' title='bbox 369 3897 449 3958; x_wconf 85' lang='lat' dir='ltr'><strong>sit</strong></span> <span class='ocrx_word' id='word_1_420' title='bbox 473 3897 878 3974; x_wconf 85' lang='lat' dir='ltr'><strong>necessarium,</strong></span> <span class='ocrx_word' id='word_1_421' title='bbox 910 3906 1000 3957; x_wconf 90' lang='lat' dir='ltr'><strong>est</strong></span> <span class='ocrx_word' id='word_1_422' title='bbox 1026 3906 1220 3957; x_wconf 88' lang='lat' dir='ltr'><strong>tamen</strong></span> <span class='ocrx_word' id='word_1_423' title='bbox 1247 3905 1628 3976; x_wconf 87' lang='lat' dir='ltr'><strong>spontaneum</strong></span> <span class='ocrx_word' id='word_1_424' title='bbox 1656 3903 1715 3954; x_wconf 90' lang='lat' dir='ltr'><strong>et</strong></span> <span class='ocrx_word' id='word_1_425' title='bbox 1740 3894 2150 3971; x_wconf 87' lang='lat' dir='ltr'><strong>voluntarium,</strong></span> <span class='ocrx_word' id='word_1_426' title='bbox 2180 3902 2240 3954; x_wconf 89' lang='lat' dir='ltr'><strong>et</strong></span> <span class='ocrx_word' id='word_1_427' title='bbox 2264 3915 2381 3955; x_wconf 89' lang='lat' dir='ltr'><strong>non</strong></span> <span class='ocrx_word' id='word_1_428' title='bbox 2410 3903 2691 3954; x_wconf 86' lang='lat' dir='ltr'><strong>coactum.</strong></span> 
     </span>
    </p>

    <p class='ocr_par' dir='ltr' id='par_1_7' title="bbox 322 3974 2781 4853">
     <span class='ocr_line' id='line_1_44' title="bbox 451 3974 2773 4056; baseline -0.002 -20"><span class='ocrx_word' id='word_1_429' title='bbox 451 3977 772 4038; x_wconf 88' lang='lat' dir='ltr'>XXXIV.</span> <span class='ocrx_word' id='word_1_430' title='bbox 819 3977 884 4037; x_wconf 87' lang='lat' dir='ltr'><strong>Si</strong></span> <span class='ocrx_word' id='word_1_431' title='bbox 908 3997 1080 4056; x_wconf 90' lang='lat' dir='ltr'><strong>porro</strong></span> <span class='ocrx_word' id='word_1_432' title='bbox 1108 3978 1254 4037; x_wconf 87' lang='lat' dir='ltr'><strong>Caro</strong></span> <span class='ocrx_word' id='word_1_433' title='bbox 1280 3974 1621 4036; x_wconf 83' lang='lat' dir='ltr'><strong>tumultuari</strong></span> <span class='ocrx_word' id='word_1_434' title='bbox 1645 3983 1869 4053; x_wconf 85' lang='lat' dir='ltr'><strong>pergat,</strong></span> <span class='ocrx_word' id='word_1_435' title='bbox 1900 3982 1958 4033; x_wconf 90' lang='lat' dir='ltr'><strong>et</strong></span> <span class='ocrx_word' id='word_1_436' title='bbox 1999 3975 2327 4053; x_wconf 86' lang='lat' dir='ltr'><strong>obstrepere</strong></span> <span class='ocrx_word' id='word_1_437' title='bbox 2367 3974 2647 4033; x_wconf 78' lang='lat' dir='ltr'><strong>adversus</strong></span> <span class='ocrx_word' id='word_1_438' title='bbox 2688 3975 2773 4032; x_wconf 88' lang='lat' dir='ltr'><strong>in-</strong></span> 
     </span>
     <span class='ocr_line' id='line_1_45' title="bbox 370 4053 2777 4136; baseline -0.002 -19"><span class='ocrx_word' id='word_1_439' title='bbox 370 4057 681 4117; x_wconf 86' lang='lat' dir='ltr'><strong>scrutabile</strong></span> <span class='ocrx_word' id='word_1_440' title='bbox 708 4058 820 4117; x_wconf 90' lang='lat' dir='ltr'><strong>hoc</strong></span> <span class='ocrx_word' id='word_1_441' title='bbox 849 4057 1212 4136; x_wconf 84' lang='lat' dir='ltr'><strong>Mysterium,</strong></span> <span class='ocrx_word' id='word_1_442' title='bbox 1255 4055 1685 4115; x_wconf 85' lang='lat' dir='ltr'><strong>meminerimus</strong></span> <span class='ocrx_word' id='word_1_443' title='bbox 1723 4053 1996 4132; x_wconf 88' lang='lat' dir='ltr'><strong>Apostoli</strong></span> <span class='ocrx_word' id='word_1_444' title='bbox 2043 4053 2360 4113; x_wconf 83' lang='lat' dir='ltr'><strong>doctrinam</strong></span> <span class='ocrx_word' id='word_1_445' title='bbox 2390 4053 2595 4113; x_wconf 89' lang='lat' dir='ltr'><strong>iisdem</strong></span> <span class='ocrx_word' id='word_1_446' title='bbox 2644 4055 2777 4114; x_wconf 88' lang='lat' dir='ltr'><strong>telis</strong></span> 
     </span>
     <span class='ocr_line' id='line_1_46' title="bbox 369 4133 2775 4216; baseline -0.001 -20"><span class='ocrx_word' id='word_1_447' title='bbox 369 4137 548 4197; x_wconf 87' lang='lat' dir='ltr'><strong>fuisse</strong></span> <span class='ocrx_word' id='word_1_448' title='bbox 577 4145 984 4216; x_wconf 84' lang='lat' dir='ltr'><strong>oppugnatam,</strong></span> <span class='ocrx_word' id='word_1_449' title='bbox 1017 4137 1188 4195; x_wconf 87' lang='lat' dir='ltr'><strong>Rom.</strong></span> <span class='ocrx_word' id='word_1_450' title='bbox 1218 4137 1298 4196; x_wconf 87' lang='lat' dir='ltr'><strong>ix.</strong></span> <span class='ocrx_word' id='word_1_451' title='bbox 1333 4139 1425 4210; x_wconf 87' lang='lat'><strong>14,</strong></span> <span class='ocrx_word' id='word_1_452' title='bbox 1461 4138 1553 4212; x_wconf 89' lang='grc'><strong>19,</strong></span> <span class='ocrx_word' id='word_1_453' title='bbox 1583 4134 1744 4212; x_wconf 90' lang='lat' dir='ltr'><strong>quod</strong></span> <span class='ocrx_word' id='word_1_454' title='bbox 1768 4134 2051 4193; x_wconf 89' lang='lat' dir='ltr'><strong>invictum</strong></span> <span class='ocrx_word' id='word_1_455' title='bbox 2078 4142 2168 4194; x_wconf 88' lang='lat' dir='ltr'><strong>est</strong></span> <span class='ocrx_word' id='word_1_456' title='bbox 2194 4134 2609 4194; x_wconf 77' lang='lat' dir='ltr'><strong>conformitatis</strong></span> <span class='ocrx_word' id='word_1_457' title='bbox 2638 4133 2775 4194; x_wconf 90' lang='lat' dir='ltr'><strong>doc-</strong></span> 
     </span>
     <span class='ocr_line' id='line_1_47' title="bbox 369 4214 2777 4292; baseline -0.002 -16"><span class='ocrx_word' id='word_1_458' title='bbox 369 4217 538 4276; x_wconf 75' lang='lat' dir='ltr'><strong>trinae</strong></span> <span class='ocrx_word' id='word_1_459' title='bbox 563 4225 778 4276; x_wconf 78' lang='lat' dir='ltr'><strong>nostrae</strong></span> <span class='ocrx_word' id='word_1_460' title='bbox 822 4237 954 4275; x_wconf 91' lang='lat' dir='ltr'><strong>cum</strong></span> <span class='ocrx_word' id='word_1_461' title='bbox 997 4215 1260 4275; x_wconf 87' lang='lat' dir='ltr'><strong>doctrina</strong></span> <span class='ocrx_word' id='word_1_462' title='bbox 1304 4215 1474 4274; x_wconf 87' lang='lat' dir='ltr'><strong>Pauli</strong></span> <span class='ocrx_word' id='word_1_463' title='bbox 1518 4221 1921 4292; x_wconf 89' lang='lat' dir='ltr'><strong>argumentum</strong></span> <span class='ocrx_word' id='word_1_464' title='bbox 1946 4236 1962 4273; x_wconf 75' lang='grc' dir='ltr'><strong>ε</strong></span> <span class='ocrx_word' id='word_1_465' title='bbox 2023 4214 2167 4273; x_wconf 88' lang='lat' dir='ltr'><strong>Ideo</strong></span> <span class='ocrx_word' id='word_1_466' title='bbox 2207 4214 2413 4273; x_wconf 89' lang='lat' dir='ltr'><strong>iisdem</strong></span> <span class='ocrx_word' id='word_1_467' title='bbox 2441 4214 2615 4272; x_wconf 88' lang='lat' dir='ltr'><strong>etiam</strong></span> <span class='ocrx_word' id='word_1_468' title='bbox 2644 4235 2777 4273; x_wconf 88' lang='lat' dir='ltr'><strong>cum</strong></span> 
     </span>
     <span class='ocr_line' id='line_1_48' title="bbox 370 4293 2779 4374; baseline -0 -19"><span class='ocrx_word' id='word_1_469' title='bbox 370 4297 498 4374; x_wconf 92' lang='lat' dir='ltr'><strong>ipso</strong></span> <span class='ocrx_word' id='word_1_470' title='bbox 525 4297 701 4356; x_wconf 89' lang='lat' dir='ltr'><strong>armis</strong></span> <span class='ocrx_word' id='word_1_471' title='bbox 726 4305 974 4373; x_wconf 87' lang='lat' dir='ltr'><strong>utamur,</strong></span> <span class='ocrx_word' id='word_1_472' title='bbox 1006 4296 1083 4355; x_wconf 80' lang='lat' dir='ltr'><strong>ad</strong></span> <span class='ocrx_word' id='word_1_473' title='bbox 1108 4295 1226 4354; x_wconf 91' lang='lat' dir='ltr'><strong>tela</strong></span> <span class='ocrx_word' id='word_1_474' title='bbox 1264 4296 1378 4354; x_wconf 87' lang='lat' dir='ltr'><strong>ista</strong></span> <span class='ocrx_word' id='word_1_475' title='bbox 1403 4293 1588 4372; x_wconf 84' lang='lat' dir='ltr'><strong>ignita</strong></span> <span class='ocrx_word' id='word_1_476' title='bbox 1629 4293 1867 4353; x_wconf 89' lang='lat' dir='ltr'><strong>Diaboli</strong></span> <span class='ocrx_word' id='word_1_477' title='bbox 1914 4293 2327 4370; x_wconf 86' lang='lat' dir='ltr'><strong>extinguenda,</strong></span> <span class='ocrx_word' id='word_1_478' title='bbox 2361 4297 2397 4328; x_wconf 92' lang='lat'>“</span> <span class='ocrx_word' id='word_1_479' title='bbox 2420 4293 2471 4354; x_wconf 94' lang='grc' dir='ltr'><strong>Ο</strong></span> <span class='ocrx_word' id='word_1_480' title='bbox 2498 4294 2671 4353; x_wconf 88' lang='lat' dir='ltr'><strong>homo</strong></span> <span class='ocrx_word' id='word_1_481' title='bbox 2711 4302 2779 4354; x_wconf 88' lang='lat' dir='ltr'><strong>tu</strong></span> 
     </span>
     <span class='ocr_line' id='line_1_49' title="bbox 371 4371 2775 4454; baseline -0.002 -19"><span class='ocrx_word' id='word_1_482' title='bbox 371 4377 504 4454; x_wconf 86' lang='lat' dir='ltr'><strong>quis</strong></span> <span class='ocrx_word' id='word_1_483' title='bbox 531 4396 611 4451; x_wconf 89' lang='lat' dir='ltr'><strong>es,</strong></span> <span class='ocrx_word' id='word_1_484' title='bbox 643 4376 745 4454; x_wconf 89' lang='lat' dir='ltr'><strong>qui</strong></span> <span class='ocrx_word' id='word_1_485' title='bbox 771 4396 846 4434; x_wconf 84' lang='lat' dir='ltr'><strong>ex</strong></span> <span class='ocrx_word' id='word_1_486' title='bbox 876 4374 1120 4434; x_wconf 88' lang='lat' dir='ltr'><strong>adverso</strong></span> <span class='ocrx_word' id='word_1_487' title='bbox 1145 4394 1453 4453; x_wconf 89' lang='lat' dir='ltr'><strong>responsas</strong></span> <span class='ocrx_word' id='word_1_488' title='bbox 1496 4375 1624 4432; x_wconf 91' lang='lat' dir='ltr'><strong>Deo</strong></span> <span class='ocrx_word' id='word_1_489' title='bbox 1637 4375 1706 4434; x_wconf 57' lang='grc' dir='ltr'><strong>ἵν’</strong></span> <span class='ocrx_word' id='word_1_490' title='bbox 1751 4371 1860 4432; x_wconf 69' lang='grc' dir='ltr'><strong>ὅτε.</strong></span> <span class='ocrx_word' id='word_1_491' title='bbox 1944 4373 2024 4432; x_wconf 91' lang='lat' dir='ltr'><strong>Et</strong></span> <span class='ocrx_word' id='word_1_492' title='bbox 2064 4393 2192 4432; x_wconf 88' lang='lat' dir='ltr'><strong>cum</strong></span> <span class='ocrx_word' id='word_1_493' title='bbox 2236 4374 2363 4452; x_wconf 84' lang='lat' dir='ltr'><strong>ipso</strong></span> <span class='ocrx_word' id='word_1_494' title='bbox 2390 4373 2775 4448; x_wconf 84' lang='lat' dir='ltr'><strong>severitatem,</strong></span> 
     </span>
     <span class='ocr_line' id='line_1_50' title="bbox 372 4451 2776 4534; baseline -0.002 -19"><span class='ocrx_word' id='word_1_495' title='bbox 372 4463 433 4515; x_wconf 87' lang='lat' dir='ltr'><strong>et</strong></span> <span class='ocrx_word' id='word_1_496' title='bbox 459 4456 878 4534; x_wconf 88' lang='lat' dir='ltr'><strong>benignitatem</strong></span> <span class='ocrx_word' id='word_1_497' title='bbox 909 4455 1020 4514; x_wconf 90' lang='lat' dir='ltr'><strong>Dei</strong></span> <span class='ocrx_word' id='word_1_498' title='bbox 1061 4455 1442 4530; x_wconf 87' lang='lat' dir='ltr'><strong>attendentes,</strong></span> <span class='ocrx_word' id='word_1_499' title='bbox 1475 4455 1643 4514; x_wconf 91' lang='lat' dir='ltr'><strong>Rom.</strong></span> <span class='ocrx_word' id='word_1_500' title='bbox 1687 4453 1768 4512; x_wconf 84' lang='lat' dir='ltr'><strong>xi.</strong></span> <span class='ocrx_word' id='word_1_501' title='bbox 1798 4455 1895 4528; x_wconf 87' lang='grc'><strong>33,</strong></span> <span class='ocrx_word' id='word_1_502' title='bbox 1928 4455 2023 4528; x_wconf 87' lang='grc'><strong>34,</strong></span> <span class='ocrx_word' id='word_1_503' title='bbox 2066 4453 2474 4529; x_wconf 85' lang='lat' dir='ltr'><strong>exclamemus,</strong></span> <span class='ocrx_word' id='word_1_504' title='bbox 2509 4457 2546 4487; x_wconf 90' lang='grc'>“</span> <span class='ocrx_word' id='word_1_505' title='bbox 2568 4451 2619 4512; x_wconf 93' lang='grc' dir='ltr'><strong>Ο</strong></span> <span class='ocrx_word' id='word_1_506' title='bbox 2648 4453 2776 4511; x_wconf 86' lang='lat' dir='ltr'><strong>alti-</strong></span> 
     </span>
     <span class='ocr_line' id='line_1_51' title="bbox 372 4532 2781 4612; baseline -0.002 -18"><span class='ocrx_word' id='word_1_507' title='bbox 372 4535 515 4594; x_wconf 88' lang='lat' dir='ltr'><strong>tudo</strong></span> <span class='ocrx_word' id='word_1_508' title='bbox 543 4535 893 4610; x_wconf 85' lang='lat' dir='ltr'><strong>divitiarum,</strong></span> <span class='ocrx_word' id='word_1_509' title='bbox 925 4534 1238 4612; x_wconf 80' lang='lat' dir='ltr'><strong>sapientise,</strong></span> <span class='ocrx_word' id='word_1_510' title='bbox 1268 4543 1328 4594; x_wconf 87' lang='lat' dir='ltr'><strong>et</strong></span> <span class='ocrx_word' id='word_1_511' title='bbox 1347 4533 1697 4611; x_wconf 89' lang='lat' dir='ltr'><strong>cognitionis</strong></span> <span class='ocrx_word' id='word_1_512' title='bbox 1716 4533 1861 4611; x_wconf 63' lang='lat' dir='ltr'><strong>ejus-⁵,</strong></span> <span class='ocrx_word' id='word_1_513' title='bbox 1881 4552 2055 4610; x_wconf 88' lang='lat' dir='ltr'><strong>quam</strong></span> <span class='ocrx_word' id='word_1_514' title='bbox 2074 4533 2470 4592; x_wconf 87' lang='lat' dir='ltr'><strong>inscrutabilia</strong></span> <span class='ocrx_word' id='word_1_515' title='bbox 2496 4539 2632 4590; x_wconf 89' lang='lat' dir='ltr'><strong>sunt</strong></span> <span class='ocrx_word' id='word_1_516' title='bbox 2652 4532 2781 4608; x_wconf 88' lang='lat' dir='ltr'><strong>ejus</strong></span> 
     </span>
     <span class='ocr_line' id='line_1_52' title="bbox 368 4609 2777 4694; baseline -0.002 -21"><span class='ocrx_word' id='word_1_517' title='bbox 368 4615 608 4691; x_wconf 87' lang='lat' dir='ltr'><strong>judicia,</strong></span> <span class='ocrx_word' id='word_1_518' title='bbox 639 4623 700 4675; x_wconf 89' lang='lat' dir='ltr'><strong>et</strong></span> <span class='ocrx_word' id='word_1_519' title='bbox 725 4614 1286 4694; x_wconf 86' lang='lat' dir='ltr'><strong>impervestigabiles</strong></span> <span class='ocrx_word' id='word_1_520' title='bbox 1312 4615 1440 4692; x_wconf 88' lang='lat' dir='ltr'><strong>ejus</strong></span> <span class='ocrx_word' id='word_1_521' title='bbox 1468 4613 1580 4670; x_wconf 63' lang='lat' dir='ltr'><strong>viae</strong></span> <span class='ocrx_word' id='word_1_522' title='bbox 1599 4617 1628 4673; x_wconf 73' lang='grc' dir='ltr'>Ρ</span> <span class='ocrx_word' id='word_1_523' title='bbox 1692 4613 1836 4687; x_wconf 86' lang='lat' dir='ltr'><strong>Quis</strong></span> <span class='ocrx_word' id='word_1_524' title='bbox 1870 4612 2023 4671; x_wconf 87' lang='lat' dir='ltr'><strong>enim</strong></span> <span class='ocrx_word' id='word_1_525' title='bbox 2050 4612 2216 4671; x_wconf 85' lang='lat' dir='ltr'><strong>novit</strong></span> <span class='ocrx_word' id='word_1_526' title='bbox 2242 4621 2491 4672; x_wconf 88' lang='lat' dir='ltr'><strong>mentem</strong></span> <span class='ocrx_word' id='word_1_527' title='bbox 2524 4609 2777 4684; x_wconf 88' lang='lat' dir='ltr'><strong>Domini,</strong></span> 
     </span>
     <span class='ocr_line' id='line_1_53' title="bbox 322 4691 2779 4772; baseline -0.002 -19"><span class='ocrx_word' id='word_1_528' title='bbox 322 4761 330 4770; x_wconf 82' lang='lat'>.</span> <span class='ocrx_word' id='word_1_529' title='bbox 375 4703 476 4754; x_wconf 86' lang='lat' dir='ltr'><strong>aut</strong></span> <span class='ocrx_word' id='word_1_530' title='bbox 495 4694 627 4772; x_wconf 86' lang='lat' dir='ltr'><strong>quis</strong></span> <span class='ocrx_word' id='word_1_531' title='bbox 643 4695 754 4754; x_wconf 81' lang='lat' dir='ltr'><strong>fuit</strong></span> <span class='ocrx_word' id='word_1_532' title='bbox 771 4695 857 4754; x_wconf 87' lang='lat' dir='ltr'><strong>illi</strong></span> <span class='ocrx_word' id='word_1_533' title='bbox 878 4715 913 4753; x_wconf 87' lang='lat' dir='ltr'><strong>a</strong></span> <span class='ocrx_word' id='word_1_534' title='bbox 929 4693 1188 4753; x_wconf 86' lang='lat' dir='ltr'><strong>consiliis</strong></span> <span class='ocrx_word' id='word_1_535' title='bbox 1207 4697 1236 4752; x_wconf 81' lang='lat'><strong>?</strong></span> <span class='ocrx_word' id='word_1_536' title='bbox 1265 4693 1390 4753; x_wconf 86' lang='lat' dir='ltr'><strong>Aut</strong></span> <span class='ocrx_word' id='word_1_537' title='bbox 1409 4693 1542 4772; x_wconf 91' lang='lat' dir='ltr'><strong>quis</strong></span> <span class='ocrx_word' id='word_1_538' title='bbox 1569 4692 1726 4770; x_wconf 90' lang='lat' dir='ltr'><strong>prior</strong></span> <span class='ocrx_word' id='word_1_539' title='bbox 1742 4692 1903 4752; x_wconf 88' lang='lat' dir='ltr'><strong>dedit</strong></span> <span class='ocrx_word' id='word_1_540' title='bbox 1928 4692 1999 4766; x_wconf 89' lang='lat' dir='ltr'><strong>ei,</strong></span> <span class='ocrx_word' id='word_1_541' title='bbox 2024 4700 2084 4751; x_wconf 85' lang='lat' dir='ltr'><strong>et</strong></span> <span class='ocrx_word' id='word_1_542' title='bbox 2102 4692 2375 4752; x_wconf 87' lang='lat' dir='ltr'><strong>reddetur</strong></span> <span class='ocrx_word' id='word_1_543' title='bbox 2400 4692 2456 4751; x_wconf 88' lang='lat' dir='ltr'><strong>ei</strong></span> <span class='ocrx_word' id='word_1_544' title='bbox 2475 4694 2504 4750; x_wconf 74' lang='grc' dir='ltr'>Ρ</span> <span class='ocrx_word' id='word_1_545' title='bbox 2530 4691 2585 4748; x_wconf 83' lang='lat' dir='ltr'>N</span> <span class='ocrx_word' id='word_1_546' title='bbox 2588 4709 2679 4748; x_wconf 89' lang='lat' dir='ltr'><strong>am</strong></span> <span class='ocrx_word' id='word_1_547' title='bbox 2703 4711 2779 4749; x_wconf 87' lang='lat' dir='ltr'><strong>ex</strong></span> 
     </span>
     <span class='ocr_line' id='line_1_54' title="bbox 375 4769 2779 4853; baseline -0.002 -21"><span class='ocrx_word' id='word_1_548' title='bbox 375 4794 461 4849; x_wconf 90' lang='lat' dir='ltr'><strong>e0,</strong></span> <span class='ocrx_word' id='word_1_549' title='bbox 493 4783 551 4834; x_wconf 90' lang='lat' dir='ltr'><strong>et</strong></span> <span class='ocrx_word' id='word_1_550' title='bbox 577 4795 680 4853; x_wconf 87' lang='lat' dir='ltr'><strong>per</strong></span> <span class='ocrx_word' id='word_1_551' title='bbox 707 4795 857 4851; x_wconf 88' lang='lat' dir='ltr'><strong>eum,</strong></span> <span class='ocrx_word' id='word_1_552' title='bbox 887 4783 948 4838; x_wconf 88' lang='lat' dir='ltr'><strong>et</strong></span> <span class='ocrx_word' id='word_1_553' title='bbox 975 4774 1035 4833; x_wconf 90' lang='lat' dir='ltr'><strong>in</strong></span> <span class='ocrx_word' id='word_1_554' title='bbox 1064 4773 1254 4852; x_wconf 87' lang='lat' dir='ltr'><strong>ipsum</strong></span> <span class='ocrx_word' id='word_1_555' title='bbox 1285 4782 1420 4834; x_wconf 90' lang='lat' dir='ltr'><strong>sunt</strong></span> <span class='ocrx_word' id='word_1_556' title='bbox 1448 4772 1659 4834; x_wconf 88' lang='lat' dir='ltr'><strong>omnia.</strong></span> <span class='ocrx_word' id='word_1_557' title='bbox 1744 4772 1842 4831; x_wconf 91' lang='lat' dir='ltr'><strong>Illi</strong></span> <span class='ocrx_word' id='word_1_558' title='bbox 1871 4771 1947 4832; x_wconf 86' lang='lat' dir='ltr'><strong>sit</strong></span> <span class='ocrx_word' id='word_1_559' title='bbox 1968 4772 2153 4849; x_wconf 87' lang='lat' dir='ltr'><strong>gloria</strong></span> <span class='ocrx_word' id='word_1_560' title='bbox 2180 4772 2241 4830; x_wconf 90' lang='lat' dir='ltr'><strong>in</strong></span> <span class='ocrx_word' id='word_1_561' title='bbox 2270 4771 2520 4832; x_wconf 80' lang='lat' dir='ltr'><strong>secula.’&#39;</strong></span> <span class='ocrx_word' id='word_1_562' title='bbox 2567 4769 2779 4829; x_wconf 86' lang='lat' dir='ltr'><strong>Amen.</strong></span> 
     </span>
    </p>
   </div>
  </div>
 </body>
</html>
