3300 5225
326 362 549 413 omns'r.
580 364 705 404 xvi.
714 343 739 425 ]
1291 362 1369 403 nn
1398 362 1744 405 SCRIPTURA.
2636 348 2747 405 127

326 514 424 564 tur
452 506 576 565 sive
604 505 836 581 script0‚
869 503 993 561 sive
1014 503 1152 561 viva
1177 522 1340 580 voce,
1370 474 1682 581 aliquando
1711 504 2030 564 doctrinam
2057 524 2188 582 quae
2217 504 2340 565 sola
2355 504 2493 563 viva
2519 524 2664 565 voce
2691 514 2754 565 et

329 584 1990 758 ἓᾙὲἓξᾍῖέέὤέἐῖἑρωῗιῗρὲἓὲἷῖἓῖξὲῃῗᾷῗῗέἒίῗῗ
2016 585 2754 739 ffliiffissuutffiifflss

335 743 763 802 Institutionem
794 743 1173 801 Eucharistiae
1201 753 1387 817 vocat,
1424 748 1453 801 l
1486 744 1615 802 Cor.
1646 745 1728 803 xi.
1757 747 1853 820 23,
1885 744 1989 803 sed
2029 746 2221 821 agitur
2247 744 2321 803 dc
2349 743 2610 804 doctriua
2635 764 2752 803 non

337 832 703 960 selXXVII.
749 901 1057 977 Perperam
1084 900 1459 977 distinguitur
1486 922 1523 959 a
1551 902 1829 960 Perronio
1853 904 2178 976 sufficientia
2205 904 2452 963 mediata
2479 912 2538 962 et
2563 905 2750 963 ἐπηπε-

338 983 538 1053 dt'ata5
583 982 667 1040 Ut
696 980 993 1057 Scriptura
1020 980 1307 1039 sufficiens
1336 980 1560 1039 dicatur
1592 1000 1710 1039 non
1737 982 1990 1040 secundo
2033 1003 2223 1057 sensu,
2255 981 2358 1041 sed
2383 983 2586 1060 prim0,
2617 984 2756 1059 quia

338 1081 449 1119 nos
474 1059 745 1119 amandat
772 1060 849 1117 ad
876 1059 1213 1133 Ecclesiam,
1246 1080 1375 1135 quae
1402 1058 1605 1137 postea
1632 1061 1866 1138 supplet
1879 1061 2142 1120 defectus
2171 1062 2520 1138 Scripturae:
2604 1063 2754 1136 Quia

341 1141 423 1199 sie
455 1161 595 1199 vera
624 1140 933 1217 Scripturae
962 1104 1363 1199 insufficientia
1390 1148 1713 1214 notaretu13
1761 1141 1909 1199 Nam
1951 1142 2002 1198 si
2029 1141 2300 1200 amandat
2326 1141 2402 1199 ad
2431 1142 2754 1200 Ecclesiam

340 1241 468 1298 quae
496 1218 895 1279 sufficientiam
936 1220 1095 1277 illam
1120 1219 1347 1294 habeat,
1394 1239 1463 1277 eo
1496 1220 1623 1296 ipso
1665 1219 1920 1278 declarat
1949 1240 2009 1277 se
2037 1218 2195 1277 illam
2221 1240 2340 1279 non
2380 1221 2612 1279 habere.
2696 1224 2754 1279 2.

344 1301 441 1360 Sic
472 1301 597 1359 Lex
624 1308 822 1378 posset
848 1300 965 1357 dici
991 1298 1245 1376 perfecta
1270 1298 1345 1357 ad
1374 1300 1635 1374 salutem,
1669 1299 1806 1376 quia
1831 1298 2102 1359 amandat
2129 1298 2204 1357 ad
2233 1300 2568 1358 Christum
2551 1320 2612 1357 111
2639 1318 2758 1377 quo

342 1380 516 1439 salus.
601 1384 655 1438 3.
704 1379 1003 1457 Scriptura
1026 1399 1143 1438 non
1184 1378 1456 1438 amandat
1494 1398 1602 1437 nos
1642 1378 1722 1437 ad
1758 1372 2097 1453 Ecclesiam,
2129 1398 2260 1456 quae
2291 1398 2446 1437 nova
2485 1378 2760 1455 dogmata

340 1460 509 1519 nobis
534 1468 853 1537 proponat;
901 1458 1019 1518 Sed
1043 1468 1111 1518 ut
1134 1478 1206 1518 ea
1231 1479 1362 1536 quae
1390 1460 1453 1517 in
1484 1458 1781 1537 Scriptura
1806 1458 2092 1517 habentur
2116 1458 2368 1535 explicet
2394 1465 2454 1517 et
2489 1457 2758 1537 applicet.

343 1540 397 1598 N
400 1560 465 1597 ec
491 1539 587 1597 hie
614 1538 816 1615 reponi
856 1538 1060 1597 debet·
1046 1586 1061 1614 ,
1107 1539 1230 1597 Nos
1276 1538 1674 1599 sufficientiam
1717 1540 1888 1597 istam
1929 1538 2237 1596 mediatam
2267 1546 2534 1613 statuere,
2579 1558 2760 1615 quum

342 1618 611 1677 volumus
642 1618 995 1696 Scripturam
1024 1619 1074 1677 si
1100 1638 1217 1677 non
1246 1638 1537 1697 expresse,
1568 1618 1774 1677 saltem
1801 1638 1906 1695 per
1945 1618 2413 1695 consequentiam
2441 1618 2636 1677 omnia
2660 1638 2758 1677 ne-

343 1699 591 1757 cessaria
616 1697 693 1755 ad
720 1699 964 1757 salutem
991 1698 1299 1773 continere,
1332 1699 1469 1775 quia
1496 1718 1676 1775 quum
1707 1698 2004 1775 Scriptura
2029 1718 2133 1775 per
2159 1697 2628 1774 consequentiam
2657 1697 2760 1757 ali·

342 1777 485 1855 quid
510 1777 695 1853 docet,
726 1796 843 1835 non
871 1777 1141 1836 amandat
1164 1778 1240 1835 ad
1268 1778 1444 1837 alium
1472 1778 1572 1855 qui
1599 1778 1838 1854 doceat3
1883 1778 1986 1837 sed
2013 1799 2090 1837 ex
2111 1778 2244 1837 sinu
2269 1798 2375 1837 suo
2401 1778 2613 1855 promit
2633 1798 2764 1856 quae

343 1857 667 1916 virtualiter
692 1857 755 1914 in
782 1876 850 1915 ea
874 1856 1149 1916 latebant.
1234 1856 1357 1915 Nec
1386 1858 1571 1916 simile
1599 1858 1838 1917 allatum
1860 1877 1896 1916 a
1919 1858 2193 1917 Petronio
2212 1859 2506 1917 literarum
2533 1862 2762 1917 creden-

346 1938 455 2011 tioe,
485 1956 615 2013 quae
644 1935 992 1995 sufficientes
1020 1934 1305 2011 dicuntur,
1334 1937 1473 1996 licet
1499 1956 1617 1995 non
1649 1938 1844 1995 omnia
1871 1938 2204 1998 contineant
2231 1958 2360 2015 quae
2389 1937 2450 1995 in
2477 1938 2765 1997 mandatis

343 2017 575 2094 legatus
613 2016 805 2090 habet,
850 2022 1043 2093 potest
1084 2016 1181 2074 hic
1224 2016 1663 2091 accommodari,
1711 2017 1850 2093 quia
1899 2017 2197 2094 Scriptura
2243 2037 2360 2075 non
2409 2026 2499 2075 est
2541 2026 2766 2076 tantum

346 2096 611 2173 Epistola
650 2094 1033 2168 credentialis,
1082 2093 1185 2153 sed
1228 2096 1403 2153 etiam
1449 2095 1722 2155 Edictum
1753 2096 2053 2173 Principis,
2097 2096 2255 2173 quod
2287 2096 2369 2155 ita
2411 2096 2604 2154 omnia
2643 2117 2763 2155 cre-

345 2174 537 2235 denda
564 2183 624 2234 et
649 2173 911 2235 facienda
938 2175 1209 2248 continet,
1239 2182 1307 2234 ut
1331 2174 1479 2232 nihil
1505 2174 1593 2231 illi
1619 2175 1950 2234 addendum
1979 2174 2076 2233 vel
2103 2174 2522 2233 detrahendum
2551 2175 2644 2233 sit.

428 2254 747 2313 XXVIII.
794 2254 1077 2313 Perfectio
1109 2254 1421 2331 Scripturae
1447 2274 1579 2330 quae
1622 2274 1658 2312 a
1699 2253 1868 2313 nobis
1897 2254 2174 2313 asseritur
2213 2274 2330 2312 non
2371 2254 2632 2313 excludit
2673 2254 2769 2312 vel

350 2334 739 2395 Ministerium
769 2333 1259 2409 Ecclesiasticum,
1290 2332 1447 2411 quod
1474 2354 1511 2391 a
1538 2334 1667 2392 Deo
1695 2334 2024 2393 institutum
2053 2340 2142 2392 est
2167 2333 2242 2392 ad
2271 2333 2532 2391 Verbum
2559 2352 2766 2411 propo-

346 2415 599 2474 nendum
629 2423 687 2474 et
714 2414 1136 2493 applicandum,
1167 2413 1282 2472 Vel
1314 2414 1563 2491 Spiritus
1609 2414 1670 2473 S.
1699 2412 1973 2472 virtutem
2015 2413 2396 2473 necessariam
2425 2411 2501 2470 ad
2529 2432 2768 2471 conver-

347 2495 567 2555 sionem
594 2495 917 2555 internam·
1004 2493 1123 2553 Sed
1148 2494 1409 2555 excludit
1448 2496 1673 2553 tantum
1713 2493 2117 2552 necessitatem
2157 2492 2394 2552 alterius
2435 2492 2654 2571 regulas
2695 2492 2772 2551 ad

348 2574 721 2636 directionem
748 2584 1063 2650 externam,
1096 2594 1225 2654 quae
1256 2574 1565 2653 Scripturae
1594 2573 1843 2634 addatur
1867 2574 1944 2634 ad
1971 2574 2130 2632 illam
2155 2572 2582 2652 perficiendam.
2637 2573 2770 2634 Non

348 2655 839 2794 ideodaimperfecta
866 2664 957 2714 est
985 2655 1229 2733 Regula,
1260 2656 1398 2733 quia
1422 2655 1735 2733 requiritur
1759 2674 1966 2715 manus
1983 2653 2308 2714 Architecti
2329 2654 2404 2713 ad
2431 2674 2558 2713 eam
2585 2655 2768 2733 appli-

354 2755 461 2794 can
538 2756 598 2793 m

431 2814 693 2874 XXIX.
738 2814 876 2873 Alia
934 2822 1070 2874 sunt
1125 2818 1415 2891 Doymata
1457 2816 1706 2892 positiva
1760 2823 1821 2875 et
1873 2814 2234 2889 affirmativa,
2291 2835 2458 2892 quse·
2475 2814 2772 2891 explicant

349 2895 597 2971 positive
638 2894 781 2972 quid
822 2894 991 2952 nobis
1032 2894 1381 2953 credendum
1425 2895 1532 2970 sit3
1592 2894 1734 2953 Alia
1772 2897 2035 2973 negativa
2073 2915 2204 2972 quse
2247 2893 2457 2953 docent
2496 2893 2640 2970 quid
2695 2894 2772 2952 sit

354 2973 747 3050 rejiciendum.
794 2975 925 3032 Non
944 2974 1220 3062 quaeritur
1234 2975 1331 3032 hic
1348 2983 1539 3032 tamen
1562 2973 1633 3033 de
1656 2975 1999 3036 sufficientia
2019 2976 2330 3052 Scripturae
2347 2973 2540 3050 quoad
2559 2973 2768 3032 articu-

351 3052 439 3110 los
467 3054 789 3129 negativos,
820 3053 988 3128 quasi
1015 3071 1287 3128 expresse
1308 3051 1515 3110 debeat
1534 3055 1827 3114 continere
1849 3055 2219 3133 rejectionem
2241 3055 2496 3112 omnium
2513 3073 2770 3112 errorum

353 3139 411 3189 et
436 3131 761 3203 haeresium,
804 3150 933 3206 quae
960 3131 1057 3188 vel
1084 3130 1223 3187 olim
1252 3139 1467 3189 exortae
1496 3141 1645 3206 sunt,
1678 3135 1775 3191 vel
1815 3135 2045 3192 oriturae
2087 3142 2222 3192 sunt
2248 3133 2484 3209 adhuc·
2529 3133 2678 3192 Nam
2707 3142 2772 3192 ut

353 3217 573 3267 rectum
602 3209 781 3267 index
807 3216 898 3266 est
924 3209 1015 3267 sui
1043 3217 1103 3266 et
1128 3207 1365 3284 obliqui,
1395 3209 1561 3266 facile
1588 3210 1928 3271 refelluntur
1953 3232 2176 3271 errores
2201 3233 2278 3271 ex
2305 3214 2596 3306 positione
2617 3213 2767 3271 veri-

353 3287 508 3346 tatis.
595 3287 713 3347 Sed
758 3287 953 3364 agitur
996 3286 1359 3364 potissimum
1402 3287 1475 3345 de
1519 3289 1777 3349 articulis
1823 3291 2195 3367 affirmativis,
2242 3293 2344 3369 qui
2392 3301 2528 3352 sunt
2579 3293 2770 3369 ipsum

358 3366 967 3508 minXleffitio
993 3446 1257 3528 sumitur,
1289 3445 1385 3504 vel
1398 3447 1730 3524 formaliter·
1755 3467 1862 3524 pro
1889 3455 2024 3506 actu
2049 3448 2336 3522 tradendi,
2369 3449 2467 3508 vel
2493 3451 2765 3507 mter-th-

358 3526 485 3586 ziter-
510 3547 615 3606 pro
642 3547 705 3586 re
731 3528 859 3606 ipsa
885 3516 1131 3586 tradita}
1173 3525 1269 3584 hic
1310 3545 1427 3584 non
1469 3526 1664 3602 agitur
1702 3526 1776 3584 de
1816 3525 2150 3585 'Pl-aditione
2190 3527 2376 3603 primo
2417 3547 2608 3601 sensu,
2651 3546 2770 3601 quo

356 3625 483 3664 eam
511 3607 885 3682 admittimus,
917 3607 1055 3684 quia
1079 3626 1183 3684 per
1210 3625 1338 3664 eam
1371 3605 1698 3683 Scripturas
1725 3605 2020 3680 habemus,
2053 3605 2156 3662 sed
2183 3605 2454 3679 secunde,
2497 3624 2614 3680 quo
2642 3623 2770 3662 eam

357 3705 662 3764 negamus.

438 3765 701 3824 XXXI.
748 3765 1044 3843 Scriptura
1069 3765 1147 3824 V.
1170 3764 1239 3826 Τ,
1259 3767 1523 3842 perfecta
1544 3761 1654 3822 fmt
1679 3763 2044 3822 mundialiter
2069 3771 2128 3821 et
2155 3760 2436 3837 absolute,
2466 3760 2605 3838 quia
2631 3762 2764 3820 sub-

356 3846 627 3904 stantiam
656 3845 931 3904 doctriuae
957 3845 1295 3904 necessariae
1313 3843 1389 3902 ad
1417 3843 1662 3902 salutem
1689 3842 2021 3902 continebat
2041 3842 2389 3902 sufficienter
2413 3861 2518 3918 pro
2545 3842 2766 3900 ratione

356 3923 515 3982 illius
568 3925 883 4002 temporis·
868 3970 883 4000 ,
942 3925 1209 4002 quamvis
1256 3923 1680 3982 accidentaliter
1731 3931 1792 3982 et
1845 3930 2169 3999 comparate
2241 3939 2390 3998 resp.
2454 3921 2765 3998 Scriptum

357 4003 431 4063 N.
462 4005 531 4063 Τ.
560 4003 896 4081 imperfecta
922 4004 1040 4061 dici
1062 4003 1247 4081 possit
1286 4003 1507 4062 ratione
1554 4001 1714 4060 modi
1752 4001 2247 4077 manifestationis,
2293 3999 2432 4060 licet
2455 4019 2606 4078 resp.
2651 4002 2763 4061 Ec·

358 4082 551 4142 clesiae
578 4083 623 4142 J
624 4081 851 4142 udaieis
878 4083 955 4142 sit
982 4091 1123 4142 aetas
1148 4082 1351 4158 virilis,
1382 4082 1516 4142 Gal.
1537 4082 1619 4140 iv.

438 4162 735 4222 XXXII.
778 4162 823 4222 J
824 4181 986 4222 esum
1012 4162 1196 4222 filium
1224 4161 1451 4220 Mariae
1454 4181 1583 4220 esse
1610 4179 1814 4220 verum
1843 4159 2135 4235 Messiam,
2167 4159 2265 4218 vel
2293 4159 2509 4220 Filium
2553 4160 2666 4219 Dei
2706 4161 2768 4219 in

356 4262 527 4301 carne
555 4243 803 4318 venisse,
834 4261 951 4300 non
980 4249 1069 4301 est
1112 4261 1299 4300 novus
1340 4242 1619 4300 articulus
1663 4240 1816 4314 fidei,
1867 4239 1971 4298 sed
2017 4239 2328 4318 explicatio
2372 4249 2432 4300 et
2457 4239 2767 4317 applicatio

357 4321 820 4398 praecedentium‚
852 4341 983 4398 quae
1010 4322 1071 4379 in
1112 4322 1397 4400 laffothaei
1439 4320 1609 4380 docet
1653 4318 1811 4397 quod
1847 4320 1972 4398 jam
2019 4329 2152 4379 ante
2195 4320 2257 4377 in
2284 4320 2363 4379 V.
2391 4320 2460 4379 Τ.
2489 4319 2766 4379 traditum

358 4411 482 4461 erat
508 4403 571 4460 in
599 4403 739 4460 thesi
763 4400 837 4460 de
866 4401 1100 4460 Messia.
1168 4400 1262 4459 Ita
1288 4398 1427 4459 dum
1456 4401 1721 4459 Christus
1749 4401 2144 4478 apographum
2173 4399 2555 4476 chirographo
2583 4399 2762 4473 addit,

358 4481 841 4558 complementum
868 4480 1245 4558 praedictioni,
1290 4488 1350 4539 et
1375 4499 1585 4572 corpus
1610 4479 1846 4553 umbris,
1892 4499 2010 4538 non
2035 4499 2248 4538 novam
2276 4479 2594 4538 doctrinam
2635 4497 2762 4554 pro-

358 4561 537 4636 ponit,
570 4560 673 4618 sed
701 4569 955 4620 veterem
984 4568 1209 4619 tantum
1236 4559 1475 4636 exponit
1502 4567 1561 4618 et
1586 4558 1856 4618 illustrat.

442 4637 772 4700 XXXIII.
816 4639 1076 4699 Traditio
1124 4638 1197 4698 de
1251 4639 1545 4716 Scriptura
1588 4657 1704 4696 non
1749 4637 1963 4697 evincit
2006 4637 2370 4698 Traditiones
2418 4635 2542 4694 dari
2603 4645 2769 4693 extra
