3300 5225
476 254 595 312 504
730 235 765 281 Γ
1420 260 1601 301 Locus
1630 260 1938 302 serrium.
2525 240 2790 323 [osmer.
2821 261 2914 301 11.

490 446 569 491 An
606 444 671 491 eli
692 458 723 488 n
725 456 787 488 on
810 447 923 487 sunt
1094 403 1214 461 ΙΙΙ.
1246 402 1457 477 Primo,
1478 402 1629 476 Quia
1657 400 1768 459 Ille
1797 400 1958 460 solus
1983 421 2087 479 pro
2115 402 2286 461 nobis
2299 408 2502 478 potest
2528 402 2918 477 intercedere,

607 506 929 549 atemesaoros
1008 484 1109 561 qui
1128 502 1233 560 pro
1249 482 1417 541 nobis
1439 490 1527 539 est
1544 489 1832 555 mortuus3
1865 481 1973 539 Ille
2003 483 2161 540 solus
2189 490 2380 558 potest
2405 500 2532 540 esse
2560 483 2916 562 rugi-anus,

579 561 748 606 ¹¹⁰⁸ffi·
1015 573 1075 622 et
1098 563 1417 621 advocatus
1444 570 1654 636 noster,
1685 561 1787 636 qui
1831 562 1989 620 solus
2037 570 2126 620 est
2167 564 2382 638 ἕλει-μὰς
2423 570 2486 620 et
2525 562 2874 639 propitiator
2897 584 2919 620 ι

491 648 617 706 haec
662 646 815 704 enim
860 644 933 702 ab
962 642 1247 720 Apostolo
1296 642 1447 699 inter
1493 661 1555 699 se
1600 639 1891 699 indivulso
1934 661 2092 701 nexu
2137 644 2586 719 conjunguntur,
2631 651 2918 718 tanquam

492 736 685 805 partes
712 726 883 783 unius
930 722 1305 801 ejusdemque
1332 720 1587 779 muneris
1618 720 2022 797 Sacerdotalis,
2049 740 2182 798 quse
2223 720 2336 781 sibi
2361 720 2614 779 invicem
2639 721 2912 781 subordi-

493 806 719 879 nantur,
752 811 810 862 et
836 824 873 861 a
900 822 962 861 se
988 810 1189 861 mutuo
1217 800 1485 878 pendent.
1572 800 1658 859 Ut
1703 800 1862 859 enim
1905 802 2236 878 propitiatio
2279 810 2370 860 est
2395 820 2572 860 eausa
2597 810 2658 859 et
2699 799 2912 859 funda·

493 894 751 945 mentum
794 881 1248 955 htercessionis,
1280 900 1451 957 quam
1493 888 1629 957 post
1677 900 1738 939 se
1787 881 1964 939 trahit
2011 880 2370 940 necessario:
2427 881 2522 939 Ita
2569 880 2911 939 intercessio

495 965 767 1042 supponit
807 962 1129 1021 necessario
1170 960 1652 1038 propitiationem,
1682 970 1748 1019 ut
1789 960 1976 1037 possit
2015 961 2122 1019 rite
2164 960 2428 1037 implerl;
2477 961 2562 1020 Ut
2588 961 2698 1019 sub
2726 960 2804 1018 V.
2835 961 2910 1018 T.

498 1044 778 1103 Sacerdos
824 1062 943 1099 nou
989 1050 1213 1119 poterat
1256 1038 1495 1116 defungi
1540 1048 1676 1098 actu
1703 1042 2028 1116 ᾲιφιιιηιιοῢ,
2059 1040 2160 1118 qui
2203 1060 2320 1098 non
2347 1040 2708 1117 implevisset
2731 1049 2912 1099 antea

496 1133 685 1183 actum
716 1126 956 1198 ἱλασμοῦ,
990 1122 1068 1179 Et
1096 1120 1170 1178 ad
1210 1120 1399 1197 ipsum
1429 1119 1615 1179 solum
1644 1120 1970 1197 pertinebat
1997 1120 2250 1180 suffitum
2279 1118 2498 1195 offerre,
2533 1119 2726 1178 Exod.
2755 1140 2910 1177 xxx.

494 1204 585 1263 At
610 1203 873 1262 Christus
902 1202 1059 1261 solus
1088 1198 1367 1259 satisfecit
1392 1218 1497 1275 pro
1541 1200 1742 1275 nobis;
1789 1200 1949 1277 Ergo
1991 1200 2150 1259 solus
2193 1220 2298 1277 pro
2341 1199 2516 1257 nobis
2550 1200 2910 1259 intercedere

491 1290 711 1360 potest3
731 1282 886 1340 Vide
906 1282 1075 1339 Rom.
1106 1279 1233 1337 viii:
1260 1282 1354 1353 34,
1381 1280 1475 1354 35,
1506 1288 1567 1338 et
1598 1282 1625 1337 1
1648 1279 1865 1339 Johan.
1893 1280 1954 1338 ii.
1979 1283 2030 1355 1,
2052 1282 2108 1355 2,
2137 1280 2240 1339 ubi
2267 1278 2398 1337 duae
2427 1278 2551 1337 istae
2579 1278 2908 1339 functiones

492 1363 595 1421 nni
624 1362 855 1421 Christo
882 1361 1179 1419 exclusive
1208 1358 1285 1416 ad
1311 1368 1549 1417 caeteros
1576 1359 1924 1418 tribuuntur.

576 1442 685 1501 IV.
736 1440 1019 1515 Secundo,
1054 1439 1203 1513 Quia
1229 1458 1428 1515 preces
1456 1438 1700 1497 aliorum
1731 1440 1858 1497 Deo
1887 1437 2090 1497 offerre
2119 1446 2208 1497 est
2233 1458 2368 1515 pars
2394 1438 2650 1497 muneris
2681 1436 2904 1497 Media-

492 1521 627 1580 torii
652 1530 713 1579 et
744 1519 1147 1591 Sacerdotalis,
1178 1517 1335 1593 quod
1364 1517 1474 1575 soli
1502 1518 1615 1575 Dei
1646 1517 1798 1575 Filio
1827 1518 2086 1578 vindicat
2117 1518 2427 1595 Scriptura,
2453 1519 2554 1594 qui
2581 1518 2789 1577 unicus
2815 1528 2910 1576 est

495 1600 787 1659 Mediator
810 1600 962 1658 inter
989 1599 1179 1656 Deum
1208 1605 1267 1654 et
1308 1597 1587 1671 homines,
1644 1599 1673 1653 l
1727 1597 1874 1655 Tim.
1921 1597 1981 1656 ii.
2013 1601 2068 1657 5.
2153 1599 2276 1657 Nec
2313 1597 2542 1656 admitti
2567 1606 2760 1674 potest
2785 1597 2906 1655 dis-

492 1679 697 1738 tinctio
724 1678 877 1737 inter
904 1677 1255 1735 Mediatores
1284 1675 1669 1751 secundarios,
1699 1676 1998 1752 mediatos,
2045 1685 2106 1736 et
2147 1676 2567 1751 ministeriales,
2609 1686 2668 1735 et
2695 1678 2910 1755 prima·

492 1759 659 1833 rium,
690 1757 1102 1831 immediatum,
1128 1763 1187 1814 et
1204 1755 1613 1831 principalem:
1658 1756 1804 1815 Cum
1837 1755 2130 1833 Scriptura
2145 1757 2370 1815 nullum
2385 1764 2662 1833 agnoscat
2681 1757 2908 1815 Media-

491 1846 677 1897 torem
716 1837 829 1895 nisi
854 1836 1107 1909 unicum,
1150 1834 1251 1912 qui
1295 1835 1469 1910 solus,
1498 1844 1704 1912 utpote
1730 1835 2050 1917 &Ategua-03,
2095 1836 2284 1913 potuit
2325 1836 2522 1895 munia
2565 1836 2914 1895 Mediatoris

494 1918 671 1977 obire.
718 1917 865 1975 Haec
881 1915 1325 1974 viditHesselius
1344 1914 1641 1974 Professor
1659 1915 2039 1975 Levaniensis
2066 1916 2128 1973 in
2153 1917 2212 1975 h.
2231 1917 2290 1993 l.,
2316 1916 2416 1993 qui
2436 1924 2614 1991 negat
2640 1914 2912 1993 Angelos

492 2006 553 2056 et
584 1997 825 2055 Sanctos
852 2016 1020 2075 posse
1050 2014 1175 2053 esse
1225 2004 1453 2054 nostros
1500 1995 1846 2056 mediatores
1889 1996 2044 2075 apud
2089 1996 2296 2071 Deum,
2341 1996 2479 2071 quia
2505 2014 2622 2053 non
2661 2004 2914 2073 possunt

488 2097 592 2156 per
618 2077 839 2155 seipsos
868 2077 1059 2135 Deum
1084 2075 1331 2153 placare.

574 2157 650 2215 V.
694 2156 907 2231 Tertio,
941 2156 1049 2213 Ille
1079 2155 1237 2213 solus
1263 2174 1462 2231 preces
1490 2163 1717 2214 nostras
1745 2155 1964 2213 deferre
1993 2162 2182 2231 potest
2223 2155 2298 2212 ad
2345 2155 2550 2230 Deum,
2581 2154 2680 2230 qui
2709 2174 2910 2213 earum

493 2236 692 2295 sordes
720 2236 970 2311 abluere,
1000 2242 1059 2293 et
1106 2234 1493 2311 impuritatem
1522 2244 1581 2293 et
1629 2234 2117 2313 imperfectionem
2162 2234 2396 2311 expiare
2443 2242 2502 2291 et
2549 2234 2907 2293 sanctificare

490 2324 697 2395 potest,
729 2315 887 2393 quod
912 2313 1059 2374 nulli
1087 2314 1321 2390 Angelo
1348 2322 1540 2373 creato
1570 2315 1861 2391 competit.
1945 2314 2092 2372 Cum
2119 2314 2272 2371 enim
2303 2314 2462 2372 Deus
2489 2314 2636 2371 nihil
2661 2315 2910 2391 probare

490 2396 675 2475 possit
700 2396 815 2454 nisi
841 2396 1073 2467 bonum,
1104 2412 1399 2470 nunquam
1426 2412 1627 2470 preces
1653 2402 1882 2468 nostrae,
1913 2412 2044 2470 quse
2071 2392 2191 2451 suis
2218 2393 2402 2451 naevis
2429 2412 2547 2451 non
2575 2402 2785 2467 carent,
2818 2394 2908 2452 ini

492 2482 743 2553 acceptae
772 2494 899 2534 esse
926 2480 1178 2550 possent,
1209 2472 1322 2531 nisi
1348 2472 1557 2531 merito
1584 2472 2014 2551 perfectissimae
2045 2472 2260 2531 Christi
2269 2472 2513 2549 justitiae
2541 2481 2827 2549 tegantur,
2848 2482 2912 2532 et

494 2562 892 2634 repurgentur,
923 2562 989 2613 ut
1020 2553 1079 2612 S.
1113 2552 1394 2612 Sacerdos
1422 2553 1499 2610 V.
1530 2553 1597 2612 Τ.
1647 2552 1798 2613 ferre
1841 2563 1900 2613 et
1943 2551 2166 2612 auferre
2195 2552 2396 2612 debuit
2421 2552 2782 2630 iniquitatem
2812 2572 2906 2612 sa-

494 2655 720 2694 crarum
748 2635 1103 2694 oblationum
1131 2633 1381 2692 filiorum
1413 2634 1608 2710 Israel,
1642 2634 1832 2692 Exod.
1862 2632 2072 2691 xxviii.
2103 2635 2199 2698 38.

572 2716 685 2775 VI.
728 2715 963 2790 QuartO,
996 2713 1145 2789 Quia
1173 2711 1269 2770 An
1275 2714 1392 2791 geli
1440 2714 1537 2772 vel
1578 2733 1782 2772 omnes
1823 2712 2025 2772 offerre
2069 2713 2298 2788 debent,
2331 2711 2427 2772 vel
2467 2713 2750 2790 quasdam
2777 2721 2903 2772 tan-

494 2805 615 2856 tum
634 2819 649 2872 ;
669 2788 675 2794 ’
699 2795 761 2855 Si
789 2814 1004 2869 omneS,
1036 2813 1175 2871 ergo
1204 2801 1263 2851 et
1289 2813 1389 2851 eas
1416 2812 1544 2869 quae
1575 2801 1708 2852 sunt
1737 2801 1960 2852 tantum
1987 2793 2285 2869 mentales,
2315 2792 2472 2870 quod
2515 2792 2640 2851 fieri
2683 2793 2904 2869 nequit,

493 2877 629 2952 quia
656 2896 773 2934 non
802 2883 935 2934 sunt
962 2871 1385 2952 καςὸιογνῶσταις
1441 2872 1504 2929 Si
1530 2872 1812 2949 quasdam
1837 2880 2079 2948 tantum,
2111 2873 2325 2932 debent
2365 2892 2508 2950 ergo
2535 2872 2906 2932 determinari

492 2955 567 3014 ab
595 2955 727 3029 illis,
760 2960 817 3012 et
844 2973 961 3010 non
988 2951 1284 3010 indefinite
1314 2949 1536 3027 offerri;
1586 2951 1702 3009 Sed
1729 2951 1877 3009 ratio
1926 2952 2088 3011 nulla
2120 2953 2244 3011 dari
2272 2959 2478 3030 potest,
2509 2973 2613 3011 cur
2639 2952 2904 3029 quaedam

492 3033 567 3092 ab
595 3034 711 3091 illis
739 3032 1069 3090 deferantur
1114 3030 1305 3107 potius
1354 3050 1527 3107 quam
1576 3030 1723 3088 alise.
1789 3030 2014 3089 Deinde
2063 3031 2200 3091 lieet
2247 3042 2660 3109 cognoscerent
2703 3051 2904 3108 preces

492 3112 684 3189 quoad
710 3116 766 3169 τὶ
793 3110 1102 3184 materiale,
1132 3109 1401 3167 nimirum
1428 3109 1607 3168 verba
1634 3117 1892 3185 externa,
1923 3131 2040 3169 non
2067 3120 2309 3189 possunt
2337 3131 2682 3188 cognoscere
2713 3112 2902 3188 quoad

476 3193 747 3266 formale,
781 3189 1001 3248 scilicet
1028 3207 1223 3248 earum
1253 3189 1655 3265 sinceritatem,
1687 3191 1846 3268 quod
1876 3191 2002 3250 Deo
2031 3191 2142 3250 soli
2170 3192 2460 3269 competit.

572 3270 719 3328 VII.
764 3268 994 3344 Quinto,
1028 3268 1178 3344 Quia
1204 3268 1397 3345 opinio
1424 3268 1497 3327 de
1548 3270 1970 3330 Intercessione
2019 3271 2382 3349 Angelorum
2409 3270 2484 3329 ab
2514 3269 2777 3329 Ethnicis
2805 3291 2902 3348 pc-

491 3350 599 3408 tita
626 3357 729 3425 est,
760 3349 915 3426 apud
942 3368 1089 3426 quos
1128 3349 1437 3407 Daemones
1464 3349 1814 3410 mediatores
1858 3351 2370 3426 constituebantur,
2401 3349 2502 3427 qui
2529 3351 2904 3427 interpretum

492 3437 553 3487 et
578 3429 918 3506 portitorum
946 3447 1181 3489 munere
1210 3428 1600 3506 fungerentur,
1646 3440 1716 3489 ut
1759 3429 1958 3488 divina
2004 3431 2081 3488 ad
2125 3429 2406 3506 homines,
2457 3437 2516 3488 et
2549 3429 2804 3498 humana
2828 3429 2906 3488 ad

492 3509 649 3568 Deos
678 3509 1161 3586 transmitterent;
1206 3508 1343 3568 vide
1374 3509 1744 3586 Symposium
1775 3509 2051 3584 Platonis,
2071 3509 2174 3569 ubi
2203 3509 2490 3568 Diotimas
2516 3508 2768 3568 instituit
2797 3509 2905 3567 So-

490 3597 722 3648 cratem.
745 3591 781 3622 “
795 3589 958 3647 Daem
964 3590 1197 3665 onum,''
1212 3589 1415 3666 inquit,
1441 3591 1477 3622 “
1488 3599 1694 3648 natura
1704 3587 2044 3647 intermedia
2053 3599 2142 3648 est
2151 3589 2300 3648 inter
2313 3590 2501 3648 Deum
2514 3597 2572 3646 et
2585 3589 2898 3663 mortalem,

490 3667 829 3746 Interpretis
856 3676 1049 3728 autem
1077 3678 1136 3727 et
1174 3669 1467 3744 portitoris
1494 3685 1730 3728 munere
1757 3667 2094 3744 funguntur,
2123 3676 2188 3728 ut
2215 3669 2465 3728 humana
2492 3668 2567 3726 ad
2610 3669 2814 3743 Deum,
2846 3679 2905 3727 et

488 3747 689 3806 divina
714 3747 789 3806 ad
815 3749 1079 3806 homines
1104 3748 1531 3822 transmittant;
1574 3749 1780 3806 horum
1809 3767 2008 3825 preces
2035 3757 2096 3807 et
2123 3748 2416 3824 sacrificia,
2471 3749 2712 3806 Illorum
2739 3767 2900 3806 man-

490 3827 640 3900 data,
672 3827 1175 3902 remunerationes,
1206 3834 1267 3885 et
1292 3827 1585 3903 praemia‚”
1618 3825 1726 3886 &c.

1091 3905 1273 3963 VIII.
1318 3905 1597 3980 Quamvis
1624 3905 1888 3965 custodia
1928 3909 2111 3967 nostri
2157 3905 2405 3985 Angelis
2454 3908 2530 3966 sit
2557 3907 2902 3967 demandata

1004 3985 1065 4042 in
1094 3985 1360 4043 omnibus
1389 3986 1501 4042 viis
1528 3985 1774 4058 nostris3
1819 4005 1936 4044 non
1963 3996 2264 4065 propterea
2289 4007 2490 4064 preces
2517 3996 2744 4046 nostras
2774 3988 2902 4046 Deo

1011 4063 1211 4122 offerre
1242 4063 1470 4138 debent,
1502 4064 1641 4140 quia
1666 4065 1776 4122 hoc
1804 4085 1918 4124 non
1943 4067 2080 4126 facit
2101 4068 2278 4127 ullam
2301 4067 2577 4126 custodite
2599 4067 2900 4144 Angelicae

488 4149 727 4217 partem,
757 4140 969 4199 nedum
998 4144 1362 4218 praecipuam.

571 4219 689 4277 IX.
734 4218 1001 4296 Angelus
1030 4221 1129 4296 qui
1174 4221 1512 4298 deprecatur
1538 4242 1643 4300 pro
1687 4225 1918 4302 populo,
1953 4227 2128 4284 Zach.
2159 4227 2197 4286 i.
2233 4229 2323 4302 12,
2366 4245 2484 4284 non
2512 4235 2602 4286 est
2629 4225 2900 4302 Angelus

488 4307 731 4374 creatus,
764 4299 868 4358 sed
895 4301 1199 4376 increatus,
1234 4301 1344 4359 Dei
1376 4301 1577 4378 Filius,
1608 4304 1710 4379 qui
1737 4305 2207 4364 intercessionem
2238 4325 2418 4381 suam,
2449 4315 2510 4365 et
2529 4307 2624 4364 hic
2651 4315 2712 4364 et
2737 4304 2894 4374 alibi,

487 4379 799 4457 interponit
825 4399 929 4457 pro
958 4379 1222 4439 Ecclesia
1268 4381 1423 4457 apud
1468 4382 1716 4458 Patrem,
1769 4385 1871 4461 qui
1913 4385 2086 4443 modo
2115 4395 2355 4445 vocatur
2391 4389 2638 4462 Anyelus
2679 4384 2898 4444 ratione

468 4459 755 4536 ‘muneris,
786 4459 958 4519 modo
987 4461 1147 4519 homo
1189 4461 1409 4520 ratione
1458 4472 1676 4522 naturae
1706 4465 2084 4541 assumendae,
2116 4466 2216 4542 qui
2263 4466 2554 4525 inducitur
2597 4485 2767 4524 orans
2793 4483 2902 4542 pro

568 3969 747 4014 Fontes
768 3971 894 4014 solu-

635 4027 839 4070 tionum.

477 5205 692 5225 W*
735 5205 1270 5224 --aq-——mw—-q
1303 5204 1530 5225 --—-··—-„-
1573 5203 1582 5210 ·
1631 5189 3270 5225 ΙΙ“““-..Η-ιι------·-··-·--“----ῌ---ι
