3300 5225
499 347 617 404 248
1467 361 1652 405 mous
1679 359 1948 404 mni-ms.
2426 339 2676 426 [Quas-r.
2708 365 2904 409 xxvn.

496 502 633 562 dam
659 503 920 564 adhibita
944 502 1153 581 fuerit;
1198 503 1355 582 quod
1381 523 1458 564 ex
1484 522 1555 563 co
1582 503 1892 581 colligitur,
1922 503 2080 581 quod
2106 503 2230 562 haec
2267 503 2609 565 accinuntur
2635 507 2679 567 J
2681 507 2902 584 ehovae,

498 585 667 661 cujus
692 584 889 660 plures
916 605 1043 644 esse
1070 605 1345 662 personas
1371 585 1470 642 vel
1496 584 1658 642 illinc
1703 583 1978 658 innuitur,
2008 603 2126 642 non
2153 584 2339 643 solum
2368 586 2526 662 quod
2553 586 2726 663 dicat,
2755 608 2813 647 v.
2845 591 2902 647 8.

504 665 645 730 Quis
670 664 770 722 ibit
792 666 962 741 nobis,
996 665 1099 724 sed
1125 672 1183 723 et
1208 664 1366 743 quod
1404 664 1740 724 mandatum
1768 663 1851 722 ibi
1891 663 2104 722 factum
2149 683 2264 722 non
2292 665 2466 723 modo
2497 665 2657 725 Patri
2685 668 2762 726 sit
2801 669 2902 726 tri·

496 741 809 820 buendum,
832 744 935 802 sed
962 746 1135 804 etiam
1155 745 1308 803 Filio
1336 753 1395 805 et
1426 744 1665 821 Spiritui
1691 743 1750 802 S.
1781 763 1856 801 ex
1877 744 2045 803 colla.
2067 743 2111 803 J
2114 764 2166 816 o..
2189 744 2293 804 xii.
2321 748 2418 821 41,
2450 754 2509 805 et
2537 745 2674 805 Act.
2693 747 2902 806 xxviii.

496 825 595 899 25,
624 824 724 882 ubi
752 843 883 901 quse
908 825 1004 884 hic
1032 824 1302 884 dicuntur
1342 824 1414 884 de
1454 824 1499 885 J
1500 825 1704 898 ehova,
1733 823 2067 882 tribuuntur
2107 823 2260 882 Filio
2307 833 2366 884 et
2397 825 2638 904 Spiritui
2667 827 2899 903 Sancto,

496 903 597 979 qui
625 923 729 980 per
755 924 1115 981 consequens
1141 905 1435 982 designari
1460 903 1864 980 intelliguntur
1889 903 1948 960 in
1987 903 2101 961 isto
2127 902 2409 982 Trisagio.
2495 906 2736 965 Frustra
2761 927 2904 967 vcro

508 985 786 1042 Volkelius
812 993 1218 1062 argumentum
1244 983 1557 1061 infringere
1585 992 1828 1042 conatur
1866 1002 1942 1040 ex
1967 982 2112 1041 locis
2155 982 2288 1057 illis,
2319 985 2420 1042 ubi
2459 985 2614 1044 trina
2655 986 2904 1046 habetur

496 1063 781 1140 repetiti0,
810 1073 877 1124 ut
904 1064 948 1124 J
949 1083 1029 1124 er.
1058 1063 1246 1123 xxvii.
1274 1066 1331 1140 4,
1362 1072 1422 1123 et
1449 1063 1594 1122 xxii.
1625 1065 1682 1136 9,
1713 1062 1926 1120 Ezech.
1957 1061 2080 1120 xxi.
2116 1065 2212 1138 32,
2243 1064 2381 1140 quia
2416 1085 2534 1122 non
2563 1066 2904 1143 simpliciter

496 1164 566 1202 ea
592 1143 811 1220 nititur,
842 1144 947 1203 sed
976 1165 1046 1202 ea
1065 1146 1271 1222 juncta
1297 1163 1429 1203 cum
1455 1143 1586 1202 aliis
1614 1142 1837 1200 Textus
1865 1143 2328 1202 circumstantiis.

580 1223 736 1282 XII.
780 1224 1011 1299 Quinte,
1042 1244 1111 1283 eo
1138 1223 1437 1284 referenda
1464 1231 1599 1282 sunt
1640 1222 1771 1280 loca
1795 1220 1912 1296 illa,
1944 1241 2020 1281 ex
2061 1222 2274 1298 quibus
2317 1222 2611 1284 Divinitas
2653 1225 2792 1284 Filii
2840 1234 2902 1285 et

500 1303 747 1381 Spiritus
800 1304 860 1364 S.
903 1305 1193 1378 asseritur,
1225 1302 1297 1364 de
1335 1303 1547 1380 quibus
1586 1303 1649 1360 in
1691 1301 2063 1378 sequentibus
2104 1303 2394 1379 agendum
2435 1305 2562 1380 erit,
2605 1325 2782 1382 quum
2825 1307 2898 1366 de

494 1403 691 1442 eorum
750 1383 1071 1443 Divinitate
1127 1382 1530 1461 disputabitur,
1574 1402 1705 1459 quae
1744 1381 1966 1439 nullam
2005 1381 2126 1438 vim
2168 1382 2449 1442 haberent
2487 1385 2604 1443 nisi
2643 1385 2898 1445 Trinitas

498 1462 883 1523 Personarum
910 1465 969 1521 in
996 1463 1217 1522 unitate
1247 1463 1530 1522 Essentiae
1551 1463 1676 1539 jam
1705 1469 2014 1520 connotata
2039 1460 2262 1521 fixisset.

516 1553 519 1556 ’
576 1543 767 1604 ΧΙΙΙ.
816 1545 1013 1618 Sexto,
1044 1563 1175 1602 cum
1202 1563 1319 1601 non
1346 1543 1495 1601 alius
1524 1541 1599 1601 sit
1625 1541 1703 1600 V.
1732 1540 1882 1599 alius
1910 1540 1984 1599 N.
2014 1540 2082 1599 T.
2131 1542 2309 1616 Deus,
2339 1549 2406 1600 ut
2434 1542 2794 1602 Marcionitae
2834 1552 2895 1602 et

496 1623 809 1682 Manichaei
837 1624 976 1681 olim
1002 1623 1317 1701 fingebant,
1362 1621 1465 1681 sed
1492 1640 1641 1681 unus
1682 1620 1950 1698 idemque
1989 1620 2296 1698 utrobique
2335 1621 2642 1698 revelatus,
2685 1630 2752 1682 ut
2793 1623 2894 1682 ob-

486 1703 709 1780 jectum
738 1702 925 1762 solum
952 1702 1091 1762 fidei
1116 1710 1175 1761 et
1202 1702 1425 1778 cultus;
1472 1701 1551 1760 Et
1578 1701 1688 1760 sub
1718 1700 1791 1758 N.
1821 1701 1889 1758 Τ.
1921 1719 1982 1758 se
2009 1720 2188 1759 unum
2235 1701 2505 1760 Essentia
2551 1710 2610 1761 et
2657 1702 2897 1762 Trinum

498 1782 769 1841 Pel-sonis
796 1782 1103 1858 revelarit;
1149 1782 1399 1841 Necesse
1426 1790 1517 1840 cst
1540 1790 1608 1840 ut
1634 1781 1680 1840 J
1681 1779 1864 1875 udseis
1889 1789 1956 1839 ut
1981 1780 2116 1873 talis
2143 1780 2220 1840 sit
2245 1781 2552 1856 revelatus,
2603 1792 2664 1843 et
2705 1783 2780 1842 ab
2823 1783 2898 1842 iis

490 1862 1069 2083 Ξῗὲξᾞῗοέξέιί
1094 1861 1966 2019 ἓέῗὲεζῖῗςῗιίᾚᾳέἒιὶῒέ
1977 1860 2895 2018 ἶιὲῗιῗὲἱὲιῗῖιῗῖἕῗὲιξὼέἒῑ

534 2043 567 2082 e
756 2045 809 2083 o.
838 2044 898 2083 n.
1011 2067 1026 2083 .

570 2031 756 2162 ¹XIV.
802 2104 1085 2182 Denique,
1117 2105 1167 2164 si
1194 2103 1447 2164 Trinitas
1472 2123 1590 2164 non
1616 2103 1876 2164 revelata
1901 2101 2101 2163 fuit.in
2127 2102 2204 2162 V.
2235 2103 2323 2178 T„
2353 2121 2654 2181 perperam
2683 2101 2894 2164 Ortho-

492 2182 635 2242 doxi
661 2183 939 2244 hactenus
966 2193 1084 2242 tam
1112 2194 1339 2244 veteres
1366 2203 1539 2262 quam
1564 2182 1929 2259 recentiores,
1961 2203 2087 2242 eam
2115 2203 2190 2242 cx
2219 2183 2296 2243 V.
2343 2183 2411 2242 Τ.
2457 2184 2700 2261 probare
2745 2193 2893 2244 sate-

490 2272 716 2340 gerunt,
746 2264 903 2341 quod
932 2263 1055 2324 sine
1082 2265 1250 2342 gravi
1290 2265 1503 2343 injuria
1540 2272 1629 2324 tot
1659 2264 1818 2324 Viris
1857 2264 2087 2340 magnis
2127 2271 2186 2323 et
2224 2262 2496 2322 fidelibus
2539 2264 2653 2322 Dei
2698 2264 2895 2324 Servis

489 2342 734 2422 impingi
762 2344 979 2422 nequit.
1062 2345 1187 2404 Nec
1214 2344 1329 2404 dici
1356 2344 1529 2404 debet
1556 2344 1667 2403 hoc
1694 2363 1802 2402 nos
1827 2363 1999 2420 posse
2027 2342 2262 2420 quidem
2289 2363 2365 2402 ex
2386 2343 2462 2401 V.
2494 2342 2562 2401 T.
2591 2363 2745 2402 nunc
2773 2342 2894 2402 col-

488 2423 671 2501 ligere
713 2423 973 2484 adhibito
1016 2424 1327 2502 Evangelii
1373 2425 1629 2484 lumine:
1691 2423 1794 2482 sed
1835 2443 1952 2482 non
1991 2422 2250 2500 potuisse
2289 2422 2506 2499 pariter
2545 2441 2582 2480 a
2624 2421 2894 2480 Patribus

488 2502 631 2563 fieri.
717 2503 995 2578 Quamvis
1022 2505 1173 2563 enim
1202 2503 1483 2563 fateamur
1511 2504 1583 2562 N.
1614 2503 1683 2562 T.
1710 2502 1901 2561 lucem
1927 2501 2098 2561 nobis
2125 2521 2240 2559 non
2268 2519 2470 2578 parum
2511 2499 2788 2558 inservire
2817 2499 2894 2556 ad

487 2582 889 2644 illustrandam
916 2591 1177 2644 veterum
1192 2583 1571 2645 Oraculorum
1598 2581 2008 2642 obscuritatem
2031 2603 2046 2657 ς
2077 2579 2280 2657 negari
2305 2587 2499 2639 tamen
2529 2597 2646 2637 non
2673 2585 2882 2655 potest,

491 2664 682 2723 Deum
709 2664 811 2741 qui
837 2685 907 2725 ea
945 2664 1217 2724 Patribus
1258 2664 1515 2723 revelare
1558 2661 1908 2739 dignabatur
1949 2662 2028 2720 ad
2069 2662 2324 2737 ipsorum
2370 2658 2790 2717 institutionem
2833 2666 2894 2717 et

489 2744 775 2819 solatium,
807 2764 877 2804 ea
902 2753 1313 2823 attemperasse
1340 2744 1571 2802 illorum
1598 2741 1808 2819 captui,
1839 2748 1905 2798 ut
1929 2747 2167 2819 possent
2194 2737 2404 2797 exinde
2431 2737 2504 2795 de
2532 2738 2642 2795 hoc
2665 2737 2889 2814 Myste-

486 2823 575 2882 rio
601 2824 846 2901 edoceri,
876 2834 1155 2902 quantum
1183 2842 1419 2883 necesse
1444 2822 1555 2881 fuit
1590 2820 1668 2879 ad
1707 2819 1962 2898 ipsorum
2005 2820 2283 2894 salutem3
2327 2817 2470 2875 alias
2510 2815 2726 2876 frustra
2763 2818 2890 2877 haec

490 2904 633 2981 ipsis
660 2905 917 2964 revelata
943 2904 1204 2962 fuissent.

569 2983 715 3042 XV.
760 2984 925 3042 Licet
950 2980 1223 3040 hodierni·
1239 2980 1284 3040 J
1286 2980 1437 3039 udaei
1478 2980 1588 3038 hoc
1630 2978 1978 3053 Mysterium
2018 2976 2206 3035 nolint
2245 2994 2596 3053 agnoscere3
2639 2994 2757 3035 non
2799 2994 2888 3035 se·

487 3064 684 3140 quitur
708 3062 1065 3138 incognitum
1094 3060 1271 3119 fuisse
1300 3060 1409 3118 sub
1437 3058 1639 3118 Veteri
1667 3057 2054 3132 Testamento,
2085 3076 2202 3114 non
2229 3056 2417 3133 magis
2442 3073 2617 3132 quam
2643 3055 2760 3115 alia
2786 3075 2887 3113 va·-

483 3144 570 3201 ria
595 3140 871 3218 mysteria
896 3159 1026 3217 quse
1055 3160 1090 3198 a
1116 3138 1374 3199 recutitis
1414 3138 1587 3199 hodie
1625 3144 1929 3214 negantur,
1974 3136 2240 3213 quamvis
2281 3143 2500 3195 certum
2541 3136 2620 3195 sit
2659 3155 2730 3194 ea
2763 3136 2888 3211 jam

485 3222 625 3281 olim
652 3218 908 3279 revelata
932 3218 1112 3278 fuisse
1136 3242 1151 3278 ι
1195 3217 1449 3295 cognitio
1475 3216 1630 3277 enim
1657 3216 1742 3276 rei
1761 3236 1877 3274 non
1905 3236 1982 3276 ex
2009 3216 2336 3293 ignorantia
2375 3215 2552 3292 hujus
2591 3214 2692 3273 vel
2730 3215 2888 3275 illius

486 3299 735 3377 subjecti
761 3299 1080 3358 mensurari
1106 3298 1295 3372 debet,
1326 3297 1431 3355 sed
1458 3318 1533 3356 cx
1560 3296 1914 3356 revelatione
1941 3296 2094 3355 facta
2119 3296 2183 3354 in
2210 3295 2427 3354 Verbo.
2510 3294 2686 3354 Adde
2727 3295 2888 3372 quod

484 3377 752 3438 hodierni
780 3377 824 3437 J
826 3378 977 3437 udaei
1004 3378 1201 3437 velum
1228 3376 1647 3437 incredulitatis
1675 3376 1736 3434 in
1764 3376 1936 3435 corde
1963 3383 2248 3453 gerentes,
2278 3384 2338 3435 et
2365 3374 2499 3433 odio
2526 3374 2745 3433 nefario
2772 3394 2890 3451 quo

487 3458 765 3517 Messiam
792 3465 1052 3516 nostrum
1079 3464 1505 3535 prosequuntur
1520 3455 1802 3531 fascinati,
1827 3464 2030 3533 sponte
2047 3455 2354 3515 caecutiant
2381 3454 2457 3512 ad
2483 3454 2656 3513 istam
2680 3454 2888 3529 lucem,

484 3557 659 3615 quam
705 3544 933 3596 veteres
974 3536 1177 3595 fideles
1221 3535 1383 3594 nullo
1423 3535 1761 3615 praejudicio
1802 3536 2083 3597 cxcoecati
2123 3554 2232 3613 ope
2277 3534 2530 3613 Spiritus
2571 3534 2631 3593 S.
2674 3553 2902 3611 magno

486 3637 617 3677 cum
646 3616 853 3677 solatio
880 3615 1432 3695 contemplabantur.

1328 3858 1718 3935 QUAESTIO
1760 3856 2046 3917 XXVII.

550 4022 643 4079 An
670 4021 937 4079 Personoe
962 4019 1189 4079 Divinoe
1215 4019 1632 4095 dtbtinyuantur
1659 4017 1730 4075 ab
1757 4016 2038 4091 Essentia,
2062 4022 2118 4073 et
2141 4014 2286 4073 inter*
2311 4032 2387 4088 se,
2417 4022 2472 4071 et
2496 4014 2772 4089 quomodo
2793 4014 2823 4069 3

514 4218 733 4264 Person-
794 4216 964 4261 distin·
1088 4177 1137 4237 Ι.
1184 4178 1427 4237 Asserta
1454 4177 1838 4235 Personarum
1867 4172 2210 4232 Divinarum
2239 4171 2554 4247 Trinitate3
2607 4170 2776 4229 Nunc
2817 4169 2890 4227 de

570 4279 785 4333 guantur
810 4276 871 4319 ab
890 4276 973 4321 Es-
1013 4278 1210 4317 earum
1242 4257 1601 4332 dahtinctione,
1650 4262 1776 4313 tum
1820 4253 1896 4312 ab
1941 4252 2210 4311 Essentia
2253 4252 2395 4328 ipsa,
2445 4258 2570 4309 tum
2617 4250 2768 4308 inter
2807 4267 2888 4323 se,

570 4333 744 4377 sentia.
1008 4337 1316 4415 agendum.
1428 4336 1714 4395 Personas
1755 4333 1828 4391 ab
1873 4332 2144 4391 Essentia
2195 4330 2475 4407 distingui
2523 4337 2699 4406 patet,
2751 4327 2892 4405 quia

485 4418 757 4477 Essentia
782 4425 873 4476 est
897 4417 1084 4491 unica,
1118 4416 1387 4475 Personae
1414 4434 1555 4473 vero
1580 4423 1700 4475 tres
1724 4436 1739 4472 :
1783 4412 1896 4471 Illa
1923 4411 2221 4487 absoluta3
2267 4411 2406 4469 Istae
2433 4409 2691 4467 relativae
2717 4430 2731 4465 :
2775 4406 2889 4463 Illa

482 4497 992 4572 communicabilis,
1024 4517 1141 4555 non
1183 4496 1415 4574 quidem
1460 4494 1776 4553 secundum
1816 4490 2370 4568 multiplicationem,
2419 4487 2522 4547 sed
2569 4484 2888 4545 secundum

480 4578 877 4654 identitatem3
924 4578 1061 4637 Istae
1088 4574 1696 4635 incommunicabiles:
1741 4572 1855 4631 Illa
1881 4580 1970 4631 est
1997 4570 2138 4648 quid
2163 4570 2373 4643 latius3
2419 4567 2557 4625 Istae
2599 4584 2740 4622 vero
2784 4565 2884 4621 ha·

480 4658 622 4718 bcnt
648 4678 711 4718 se
738 4668 805 4718 ut
832 4657 974 4735 quid
1000 4655 1339 4734 angustius:
1384 4653 1548 4714 Licet
1574 4654 1728 4712 enim
1760 4650 2030 4710 Essentia
2056 4650 2133 4708 sit
2177 4648 2478 4724 adaequata
2519 4643 2706 4703 tribus
2749 4643 2888 4702 Per·
