3300 5225
526 380 639 441 120
1441 398 1623 441 Locus
1654 398 1972 440 secaneos.
2541 375 2789 459 [Quaesr.
2823 396 2924 439 xv.

521 540 635 599 Dei
675 550 781 617 est,
825 539 927 617 qui
970 539 1226 598 divinam
1270 540 1677 599 authoritatem
1722 540 1960 599 cuilibet
2003 540 2216 617 scripto
2261 538 2518 597 conferre
2565 546 2774 615 potest,
2821 538 2928 599 sed

518 629 744 681 tantum
772 620 1062 679 declarare
1089 620 1415 679 versionem
1444 640 1569 679 esse
1611 620 1859 695 fidelem,
1890 628 1950 679 et
1975 619 2122 678 fonti
2162 638 2267 678 suo
2305 618 2690 694 conformem;
2732 618 2829 676 vel
2870 620 2924 677 si

516 701 743 794 mendas
768 700 1116 779 irrepserant
1142 718 1242 760 eas
1268 700 1572 778 corrigere,
1602 708 1664 760 et
1689 718 1857 760 usum
1885 699 2013 777 ejus
2039 699 2102 759 in
2131 697 2388 758 Publicis
2417 698 2696 757 Ecclesiae
2723 698 2929 757 officiis

519 800 600 839 nn
676 800 823 840 rare.

600 800 679 920 3⁷⁰³.
722 860 781 919 3.
822 860 973 935 Quia
1010 859 1275 937 pluribus
1314 858 1375 917 in
1414 858 1559 919 locis
1586 880 1623 917 a
1648 857 1906 918 fontibus
1932 856 2204 933 deflectit,
2233 857 2392 935 qnod
2427 856 2502 915 de
2533 856 2762 917 Sixtina
2787 878 2924 917 con-

518 940 675 1001 cedit
702 940 969 1000 Clemens
995 939 1178 999 VIII.
1208 940 1309 1017 qui
1350 958 1477 997 eam
1517 939 1655 998 lieet
1686 938 2073 998 authenticam
2101 956 2138 995 a
2169 936 2428 996 Concilio
2467 938 2924 1014 pmnmchm,

520 1029 580 1079 et
608 1019 1133 1079 emendatissimam
1158 1039 1235 1079 ex
1266 1018 1420 1078 sixti
1454 1017 1696 1097 judicio,
1725 1015 2031 1077 emendare
2059 1025 2252 1076 tamen
2281 1017 2569 1093 sustinuit,
2601 1025 2662 1076 et
2684 1015 2928 1076 biennio

517 1108 652 1177 post
677 1100 753 1158 ad
778 1099 1047 1159 incudem
1073 1098 1387 1173 revocavit,
1416 1106 1708 1176 expuncta
1735 1097 2011 1156 nonnulla
2043 1117 2079 1155 a
2110 1096 2280 1156 Sixto
2305 1096 2574 1173 restituit,
2603 1096 2770 1173 plura
2795 1116 2920 1156 mu-

518 1180 683 1255 tavit,
726 1188 785 1239 et
826 1178 1109 1255 correxit;
1152 1186 1218 1239 ut
1259 1186 1420 1256 patet
1459 1198 1535 1237 ex
1576 1177 1884 1237 collatione
1928 1176 2364 1256 Exemplar-ium
2405 1177 2468 1234 in
2508 1178 2674 1235 Bello
2712 1178 2930 1253 Papali

522 1260 749 1317 Therme
786 1259 1041 1335 Jamesii,
1088 1258 1190 1317 nbi
1232 1266 1443 1335 praeter
1483 1258 1812 1317 innumeras
1840 1256 2150 1316 varietates
2193 1255 2269 1314 ad
2311 1256 2402 1315 bis
2445 1256 2603 1314 mille
2645 1256 2928 1317 lectiones

515 1337 809 1415 produxit,
828 1358 973 1416 quas
990 1358 1025 1396 a
1048 1338 1217 1397 Sixto
1234 1337 1581 1396 authoritate
1601 1335 1943 1414 Apostolica
1958 1335 2238 1395 adversus
2255 1336 2566 1395 Hebraeam
2583 1343 2644 1394 et
2659 1336 2924 1395 Graecam

516 1418 819 1477 veritatem
854 1416 1236 1492 confirmatas,
1282 1416 1550 1476 Clemens
1590 1416 1793 1475 eadem
1837 1416 2184 1475 authoritate
2225 1415 2476 1491 refinxit,
2521 1424 2580 1475 et
2620 1415 2696 1473 ad
2735 1415 2926 1475 fontes

516 1496 867 1573 reformavit,
912 1518 1041 1575 quae
1081 1497 1244 1575 praeli
1270 1496 1436 1572 vitio,
1478 1504 1545 1556 ut
1584 1504 1854 1555 causatur
1881 1496 2166 1571 Clemens,
2208 1516 2326 1555 non
2367 1503 2613 1573 possunt
2637 1495 2926 1573 adscribi;

517 1577 649 1653 quis
675 1576 829 1636 enim
855 1577 1054 1636 credat
1080 1576 1361 1635 chiliades
1387 1576 1774 1653 sphalmatum
1801 1576 1965 1653 pmli
1991 1575 2136 1634 vitio
2160 1576 2225 1633 in
2251 1595 2378 1634 eam
2405 1575 2718 1634 editionem
2743 1575 2924 1653 irrep-

520 1656 681 1733 sisse,
729 1675 904 1733 quam
950 1664 1113 1715 tanta
1155 1655 1460 1733 diligentia
1505 1656 1710 1715 Sixtus
1761 1663 2168 1733 procuraverat
2182 1658 2212 1715 Ρ
2269 1655 2686 1715 clementinam
2729 1655 2920 1731 etiam,

521 1754 696 1812 quam
736 1745 869 1813 post
900 1735 1187 1795 Sixtinam
1214 1735 1605 1795 authenticam
1632 1754 1760 1795 esse
1794 1735 1972 1813 jussit
2000 1734 2282 1812 Clemens,
2312 1736 2492 1795 variis
2519 1735 2678 1795 vitiis
2705 1745 2926 1795 scatere

519 1835 657 1973 δεῖ
677 1815 953 1955 &aaz
985 1814 2026 1971 “zapwffla
2053 1815 2927 1974 mauman

950 1940 967 1972 ,
1375 1940 1389 1955 .

519 1975 850 2051 castiqatam
867 1999 893 2049 ,·
932 1995 1103 2051 quam
1129 1975 1349 2052 quidem
1374 1976 1515 2034 sicut
1538 1976 1785 2034 omnibus
1811 1976 2054 2033 numeris
2080 1976 2389 2033 absolutam
2405 1995 2522 2052 pro
2549 1977 2798 2033 humana
2823 1976 2924 2034 im-

517 2054 805 2113 becillitate
822 2055 1116 2129 affirmare
1136 2055 1355 2129 difficile
1374 2064 1468 2131 est,
1488 2057 1585 2113 Ita
1604 2056 1818 2114 caeter-122
1837 2055 2099 2131 omnibus,
2119 2074 2245 2131 quae
2263 2056 2368 2115 leuc
2383 2074 2555 2131 mque
2562 2056 2922 2132 prodier-unt,

519 2135 949 2194 emendatiorem
989 2144 1044 2193 ct
1070 2135 1367 2210 puriorem
1394 2154 1524 2212 esse,
1554 2136 1777 2196 minime
1803 2136 2185 2194 dubitandum.
2272 2134 2336 2194 Si
2376 2134 2530 2193 enim
2568 2134 2801 2194 difficile
2837 2144 2926 2195 est

520 2213 799 2272 affirmare
820 2234 947 2274 eam
969 2214 1235 2273 omnibus
1256 2215 1510 2274 numeris
1531 2234 1660 2274 esse
1680 2215 2020 2291 absolutam,
2053 2213 2157 2273 sed
2183 2221 2408 2273 tantum
2433 2214 2722 2291 puriorem
2749 2214 2928 2275 fuisse

516 2293 785 2354 omnibus
828 2314 959 2371 quae
1000 2295 1116 2353 huc
1156 2314 1341 2372 usque
1380 2295 1746 2372 prodierant;
1791 2296 1952 2373 Ergo
1994 2314 2110 2353 non
2153 2303 2399 2372 negatur
2439 2314 2610 2372 posse
2653 2294 2928 2371 deinceps

516 2372 747 2451 prodire
790 2375 1177 2449 correctiores,
1224 2394 1333 2433 nee
1374 2376 1563 2453 potuit
1603 2374 1720 2434 dici
1760 2396 1796 2434 a
1840 2374 2099 2433 Concilio
2139 2375 2602 2433 ernendaubsima.
2705 2373 2823 2433 Sed
2865 2374 2927 2433 in

517 2453 892 2529 sequentibus
932 2454 1041 2512 hoc
1082 2454 1272 2531 ipsum
1300 2454 1511 2514 clarius
1550 2463 1728 2531 patet,
1759 2474 1938 2531 quum
1965 2454 2178 2514 diserte
2204 2453 2416 2513 dicitur
2441 2454 2500 2513 in
2537 2454 2782 2530 Vulqata
2820 2455 2924 2514 Ve-

518 2542 636 2591 tere
650 2534 963 2592 Bibliorum
978 2535 1294 2609 Interprcte
1314 2537 1573 2609 quaedam
1592 2534 1899 2610 visasuisae
1918 2536 2206 2610 mutanda,
2227 2552 2356 2612 quoe
2373 2536 2615 2593 consulto
2635 2534 2928 2593 irmnutata

518 2613 717 2670 relicta
742 2622 884 2672 sunt.
968 2613 1090 2671 Nec
1132 2614 1243 2672 hoc
1284 2612 1610 2673 dissimulat
1638 2614 1854 2674 Bellar.
1897 2614 2000 2691 qui
2038 2613 2191 2674 inter
2217 2616 2579 2675 Correetores
2619 2614 2820 2690 fuerat,
2864 2615 2926 2673 in

521 2691 745 2768 Epist0.
792 2691 867 2750 ad
913 2692 983 2752 L.
1030 2693 1389 2770 Brugensem
1430 2692 1586 2768 data,
1634 2694 1803 2771 cujus
1847 2694 1970 2772 ipse
2011 2694 2290 2770 meminit,
2320 2696 2481 2754 Scias
2519 2696 2699 2771 velim,
2739 2696 2928 2754 Biblia

530 2771 775 2848 Vulqata
814 2793 925 2830 non
965 2791 1081 2830 esse
1118 2791 1159 2830 a
1198 2773 1351 2831 nobis
1391 2774 1805 2832 accuratissime
1844 2775 2135 2851 castiqata,
2178 2777 2354 2833 multa
2381 2776 2526 2834 enim
2552 2777 2621 2834 de
2649 2776 2928 2834 indum-ia

504 2852 677 2928 justis
704 2855 775 2911 de
800 2852 983 2911 cmx-sis
998 2853 1393 2928 proemiimus,
1424 2873 1550 2930 quoe
1575 2855 1914 2913 correctione
1940 2855 2188 2931 indiam-e
2213 2854 2560 2914 videbantur.

602 2931 716 2992 VI.
758 2935 815 2991 4.
857 2931 1055 2992 Variis
1082 2931 1307 2992 mendis
1332 2932 1597 2992 refertam
1628 2953 1756 2993 esse
1784 2935 1861 2995 V.
1884 2934 2224 2994 Versioncm
2247 2935 2372 3012 jam
2400 2936 2538 2994 olim
2565 2943 2930 3012 agnoverunt

520 3029 637 3069 non
664 3010 835 3088 pauci
874 3031 907 3070 e
937 3011 1275 3088 Pontificiis,
1322 3013 1613 3090 Erasmus,
1645 3013 1838 3090 Valla,
1883 3014 2200 3092 Pagninus,
2233 3015 2556 3090 Caietanus,
2588 3014 2922 3090 Oleastrius,

524 3090 813 3166 Forerius,
848 3091 1051 3150 Sixtus
1083 3091 1372 3168 Senensis,
1402 3101 1463 3152 et
1502 3093 1564 3151 id
1600 3093 1888 3172 hodieque
1930 3094 2183 3155 fatentur
2211 3095 2562 3172 Interpretes
2589 3095 2738 3154 varii
2777 3094 2923 3153 cele-

519 3169 671 3246 bres,
712 3169 987 3246 Salmer0‚
1034 3169 1386 3248 Bonfrerins,
1435 3173 1712 3250 Serarius,
1758 3173 2000 3252 Masius,
2049 3175 2316 3252 Muisius,
2360 3183 2420 3234 et
2461 3175 2561 3235 alii
2605 3175 2928 3253 complures

523 3249 653 3308 Viri
680 3249 1015 3326 doctissimi,
1045 3251 1147 3328 qui
1174 3251 1419 3312 subinde
1445 3254 1521 3313 ab
1548 3272 1618 3311 ea
1642 3254 1720 3314 ad
1745 3255 1934 3314 fontes
1959 3263 2297 3332 provocant.

604 3329 751 3389 VII.
794 3331 851 3390 5.
896 3331 1089 3391 Multa
1124 3339 1260 3390 sunt
1295 3332 1439 3406 loca,
1471 3353 1601 3412 quae
1640 3354 1940 3412 perperam
1981 3334 2210 3394 reddita
2233 3333 2522 3394 erroribus
2563 3334 2926 3411 gravissimis

524 3410 623 3468 vel
651 3409 1028 3486 occasionem,
1059 3412 1154 3471 vel
1195 3409 1575 3489 patrocinium
1614 3415 2016 3491 praebuerunt3
2065 3415 2162 3474 Sic
2191 3415 2341 3474 Gen.
2371 3414 2452 3472 iii.
2487 3417 2578 3489 15,
2621 3414 2749 3489 ipsa
2789 3435 2925 3473 con-

520 3497 685 3566 teret,
716 3499 781 3550 ut
800 3490 876 3549 ad
904 3491 976 3550 B.
1000 3491 1305 3569 Virginem
1330 3492 1624 3568 referatur,
1648 3514 1780 3553 eum
1809 3494 1869 3552 in
1897 3494 2054 3555 fonte
2080 3494 2310 3571 legatur
2332 3511 2438 3568 sin,
2467 3493 2675 3569 ipsum,
2707 3494 2928 3553 scilicet

522 3589 757 3646 semen;
800 3581 861 3632 et
904 3571 1026 3632 xiv.
1062 3574 1155 3632 18.
1198 3574 1357 3632 Erat
1380 3574 1523 3652 enim
1551 3575 1848 3652 Sacerdos,
1895 3595 1999 3652 pro
2027 3575 2112 3632 Et
2135 3582 2301 3646 erat,·
2342 3581 2404 3632 et
2427 3571 2612 3631 xlviii.
2650 3576 2742 3649 16,
2771 3573 2922 3632 invo-

520 3659 677 3710 cetur
702 3671 902 3711 nomen
928 3672 1109 3711 meum
1135 3673 1307 3730 super
1333 3673 1442 3729 eos,
1470 3673 1577 3731 pro
1601 3663 1828 3714 vocetur
1853 3656 1912 3713 in
1939 3655 2006 3713 iis
2031 3673 2230 3712 nomen
2256 3673 2456 3712 meum.
2540 3652 2736 3711 Psalm
2765 3653 2923 3714 xcix.

520 3731 578 3789 5.
620 3732 875 3792 Adorate
913 3733 1211 3792 scabellum
1243 3736 1455 3811 pedum
1480 3737 1613 3809 ejus,
1659 3753 1763 3812 pro
1811 3738 1896 3794 ad
1936 3735 2249 3808 scabellum,
2279 3733 2333 3792 si
2374 3752 2510 3792 arca
2547 3741 2796 3808 notatur,
2825 3734 2924 3793 vel

518 3809 580 3869 in
603 3813 858 3888 scabello,
886 3812 951 3870 id
976 3822 1068 3873 est
1094 3813 1155 3870 in
1181 3814 1441 3891 Templo,
1472 3813 1627 3892 quod
1656 3814 1972 3874 scabellum
1999 3813 2212 3892 pedum
2239 3813 2368 3891 ejus
2395 3821 2502 3874 est.
2587 3813 2924 3873 Ecclesiast.

522 3888 603 3947 ix.
634 3894 689 3966 2,
721 3892 911 3950 omnia
936 3893 997 3950 in
1020 3895 1289 3966 ficturum
1313 3902 1611 3952 servantur
1638 3895 1871 3971 incerta,
1914 3915 2019 3972 pro
2047 3895 2236 3953 omnia
2259 3903 2390 3952 eunt
2413 3903 2544 3952 ante
2569 3913 2679 3953 eos.
2761 3893 2924 3953 John

522 3967 645 4026 xiv.
674 3973 771 4045 26,
800 3980 1059 4046 mqqcret
1075 3973 1225 4030 vobis
1250 3973 1455 4046 omnia,
1486 3993 1827 4050 quascunque
1854 3975 2056 4034 dixero
2083 3975 2247 4051 vobis,
2278 3974 2354 4033 ad
2381 3971 2756 4033 insinuandas
2783 3973 2921 4031 Tra-

520 4045 771 4108 ditiones
800 4049 1172 4126 Apostolicas
1198 4051 1457 4132 ἀγράφους
1468 4081 1487 4120 5
1530 4052 1634 4110 sed
1661 4053 1830 4114 aliter
1857 4063 2064 4113 sonant
2092 4055 2314 4130 Graeca,
2346 4054 2520 4113 ardna
2557 4051 2600 4113 οἵ
2623 4051 2753 4112 ula-ov
2791 4059 2922 4129 ὑμῖν,

520 4127 711 4185 omnia
738 4147 864 4204 quae
890 4127 1019 4186 dixi
1040 4129 1206 4188 vobi-5.
1296 4129 1449 4191 Heb.
1479 4131 1561 4190 xi.
1591 4135 1687 4208 21,
1719 4135 1986 4194 adoravit
1992 4135 2291 4212 fasciatum
2319 4136 2508 4212 virqoe,
2539 4142 2740 4194 contra
2765 4153 2922 4192 men-

521 4213 639 4265 tem
670 4206 838 4266 Pauli
867 4207 1184 4301 ‚re-numu
1211 4209 1290 4268 im*
1329 4215 1385 4269 τὶ
1425 4209 1589 4306 degon,
1617 4215 1886 4273 adorarat
1908 4233 2079 4290 super
2103 4216 2472 4274 summitatem
2497 4214 2696 4289 baculi,
2727 4213 2788 4272 id
2815 4223 2920 4288 est,

520 4293 587 4344 ut
616 4286 774 4346 Beza
796 4295 991 4363 vernt,
1034 4308 1141 4366 pro
1167 4290 1363 4349 baculo
1391 4291 1631 4352 suma-us.
1717 4293 1874 4353 Heb.
1903 4293 2028 4353 xiii.
2063 4296 2154 4371 16,
2186 4296 2386 4354 talibus
2410 4295 2598 4354 hostiis
2628 4313 2922 4371 promere-

519 4375 615 4426 tur
642 4368 817 4444 Deua,
848 4387 954 4446 pro
982 4371 1303 4430 delectatur.
1379 4374 1407 4428 1
1442 4371 1571 4431 Cor.
1600 4391 1701 4433 xv.
1736 4375 1829 4432 10.
1899 4375 2036 4433 Non
2063 4394 2180 4452 ²9⁰2
2211 4377 2314 4435 sed
2329 4376 2526 4452 9ratia
2552 4375 2672 4432 Dei
2693 4391 2921 4448 mecum,

518 4467 623 4526 pro
652 4467 777 4524 quae
802 4469 1015 4508 mecum
1042 4459 1136 4509 est.
1221 4449 1385 4509 Addi
1410 4461 1652 4529 possunt
1677 4453 1792 4512 alia
1817 4452 1947 4513 loca
1986 4454 2046 4512 in
2073 4455 2286 4532 quibus
2313 4455 2407 4514 vel
2450 4454 2802 4514 detractione
2830 4455 2926 4512 vel

518 4527 813 4588 additione
840 4538 1126 4606 peccatur,
1158 4539 1223 4589 ut
1254 4531 1421 4591 Rom.
1450 4531 1529 4590 xi.
1562 4534 1618 4592 6.
1701 4534 1770 4593 Si
1792 4544 1978 4594 autem
2007 4537 2219 4612 qratia,
2250 4539 2381 4612 jam
2407 4556 2522 4593 non
2549 4555 2622 4592 ex
2649 4535 2922 4611 operibus,

518 4609 768 4686 alioquin
790 4611 987 4686 qratia
998 4613 1131 4686 jam
1157 4631 1269 4670 non
1296 4622 1377 4671 est
1408 4613 1619 4688 qratia,
1650 4613 1812 4674 deest
1840 4624 1972 4692 post
1997 4617 2122 4674 hoec
2152 4616 2329 4674 verba
2369 4615 2595 4691 integra
2623 4613 2922 4688 sententia,

518 4708 648 4764 quae
702 4689 763 4747 in
792 4691 1000 4750 Graeco
1048 4691 1308 4752 habetur.
1392 4693 1495 4751 Sin
1537 4715 1611 4752 ex
1653 4695 1926 4770 operibus,
1963 4698 2092 4770 jam
2139 4717 2250 4754 non
2296 4705 2376 4754 est
2416 4696 2629 4770 qratia,
2673 4695 2926 4770 alioquin

520 4789 657 4846 opus
688 4772 819 4845 jam
874 4793 984 4830 non
1028 4781 1105 4831 est
1148 4793 1305 4850 opus.
1364 4773 1532 4863 Matt.
1590 4775 1668 4834 vi.
1727 4778 1782 4850 4,
1843 4778 1896 4856 β,
1955 4779 2046 4868 lg,
2093 4785 2180 4835 ter
2220 4772 2430 4836 desunt
2470 4775 2582 4834 ista
2629 4774 2806 4834 verba
2853 4776 2925 4832 Iu
