3300 5225
553 300 672 361 378
1502 310 1687 357 Locus
1712 312 2005 365 QUARTUS·
2498 292 2759 379 [cusis-1⁸.
2791 314 2985 359 xvm.

549 456 888 534 Electionis,
933 456 1102 535 cujus
1141 454 1335 534 potius
1375 456 1454 516 sit
1492 454 1947 533 fundamentum,
1979 454 2083 515 sed
2109 456 2480 535 φιλιιοςοιι-άις
2510 455 2622 517 Dei
2652 465 2716 518 et
2728 457 2985 517 miseri·

547 539 760 599 cordiae
789 537 1094 615 generalis,
1124 555 1242 614 qua
1267 544 1454 595 totum
1477 536 1679 596 Genus
1704 536 2021 595 humanum
2040 536 2423 614 prooequitu13
2442 534 2519 594 ad
2544 538 2983 598 removendum

547 618 911 677 obstaculum
949 616 1194 695 justitias
1238 614 1453 675 divinas
1497 634 1602 693 per
1645 614 2113 691 satisfactionem,
2142 624 2211 675 ut
2254 615 2403 673 nihil
2442 616 2689 693 amplius
2730 617 2983 679 obstare

543 699 746 777 possit,
777 697 1086 775 quominus
1114 704 1416 756 serventur
1453 696 1736 770 homines,
1764 703 1977 773 praeter
2014 696 2270 773 ipsorum
2314 695 2797 756 incredulitatem.
2886 698 2975 757 R.

553 777 686 852 Sed,
717 784 1101 855 praeterquam
1147 775 1307 854 quod
1351 784 1522 834 antea
1603 775 1939 834 robavimus
1982 795 2101 835 non
2147 794 2319 853 posse
2366 774 2483 835 dici
2522 775 2985 837 fundamentum

549 856 885 932 Electionis,
930 856 1154 916 accedit
1181 864 1242 915 et
1265 856 1394 931 hoc,
1423 871 1506 933 qu
1629 856 1973 933 supponitur
2018 856 2201 933 gratis
2240 854 2452 914 missus
2493 874 2571 914 ex
2611 867 2747 928 osu
2932 860 2961 935 ζ

547 936 821 1014 generali,
850 954 982 1013 quse
1007 934 1304 995 indefinite
1330 954 1549 1010 omnes,
1581 934 1686 994 sed
1712 934 2003 994 neminem
2028 934 2367 995 nominatim
2394 934 2644 1013 respicit,
2676 956 2755 1013 qu
2868 958 2979 997 ro-

545 1024 770 1094 pugnat
801 1015 1112 1093 Scriptum
1139 1023 1200 1075 et
1241 1014 1504 1073 missioni
1531 1013 1763 1090 Christi,
1794 1034 1925 1092 quse
1968 1014 2293 1073 necessario
2320 1024 2587 1073 versatur
2632 1015 2787 1075 circa
2828 1036 2975 1095 pen

547 1114 720 1155 sonas
748 1095 1087 1173 singulares,
1116 1114 1222 1173 pro
1269 1094 1484 1172 quibus
1509 1094 1711 1153 venire
1754 1094 1972 1154 debuit.
2054 1098 2111 1154 2.
2158 1094 2223 1153 Si
2270 1094 2331 1153 in
2357 1112 2491 1153 eum
2530 1103 2757 1155 tantum
2780 1096 2975 1155 finem
3232 1030 3238 1205 1

547 1175 814 1235 Christus
840 1175 1052 1235 missus
1078 1182 1185 1249 est,
1215 1182 1282 1233 ut
1320 1174 1685 1234 obstaculum
1718 1173 1965 1251 justitia
2000 1173 2217 1233 divinae
2254 1183 2594 1250 removeret,
2626 1184 2981 1253 sequeretur
3236 1214 3238 1269 Ι

545 1254 840 1315 Christum
851 1255 1274 1331 possibilitatem
1291 1262 1517 1313 tantum
1531 1254 1732 1313 salut&
1746 1253 1915 1313 nobis
1936 1253 2331 1331 acquisivisse,
2354 1272 2473 1312 non
2496 1256 2733 1315 salutem
2753 1255 2971 1333 ipsam,
3235 1276 3238 1327 j

543 1342 606 1393 et
631 1334 859 1412 proprie
887 1333 1108 1411 aliquid
1137 1334 1266 1393 Deo
1307 1333 1705 1411 acquisivisse,
1734 1353 1853 1393 non
1891 1333 2078 1410 nobis,
2122 1333 2393 1393 nimirum
2417 1341 2763 1411 potestatem
2786 1336 2974 1395 nobis
3236 1334 3238 1347 ³

545 1414 793 1474 salutem
821 1413 998 1472 dandi
1025 1414 1134 1473 sub
1159 1415 1270 1475 hac
1297 1413 1394 1472 vel
1419 1412 1524 1471 illa
1549 1412 1914 1490 conditione3
1956 1432 2088 1489 quse
2114 1432 2289 1489 quam
2316 1412 2507 1471 aliena
2546 1413 2667 1473 sint
2690 1434 2727 1472 a
2752 1415 2971 1473 merito
3228 1430 3239 1497 4*

541 1494 748 1553 mortis
777 1494 1008 1569 Christi,
1027 1502 1087 1552 et
1113 1492 1239 1552 Scri
1279 1500 1423 1551 turoe
1443 1492 1723 1567 doctrina,
1754 1512 1923 1551 nemo
1938 1510 2057 1551 non
2072 1491 2252 1568 videt,
2276 1511 2407 1570 qun
2426 1491 2549 1553 vim
2568 1502 2629 1553 et
2645 1493 2967 1553 efficaciam

543 1573 746 1631 mortis
777 1572 990 1631 Christi
1019 1572 1187 1632 nobis
1275 1570 1524 1648 escribit‚
1553 1590 1675 1632 non
1719 1579 1947 1631 tantum
1992 1580 2059 1631 ut
2087 1572 2262 1631 Pater
2298 1572 2485 1649 possit
2520 1572 2743 1649 aliquid
2779 1572 2959 1633 nobis

543 1651 700 1727 dare,
731 1651 836 1710 sed
861 1659 929 1710 ut
953 1650 1056 1710 det
1081 1660 1216 1711 actu
1243 1651 1505 1726 salutem,
1535 1670 1654 1710 non
1688 1660 1757 1711 ut
1798 1651 1875 1711 sit
1912 1652 2334 1711 reconciliabt’lis
2360 1651 2713 1729 simpliciter,
2744 1652 2847 1713 sed
2884 1661 2960 1712 ut

544 1730 622 1789 sit
648 1738 784 1790 actu
807 1732 1196 1789 reconciliatus
1213 1754 1240 1805 ,·
1263 1729 1435 1789 -unde
1463 1730 1677 1791 dieitur
1700 1730 1973 1808 Rineeps
1998 1732 2211 1807 saluus,
2242 1730 2343 1809 qui
2372 1730 2474 1791 dat
2500 1732 2688 1793 ovibus
2713 1732 2829 1791 aab
2864 1732 2949 1792 vi-

546 1818 664 1869 tam
690 1819 978 1884 σείει-παθη,
1024 1810 1069 1870 J
1071 1811 1165 1870 oh.
1195 1830 1255 1869 x.
1285 1813 1381 1887 28,
1411 1810 1513 1887 qui
1559 1811 1854 1887 acqtdsivit
1892 1811 2064 1870 nobis
2104 1830 2223 1870 non
2258 1810 2704 1889 possibilitatem
2730 1804 2953 1887 salutis,

545 1889 652 1949 sed
677 1890 1110 1966 redemptionem
1130 1899 1416 1965 aternam,
1442 1889 1598 1949 Heb.
1614 1890 1699 1949 ix.
1734 1894 1825 1967 12,
1850 1890 1952 1968 qui
1978 1900 2113 1950 actu
2138 1891 2516 1950 reconciliavit
2538 1911 2647 1950 nos
2666 1892 2792 1951 Deo
2804 1912 2955 1969 pace

533 1990 652 2047 per
675 1971 1004 2047 sanquinem
1029 1973 1218 2045 facta,
1252 1970 1376 2029 Col.
1404 1970 1443 2028 i.
1474 1971 1570 2045 20,
1601 1978 1662 2029 et
1706 1971 1789 2030 sic
1837 1970 2153 2049 innumeris
2195 1970 2259 2029 in
2296 1969 2459 2030 locis.
2542 1970 2751 2031 Addes
2790 1970 2953 2047 forte,

547 2050 842 2111 Christum
869 2068 986 2109 non
1034 2051 1190 2108 hunc
1215 2047 1390 2107 finem
1437 2049 1769 2127 generalem
1810 2049 1923 2108 sibi
1947 2050 2316 2128 proposuisse
2358 2057 2603 2127 tantum,
2633 2050 2739 2110 sed
2776 2051 2955 2110 alium

545 2130 723 2189 etiam
749 2130 1058 2207 specialem
1084 2130 1356 2189 habuisse
1383 2129 1666 2187 moriendi
1680 2122 2021 2188 nominatim
2041 2149 2146 2207 pro
2166 2129 2367 2189 electis
2386 2137 2446 2189 et
2465 2128 2786 2189 credituris.
2838 2130 2955 2190 scd

542 2208 628 2269 sic
653 2210 895 2287 fingitur
921 2209 1119 2287 gratis,
1151 2217 1209 2268 et
1235 2208 1297 2266 in
1327 2208 1454 2267 Deo
1479 2209 1745 2268 mittente
1775 2208 2083 2285 Christum,
2114 2217 2173 2269 et
2188 2208 2251 2267 in
2268 2209 2497 2269 Christo
2524 2209 2822 2285 moriente,
2838 2209 2946 2269 du-

542 2288 683 2367 plex
709 2289 970 2365 intentio,
1002 2290 1118 2348 alia
1143 2288 1432 2365 generalis
1459 2306 1522 2347 se
1549 2286 1829 2347 offerendi
1867 2306 1973 2364 pro
2000 2288 2267 2348 omnibus
2295 2288 2405 2348 sub
2450 2288 2797 2366 conditione,
2839 2289 2957 2347 alia

543 2369 812 2445 specialis
840 2388 903 2429 se
931 2368 1108 2427 dandi
1134 2366 1442 2427 efficaciter
1481 2386 1587 2445 pro
1624 2366 2009 2444 quibusdam3
2052 2366 2221 2444 quasi
2262 2368 2323 2425 in
2348 2386 2467 2427 uno
2510 2367 2801 2445 Sponsor-e
2838 2367 2957 2429 duo

539 2449 839 2525 quaerendi
865 2457 1074 2524 essent,
1104 2466 1255 2507 unus
1283 2448 1385 2524 qui
1412 2446 1694 2525 spondeat
1732 2466 1810 2505 ex
1834 2455 2001 2524 parte
2032 2466 2139 2523 pro
2180 2446 2465 2523 omnibus,
2496 2447 2648 2507 alter
2669 2467 2811 2507 vem
2848 2448 2953 2526 qui

541 2528 826 2622 spondeat
851 2547 928 2586 ex
955 2547 1084 2622 asse
1111 2546 1216 2606 pro
1242 2526 1531 2623 aliquibus
1554 2548 1569 2601 3
1611 2543 1763 2620 unus
1790 2525 2106 2619 impetrans
2132 2525 2400 2585 omnibus
2428 2528 2689 2621 salutem,
2714 2527 2819 2587 sed
2838 2528 2951 2622 sub

539 2606 2049 2764 {lssfflssoffifflissitssuffissffiffffissnfflmoet
2026 2627 2301 2746 simu
2232 2607 2955 2765 ςηῑίᾙῖἓξῖῃὶῐᾶἳὲῑ

542 2766 800 2826 omnium
825 2767 968 2826 bono
995 2767 1292 2842 moriatur,
1335 2767 1482 2825 alter
1520 2765 1623 2843 qui
1666 2784 1980 2842 paucorum
2018 2775 2245 2826 tantum
2272 2769 2392 2826 loco
2411 2790 2436 2839 ,⁰
2476 2787 2610 2826 cum
2654 2767 2952 2845 Scriptura

541 2846 645 2905 ubi
672 2845 745 2905 de
772 2855 957 2905 morte
987 2844 1202 2904 Christi
1241 2845 1499 2921 loquitur
1538 2863 1644 2923 pro
1686 2844 2034 2922 hominibus,
2064 2845 2355 2924 duplicem
2397 2847 2549 2906 hanc
2572 2846 2953 2906 intentionem

539 2943 828 3002 nusquam
855 2925 1158 3018 exprimat,
1191 2923 1296 2982 sed
1319 2925 1550 2983 unicam
1575 2932 1804 2983 tantum
1832 2943 1895 3016 se
1922 2927 2043 2984 loco
2069 2934 2435 3003 peccatorum
2464 2925 2869 3020 substituendi,
2890 2933 2953 2986 et
2998 2955 3013 2974 ι

537 3010 1663 3160 Ἐέἓῇῗῗὴῗῑὲἷξ’ἓῧξὲἓῗὲξὲοἳαῗῑὲἓ
1686 3003 1971 3160 xm:
1972 3024 2079 3144 ⁰13¹?
2081 3004 2216 3143 ‘³323
2238 3015 2499 3144 ‘3220202
2508 3003 2947 3160 ¹¹¹¹pa⁰mm¹¹zor¹33

535 3162 746 3221 electio
800 3161 1124 3221 necessario
1179 3161 1556 3238 concipienda
1607 3169 1699 3220 est
1752 3163 2157 3223 antecedenter
2198 3162 2275 3222 ad
2318 3163 2615 3222 decretum
2654 3163 2948 3223 missionis

541 3239 784 3318 Christi3
830 3241 976 3300 Cum
1019 3241 1172 3300 enim
1212 3241 1518 3318 primarius
1559 3259 1771 3318 scopus
1810 3243 1936 3319 eJus
1964 3242 2255 3302 missionis
2280 3241 2455 3302 fuerit
2490 3243 2725 3302 omnino
2750 3263 2948 3303 comm

537 3320 714 3396 salus,
743 3321 904 3398 prius
931 3319 1294 3400 supponendi
1321 3329 1456 3381 sunt
1483 3319 1655 3380 electi
1680 3339 1785 3398 pro
1812 3321 2023 3397 quibus
2050 3322 2338 3397 veniebat,
2368 3341 2541 3398 quam
2574 3322 2648 3381 de
2674 3323 2947 3382 missione

535 3400 856 3476 cogitatum
883 3400 998 3460 sit:
1042 3400 1307 3460 Christus
1333 3401 1489 3460 enim
1515 3420 1634 3461 non
1660 3399 1873 3460 missus
1894 3409 1984 3460 est
2002 3410 2069 3461 ut
2094 3401 2183 3460 illi
2198 3401 2595 3478 seligerentur,
2627 3401 2733 3461 sed
2748 3411 2949 3462 contra

537 3479 701 3538 venit
725 3489 792 3540 ut
817 3499 924 3559 pro
950 3479 1068 3539 illis
1097 3499 1159 3540 se
1201 3480 1467 3557 sisteret3
1511 3481 1657 3540 alias
1698 3479 1993 3539 debebunt
2018 3480 2189 3540 electi
2226 3480 2467 3557 Mundo,
2499 3480 2658 3558 quod
2684 3480 2948 3542 Christus

539 3557 894 3638 Redemptor
917 3579 1023 3638 pro
1049 3559 1193 3637 ipsis
1219 3559 1431 3620 missus
1459 3559 1648 3636 fuerit,
1680 3577 1799 3616 non
1828 3559 2086 3618 Mundus
2112 3559 2331 3636 electis,
2360 3579 2493 3620 cum
2508 3567 2705 3620 tamen
2729 3561 2945 3620 benefi-

530 3639 625 3699 cia
645 3639 854 3716 omnia,
877 3639 1090 3718 quibus
1117 3639 1218 3697 alii
1241 3639 1506 3698 homines
1531 3657 1735 3698 omnes
1760 3638 2075 3716 potiuntur,
2104 3638 2307 3698 electis
2332 3647 2569 3718 accepta
2592 3639 2743 3698 ferre
2770 3640 2940 3699 debe·

529 3725 650 3794 ant,
682 3738 926 3796 quorum
955 3737 1130 3778 causa
1145 3719 1368 3778 'coslum
1395 3726 1454 3777 et
1479 3726 1634 3777 terra
1660 3725 2047 3795 perseverant,
2079 3719 2401 3778 corniitura
2426 3719 2597 3779 simul
2622 3718 2729 3779 ubi
2746 3739 2943 3780 eorum

533 3813 810 3857 numerus
839 3805 1270 3859 consummatus
1311 3797 1501 3873 fuerit,
1567 3817 1775 3858 uorum
1814 3797 2030 3875 pariter
2054 3817 2231 3858 causa
2258 3796 2523 3858 Christus
2562 3799 2845 3876 apparuit,
2889 3805 2949 3857 et

538 3875 926 3952 Evangelium
979 3876 1363 3955 praedicatur:
1436 3875 1534 3936 Un
1576 3894 1609 3935 e
1656 3885 1819 3954 patet
1870 3896 1987 3936 non
2030 3875 2289 3954 potuisse
2334 3876 2569 3936 decerni
2609 3878 2943 3938 missionem

535 3952 770 4028 Christi,
800 3955 942 4030 quin
969 3955 1142 4014 simul
1167 3954 1612 4032 designarentur
1637 3955 1743 4029 illi,
1772 3974 1879 4032 pro
1906 3956 2117 4033 quibus
2142 3955 2285 4015 solis
2311 3965 2592 4016 venturus
2618 3965 2759 4032 erat,
2790 3966 2851 4016 et
2880 3956 2941 4016 in

527 4050 776 4168 querum
805 4032 1050 4126 gratiam
1077 4034 1298 4126 electus
1325 4033 1436 4092 fuit
1461 4041 1522 4092 et
1548 4033 1967 4128 praeordinatus
1996 4034 2286 4095 Mediator
2310 4043 2371 4128 et
2399 4035 2587 4128 Caput
2612 4036 2687 4094 ab
2708 4044 2941 4131 aeterno.

529 4109 848 4250 ωιῑεεῖἒέἑ,
873 4111 1987 4268 ξὲῧᾝὲἕεᾚωᾟὲἒέἓωᾛᾚ
2010 4133 2434 4253 {xm
2460 4113 2805 4272 ffiiffmdm’
2814 4134 2949 4254 ‘³532

529 4267 832 4345 donandis,
863 4278 923 4328 et
950 4269 1034 4328 sic
1061 4276 1198 4328 sunt
1221 4269 1324 4345 qui
1351 4269 1741 4330 excluduntur
1766 4290 1802 4330 a
1827 4213 1943 4331 gde
1970 4273 2031 4330 in
2061 4272 2353 4332 Christum
2394 4272 2817 4350 consequenda,
2846 4275 2947 4352 qui

527 4354 724 4406 tamen
762 4366 882 4407 non
917 4347 1312 4408 excluduntur
1349 4349 1424 4408 ab
1465 4349 1622 4410 illius
1662 4349 2057 4429 redemptione
2096 4360 2157 4412 et
2194 4353 2437 4412 merito:
2480 4353 2604 4412 Nec
2630 4351 2946 4412 diffitentur

525 4425 615 4486 illi
642 4446 774 4486 eum
800 4426 1013 4505 quibus
1039 4427 1284 4504 agimus,
1314 4429 1414 4508 qui
1439 4447 1568 4487 eam
1607 4439 1907 4490 arcessunt
1946 4450 1983 4490 a
2020 4431 2205 4491 libero
2232 4432 2348 4491 Dei
2374 4430 2623 4508 decreto,
2654 4442 2715 4492 et
2740 4432 2945 4492 volunt

522 4515 830 4585 propterea
855 4506 972 4567 dici
1011 4506 1207 4584 potius
1231 4509 1441 4567 ᾱοπυω
1465 4509 1679 4587 Patris,
1708 4529 1887 4590 quam
1914 4512 2123 4570 donum
2149 4511 2273 4591 filii
2288 4535 2308 4570 .-
2350 4511 2495 4571 Cum
2524 4517 2719 4571 tamen
2750 4511 2941 4605 Scrip-

519 4593 652 4647 tura
675 4587 910 4665 passim,
939 4586 1090 4647 hanc
1118 4585 1348 4647 Christo
1387 4606 1506 4646 non
1545 4589 1739 4650 minus
1764 4607 1939 4668 quam
1966 4597 2176 4650 caetera
2202 4589 2397 4650 omnia
2434 4590 2590 4650 bona
2614 4591 2939 4668 spiritualia
