3300 5225
349 388 573 436 qums-r.
604 366 737 447 xv.]
1329 389 1408 427 m:
1437 389 1780 430 sommum.
2648 375 2758 431 119

348 529 668 602 σαιίοηίὀιιε,
702 537 755 587 et
780 528 1207 603 expositionibus
1222 549 1341 604 pro
1368 530 1685 587 authentica
1711 532 2000 605 habeatur,
2032 539 2085 589 et
2109 540 2170 589 ut
2197 552 2354 589 nemo
2381 551 2504 589 eam
2533 532 2762 607 rejicere

350 628 541 746 ςαῗῗε
557 609 1907 749 gzzoeigtzgzuzmbezrffsenmssontfficiomm
1957 688 2271 749 sententias
2313 688 2468 749 circa
2511 688 2762 751 Canonis

353 767 599 825 Concilii
641 786 906 842 sensum3
951 766 1089 824 dum
1117 765 1218 823 alii
1244 766 1463 825 nullam
1495 767 1645 827 inter
1673 766 2016 827 Versionem
2047 767 2214 826 istam
2243 776 2302 827 et
2331 768 2576 829 Fontem
2605 788 2758 829 com-

350 847 707 923 parationem
748 845 959 903 factam
988 864 1115 905 esse
1144 844 1365 921 volunt,
1410 846 1513 905 sed
1553 854 1778 907 tantum
1805 867 1937 907 cum
1967 846 2096 905 aliis
2123 847 2506 907 Versionibus
2534 847 2762 907 Latinis

352 945 481 1003 quae
516 924 1023 1001 circumferuntur5
1068 932 1136 984 ιιι
1162 926 1561 1000 Bellarminus,
1596 927 1882 1002 Serarius,
1919 928 2196 1003 SatmerO,
2232 928 2530 1004 Mariana,
2567 936 2627 987 et
2663 928 2764 987 alii

352 1005 693 1081 complures,
724 1005 826 1081 qui
866 1024 993 1063 eam
1020 1004 1195 1063 etiam
1220 1024 1299 1063 ex
1338 1003 1594 1065 fontibus
1622 1005 1834 1082 corrigi
1873 1014 1934 1065 et
1960 1006 2253 1066 emendari
2292 1026 2462 1084 posse
2489 1017 2760 1068 censent:

356 1084 481 1142 Alii
510 1104 647 1143 vero
674 1084 1063 1145 authenticam
1090 1103 1219 1142 eam
1260 1083 1523 1143 absolute
1565 1084 1913 1146 declaratam
1941 1106 2086 1160 esse,
2129 1094 2198 1145 ut
2232 1086 2435 1145 melior
2477 1086 2603 1145 dari
2645 1107 2760 1145 non

352 1163 552 1241 possit,
584 1172 643 1223 et
670 1164 935 1222 omnibus
963 1163 1315 1223 editionibus
1342 1164 1737 1242 cujuscunque
1779 1164 2069 1225 idiomatis
2108 1165 2464 1243 praeferenda
2503 1166 2596 1240 sit,
2641 1168 2758 1225 imo

350 1264 425 1301 ex
448 1263 563 1320 qua
590 1242 915 1320 primigenii
942 1242 1171 1302 codices
1198 1250 1399 1321 utpote
1420 1244 1674 1321 corrupti
1701 1243 2045 1303 emendandi
2074 1246 2206 1321 sint,
2231 1253 2298 1304 ut
2317 1246 2525 1320 Canus,
2559 1248 2758 1303 Valen-

352 1324 449 1398 tia,
488 1322 806 1397 Gom-donus,
844 1322 1160 1398 aretam-us,
1188 1324 1507 1399 Smrezim,
1552 1334 1613 1383 et
1650 1324 1769 1382 alii.
1856 1324 1973 1383 Sed
2013 1324 2114 1400 qui
2153 1324 2406 1400 penitius
2431 1325 2612 1384 verba
2653 1325 2756 1383 Ca—

352 1403 521 1540 {¹13⁸
532 1403 1105 1541 εἷ’ἑῒιέθωὲωὲῗ
1104 1410 1271 1542 ἳῗῗὲ
1315 1401 1489 1541 ‘'⁸32ss
1506 1504 1521 1519 -
1540 1402 1724 1541 ἚΡΟ
1727 1403 2756 1543 ³1‘t‘20‘0ttsstfitttmsssstttffi·

351 1561 509 1637 quod
536 1570 731 1639 aperte
759 1502 1407 1639 pgnunciavitJHaftioe
1428 1502 1728 1639 colloquii)
1739 1582 1870 1623 cum
1892 1503 2198 1623 ssainoldo.
2270 1563 2428 1622 Hinc
2446 1527 2762 1621 Xirnenius

355 1640 584 1700 Cardia.
616 1641 773 1719 praef.
804 1641 879 1700 ad
908 1641 1103 1701 Biblia
1132 1642 1562 1719 complutensis.
1598 1649 1950 1720 protestatur
1977 1662 2038 1702 se
2067 1643 2337 1701 Latinam
2363 1643 2619 1719 posuisse
2646 1662 2757 1701 me-

352 1721 509 1779 diam
534 1722 679 1780 inter
698 1723 1049 1781 Hebratcam
1076 1731 1131 1779 et
1154 1722 1436 1798 Groecam,
1462 1731 1732 1800 tanquam
1752 1724 1891 1782 duos
1917 1722 2044 1781 hinc
2071 1724 2199 1781 inde
2227 1725 2488 1798 htrones,
2519 1724 2762 1781 medeam

351 1810 537 1859 auoem
578 1804 793 1877 Jmm,
837 1803 938 1861 hoc
978 1810 1059 1860 est
1098 1803 1423 1861 Romanam
1462 1803 1576 1861 sive
1618 1803 1889 1863 Latinam
1930 1804 2261 1862 Ecclesiam.
2345 1802 2468 1863 Nec
2511 1801 2686 1861 fidem
2725 1822 2762 1861 a

353 1880 647 1940 sodalibus
680 1883 949 1958 impetrat
975 1882 1273 1956 Mariana,
1303 1902 1482 1958 quum
1523 1881 1672 1941 libro
1701 1881 1774 1941 de
1803 1882 1880 1940 V.
1911 1880 2192 1941 Versione
2221 1901 2348 1941 eam
2377 1902 2494 1941 non
2523 1882 2760 1941 minoris

352 1961 717 2020 authoritatis
738 1980 865 2020 esse
886 1961 983 2035 ait,
1008 1980 1181 2037 quam
1204 1960 1407 2036 fontes,
1432 1960 1533 2019 ubi
1554 1982 1686 2021 cum
1707 1960 1964 2021 fontibus
1984 1963 2272 2037 convenit,
2296 1961 2512 2039 alioqui
2529 1962 2760 2039 quando

352 2039 640 2118 discrepat
658 2040 1049 2099 excusandam
1070 2058 1224 2099 esse:
1257 2040 1390 2099 ideo
1412 2040 1591 2099 verba
1610 2041 1740 2114 ista,
1761 2042 1856 2099 ubi
1871 2062 1996 2099 cum
2009 2042 2260 2117 fontibus
2279 2043 2544 2116 convenit,
2571 2041 2760 2100 Index

352 2120 617 2197 Expurg.
658 2118 904 2193 induxit,
934 2126 995 2177 et
1022 2120 1205 2177 Ludo,
1235 2121 1305 2177 de
1336 2122 1490 2177 Tena
1520 2118 1676 2195 Isag.
1707 2118 1782 2177 ad
1823 2120 2016 2196 script.
2059 2120 2160 2178 lib.
2196 2124 2246 2195 1,
2278 2120 2411 2179 dist.
2444 2123 2498 2195 6,
2531 2130 2670 2179 sect.
2700 2124 2758 2195 3,

350 2218 603 2275 arguens
620 2198 959 2272 Marianam,
982 2198 1053 2255 Si
1082 2200 1323 2275 Vulqata
1344 2208 1481 2257 esset
1494 2199 1824 2273 authentica,
1850 2199 2052 2275 iuquit,
2075 2209 2344 2276 quatenus
2370 2220 2492 2259 cum
2505 2201 2762 2273 sontibus

350 2278 603 2337 convenit
609 2302 633 2350 ,·
662 2286 713 2335 et
732 2280 959 2354 quando
975 2276 1257 2352 discrepat
1274 2278 1487 2353 vitiosa,
1508 2280 1674 2353 Ergo
1691 2279 1932 2335 absolute
1953 2299 2064 2336 non
2080 2288 2216 2337 esset
2234 2279 2564 2353 authentica,
2589 2298 2762 2354 neque

342 2377 457 2434 per
499 2359 781 2416 decretam
826 2357 1213 2415 Tridentinum
1244 2360 1515 2433 majorem
1557 2360 1752 2433 quoad
1787 2377 1886 2415 nos
1928 2358 2126 2433 recipit
2167 2357 2548 2417 certitudinem
2591 2378 2761 2433 quam

350 2446 481 2495 ante
507 2439 753 2512 habebat,
784 2438 1012 2514 quando
1040 2436 1207 2495 etiam
1232 2445 1363 2497 ante
1388 2440 1670 2495 decretum
1695 2438 1796 2495 hoc
1823 2438 2094 2495 obtinebat
2130 2440 2228 2495 sub
2257 2437 2542 2513 praedicta
2569 2438 2756 2497 condi-

350 2518 513 2593 tione,
544 2519 675 2577 nim.
704 2517 1093 2577 convenientiae
1132 2538 1257 2575 cum
1278 2517 1549 2591 fontibus.
1631 2518 1798 2592 Ergo
1829 2516 2136 2579 C'oncilmm
2168 2516 2551 2577 Tridentinum
2591 2518 2672 2575 ita
2711 2518 2764 2577 m·

352 2599 607 2676 decrevit,
638 2600 777 2658 nihil
802 2600 873 2659 de
900 2619 1040 2657 novo
1067 2599 1137 2656 de
1174 2596 1291 2672 niit,
1320 2599 1423 2656 sed
1445 2598 1512 2658 lis
1538 2597 1830 2656 mansitat
1853 2605 2040 2656 antea.

955 2678 1075 2737 III.
1179 2698 1245 2736 os
1271 2697 1411 2736 vero
1438 2677 1547 2738 etsi
1576 2678 1653 2736 V.
1684 2677 2029 2738 Versionem
2055 2685 2121 2738 ut
2148 2678 2441 2755 antiquam
2477 2678 2537 2736 in
2575 2679 2759 2755 pretio

353 2751 525 2798 Venio
622 2753 835 2856 Vulgata
873 2759 1169 2833 habemus,
1228 2767 1421 2817 tamen
1488 2758 1878 2818 authenticam
1939 2777 2067 2816 esse
2127 2777 2425 2834 negamus.
2502 2760 2552 2816 1.
2611 2759 2760 2832 Quia

410 2816 603 2915 ssssssf⁵¹²
632 2817 717 2858 ⁸¹¹⁸
752 2827 833 2858 ‘³¹²'
872 2838 1125 2897 humana
1164 2837 1449 2897 industria
1475 2847 1565 2897 est
1590 2837 1900 2913 elaborata,
1931 2857 2048 2896 non
2077 2857 2216 2896 vero
2245 2838 2542 2897 authorem
2585 2837 2760 2897 habet

871 2917 1213 2988 Situ-nvem,
1237 2917 1393 2995 quod
1414 2917 1591 2980 editio
1607 2917 1940 2976 authentica
1965 2917 2237 2994 postulat.
2301 2917 2450 2974 Nam
2481 2915 2604 2974 sive
2633 2917 2760 2993 ejus

352 2996 559 3056 author
586 3004 871 3056 statuatur
914 2999 1323 3076 Hieronymus,
1355 3008 1421 3057 ut
1447 2999 1654 3057 volunt
1683 2996 1988 3072 Pontificii,
2021 2996 2144 3056 sive
2173 3004 2305 3056 ante
2335 2995 2758 3073 Hieronymum

350 3075 499 3136 alius
528 3076 811 3154 quispiam
852 3078 955 3154 qui
981 3077 1324 3138 Versionem
1367 3077 1577 3136 Italam
1615 3085 1676 3136 et
1703 3074 2020 3152 vulgatam
2061 3075 2275 3134 dictam
2309 3075 2755 3150 concinnaverit,

352 3156 477 3214 sive
524 3156 725 3214 Sixtus
753 3157 829 3214 V.
859 3166 919 3217 et
947 3158 1213 3217 Clemens
1243 3156 1424 3216 VIII.
1454 3157 1555 3234 qui
1581 3163 1838 3214 veterem
1865 3156 2134 3214 usitatam
2177 3155 2238 3213 in
2266 3155 2532 3214 Ecclesia
2559 3156 2758 3216 multis

353 3233 540 3292 modis
568 3245 955 3311 correxerunt,
985 3257 1154 3296 nemo
1182 3257 1259 3296 ex
1285 3236 1402 3296 illis
1429 3236 1539 3295 fuit
1563 3233 1906 3300 θεόπνευστος.

435 3313 545 3373 IV.
590 3318 645 3372 2.
690 3315 838 3388 Quia
864 3335 971 3374 nec
998 3327 1131 3376 ante
1159 3317 1453 3376 decretum
1482 3315 1742 3391 Concilii,
1773 3336 1880 3374 nec
1913 3323 2045 3392 post
2071 3313 2180 3374 fuit
2207 3313 2554 3374 authentica.
2625 3315 2680 3374 N
2683 3336 2758 3373 on

354 3401 485 3452 ante
503 3394 639 3469 quia
665 3395 879 3454 multos
906 3396 1107 3456 habuit
1134 3415 1372 3470 errores,
1404 3413 1550 3474 quos
1576 3394 1757 3454 libere
1785 3393 2138 3471 redarguunt
2154 3394 2302 3452 varii
2322 3414 2394 3452 ex
2417 3393 2754 3470 Pontificiis,

354 3471 409 3532 N
412 3473 629 3532 icolaus
658 3474 831 3551 Lyra,
855 3475 923 3534 P.
948 3476 1284 3554 Burgensis,
1312 3473 1547 3550 Dried0,
1582 3474 1746 3533 Hier.
1777 3475 1851 3534 ab
1879 3475 2159 3551 Oleastr0,
2193 3475 2517 3548 Caietanus,
2549 3483 2607 3544 et
2635 3475 2753 3550 alii,

352 3553 637 3630 praecipue
667 3553 927 3616 Isidorus
956 3556 1195 3631 Clarius,
1228 3555 1329 3632 qui
1354 3555 1649 3630 octoginta
1677 3553 1860 3614 millia
1887 3573 2140 3614 errorum
2167 3554 2226 3612 in
2250 3553 2490 3631 vulgata
2513 3555 2662 3614 Lati.
2693 3575 2756 3616 se

354 3631 689 3692 observasse
717 3633 877 3694 dicit.
964 3635 1165 3694 Sixtus
1197 3633 1484 3708 Senensis,
1516 3633 1618 3693 lib.
1655 3635 1711 3710 8,
1745 3633 1956 3692 Biblio.
1985 3633 2063 3694 ad
2101 3631 2292 3692 finem.
2375 3636 2624 3710 Inqenue
2649 3637 2753 3708 fa-

354 3720 534 3770 temur
573 3720 627 3768 et
662 3733 763 3772 nos
803 3717 1001 3774 multos
1030 3735 1253 3774 errores
1280 3716 1349 3774 ab
1376 3713 1728 3790 Hieronymo
1755 3717 2074 3772 mandatos
2101 3715 2158 3772 in
2183 3714 2358 3772 veteri
2383 3715 2751 3789 traductione,

350 3801 405 3850 et
428 3791 683 3848 similiter
708 3793 765 3851 in
791 3795 898 3853 hac
923 3805 1121 3854 nostra
1146 3814 1292 3854 nova
1309 3793 1543 3852 editione
1562 3797 1860 3854 nonnullas
1879 3795 2119 3852 inveniri
2141 3797 2387 3869 mendas,
2407 3795 2750 3871 soloecismo-5,

349 3871 744 3947 barbarism,
774 3882 829 3932 et
870 3877 1047 3933 multa
1079 3895 1295 3950 parum
1334 3876 1747 3934 accommodate
1785 3894 1966 3950 versa,
2011 3883 2066 3932 et
2102 3874 2283 3932 mmm
2322 3875 2528 3934 Latine
2569 3895 2752 3950 versa,

350 3952 576 4010 obscure
593 3960 649 4009 et
662 3953 915 4028 ambigue
931 3954 1315 4030 interpretata,
1347 3955 1581 4030 itemque
1607 3957 1880 4014 nonnulla
1896 3955 2282 4030 superaddita,
2307 3955 2504 4032 aliqua
2529 3955 2750 4030 omissa,

348 4033 609 4108 quadam
650 4034 1007 4108 transposita,
1052 4035 1359 4108 immutata,
1402 4054 1473 4092 ac
1510 4034 1640 4093 vit-io
1681 4035 2032 4110 Scriptorum
2072 4036 2404 4110 depravata,
2448 4054 2573 4110 quae
2597 4037 2752 4111 Paq-

348 4112 529 4186 ninus,
576 4113 901 4189 Oleum-ius,
958 4115 1237 4190 Vatablus,
1286 4114 1604 4188 caietanus,
1648 4114 2192 4190 interpretationibus
2233 4123 2286 4172 et
2324 4115 2753 4192 monitionibus

348 4191 463 4252 sua
490 4192 847 4267 judicarunt.
932 4194 1097 4252 Certe
1127 4193 1177 4254 si
1216 4195 1604 4253 authenticam
1633 4203 1804 4267 antea
1838 4194 2161 4272 judicasset
2191 4193 2312 4254 Leo
2341 4195 2426 4254 X.
2459 4194 2748 4270 Pontifex,

348 4291 465 4330 non
510 4271 715 4331 fuisset
756 4272 965 4332 author
1011 4274 1070 4332 S.
1115 4273 1377 4351 Pagnino
1424 4274 1672 4336 Lucensi
1713 4293 1926 4333 novam
1971 4274 2248 4334 adornare
2293 4275 2636 4350 versionem,
2683 4293 2752 4332 eo

348 4351 505 4428 quod
533 4351 775 4411 vidisset
818 4352 1102 4413 celebrem
1144 4352 1304 4412 illam
1346 4354 1693 4431 Hieronymi
1733 4354 2056 4413 versionem
2096 4354 2394 4412 hominum
2434 4355 2656 4414 incuria
2694 4361 2754 4412 et

348 4439 669 4508 temporum
696 4432 925 4510 injuria,
956 4453 1169 4512 magna
1194 4454 1269 4492 ex
1296 4443 1457 4510 parte
1486 4434 1583 4493 vel
1608 4434 1968 4494 intercidisse
1996 4434 2092 4492 vel
2121 4443 2444 4512 corruptam
2461 4433 2656 4506 fuisse,
2686 4441 2752 4492 ut

346 4512 521 4571 refert
566 4512 767 4572 Sixtus
813 4513 1020 4572 Senen.
1054 4514 1180 4572 Lib.
1210 4518 1268 4573 4.
1353 4514 1485 4572 Non
1524 4523 1715 4592 potest
1743 4514 1915 4574 etiam
1944 4513 2057 4573 dici
2086 4514 2416 4572 authentica
2441 4522 2574 4590 post
2601 4513 2748 4570 Con-

348 4591 561 4666 cilium,
592 4593 731 4668 quia
758 4613 873 4651 non
912 4594 1100 4670 potuit
1131 4593 1450 4654 Concilium
1479 4595 1866 4654 authenticam
1907 4593 2111 4668 facere,
2141 4614 2272 4670 quae
2299 4601 2432 4652 ante
2459 4612 2576 4650 non
2606 4591 2748 4666 fuit3

346 4680 413 4730 ut
438 4673 592 4730 enim
620 4673 828 4732 librum
858 4694 975 4732 non
1003 4675 1519 4749 Canonicum,.non
1554 4683 1744 4752 potest
1773 4673 2124 4734 Canonicum
2151 4673 2355 4746 facere,
2387 4671 2490 4730 sed
2527 4679 2750 4730 tantum

348 4750 671 4829 declarare;
716 4753 798 4814 sic
840 4771 957 4813 non
998 4763 1187 4832 potest
1216 4753 1540 4814 versionem
1584 4754 1970 4814 authenticam
2013 4753 2214 4826 faeere,
2251 4753 2360 4810 hoc
2389 4750 2543 4810 enim
2573 4751 2750 4812 solius
