3300 5225
542 243 660 302 574
1505 257 1686 300 Locus
1713 256 1923 300 nonus.
2613 235 2900 317 [Qus-*sm
2935 261 2992 298 x.

632 399 823 460 XIX.
867 397 1147 474 Quamvis
1174 404 1471 475 peceatum
1500 396 1825 456 remittatur
1849 393 2202 473 parentibus,
2247 412 2364 452 non
2390 393 2584 454 minus
2613 403 2831 458 tamen
2882 418 2992 475 po-

551 486 667 538 test
692 477 1005 538 transmitti
1045 477 1106 534 in
1132 484 1411 554 posteros,
1442 475 1580 552 quia
1618 475 1859 534 remisso
1897 481 2080 546 ream,
2109 480 2305 531 manet
2345 493 2568 550 semper
2609 477 2884 552 macula,
2935 480 2990 536 si

540 577 669 616 non
690 577 765 615 ex
786 564 925 630 toto,
952 555 1156 615 saltem
1174 573 1252 616 ex
1271 563 1462 632 parte3
1507 553 1662 614 unde
1683 562 1748 614 ut
1767 551 2138 612 circumcisus
2157 560 2398 627 generat
2414 554 2862 630 praeputiaum,
2899 557 2988 614 ita

550 637 723 694 homo
744 635 933 694 fidelis
958 642 1018 692 et
1037 634 1333 710 regenitus
1352 639 1594 710 generat
1610 640 1942 708 corruptum
1969 639 2028 691 et
2053 629 2444 706 irregenitum,
2463 633 2600 707 quia
2625 653 2752 691 non
2777 654 2981 712 gene-

548 723 639 773 rat
665 733 769 790 per
795 713 1058 790 gratiam,
1090 711 1194 772 sed
1218 732 1323 789 per
1348 720 1631 786 naturam,
1661 719 1727 772 ut
1766 730 1842 769 ex
1882 728 2065 786 grano
2105 728 2142 766 a
2179 709 2347 786 palca
2381 719 2645 786 purgato,
2689 713 2982 774 nascitur

548 811 796 930 ετῗίῃὶιὲ
825 791 1311 930 {ffiffiedaguum
1340 878 1475 932 sunt
1502 829 1705 943 sancti,
1739 870 1770 926 1
1804 867 1933 927 Cor.
1963 866 2064 924 vii.
2098 869 2190 942 14,
2217 885 2338 925 non
2365 865 2586 927 ratione
2611 868 2970 930 immunita-

548 950 625 1010 tis
652 949 726 1008 ab
754 949 911 1008 omni
937 958 1191 1025 peccato,
1214 967 1332 1025 quo
1358 967 1534 1008 sensu
1558 966 1729 1005 nemo
1755 955 1845 1006 est
1872 945 2198 1004 mortalium
2215 945 2319 1022 qui
2345 946 2467 1004 sine
2495 955 2733 1023 peccato
2763 949 2964 1028 vivat,

550 1033 581 1086 1
608 1028 652 1087 J
656 1049 707 1088 o.
736 1029 775 1087 i.
806 1031 872 1104 83
921 1027 1038 1086 Sed
1063 1027 1286 1086 ratione
1312 1026 1730 1087 communionis
1757 1044 1888 1085 cum
1916 1024 2195 1098 Ecclesia,
2226 1044 2262 1081 a
2287 1044 2404 1100 qua
2428 1025 2530 1101 qui
2555 1026 2966 1087 excluduntur

545 1115 855 1166 censentur
894 1106 1118 1186 profani
1162 1115 1220 1165 et
1260 1106 1559 1164 immundi.
1619 1105 1902 1164 Sanctitas
1941 1119 2081 1179 ergo
2122 1103 2236 1160 ista
2271 1112 2364 1163 est
2391 1104 2581 1180 potius
2616 1108 2866 1165 relativa
2893 1117 2960 1166 et

532 1187 848 1262 [πᾶα-αἰῶ,
878 1205 1053 1263 quam
1080 1185 1383 1244 inhaerens.
1454 1185 1533 1242 Et
1558 1184 1824 1261 quamvis
1862 1180 2047 1241 sancti
2083 1170 2409 1242 (liberentur
2433 1182 2794 1260 inhaerenter,
2827 1205 2954 1246 non

550 1273 903 1327 everteretur
930 1263 1061 1322 ideo
1088 1265 1305 1322 veritas
1332 1263 1553 1340 peceati
1578 1262 1894 1338 originalis,
1925 1261 2062 1337 quia
2103 1261 2379 1321 sanch'tas
2403 1261 2518 1322 ista
2543 1274 2698 1322 esset
2723 1262 2948 1324 benefi-

548 1343 703 1402 cium
731 1344 949 1420 gratiae,
979 1363 1095 1402 non
1123 1342 1493 1419 privilegium
1530 1349 1770 1416 naturae,
1798 1360 1972 1417 quam
1997 1339 2214 1401 habent
2237 1358 2356 1398 non
2379 1361 2419 1398 a
2443 1360 2524 1415 se,
2557 1341 2654 1400 vel
2679 1361 2715 1402 a
2741 1363 2954 1420 paren-

549 1422 723 1497 tibus,
756 1423 861 1482 sed
886 1443 923 1481 a
952 1422 1171 1498 Spiritu
1200 1421 1414 1480 Christi
1438 1420 1641 1480 fideles
1669 1427 2001 1478 renovante.

631 1501 821 1559 XXI.
866 1500 1145 1574 Quamvis
1174 1500 1245 1558 B.
1281 1499 1469 1575 Virgo
1494 1517 1700 1558 revera
1725 1497 1896 1557 fuerit
1919 1497 2295 1576 mmm-apim,
2345 1507 2405 1556 et
2443 1517 2562 1574 prae
2591 1500 2816 1559 caeteris
2839 1501 2948 1560 foe-

548 1580 722 1638 minis
762 1599 797 1638 a
826 1580 953 1637 Deo
980 1579 1194 1637 dilecta
1220 1586 1279 1636 et
1305 1577 1505 1652 electa,
1554 1586 1621 1636 ut
1646 1584 1903 1654 gestaret
1928 1577 1990 1634 in
2016 1585 2182 1636 utero
2207 1585 2268 1634 et
2311 1585 2537 1652 pareret
2566 1577 2680 1636 Dei
2707 1579 2946 1656 Filium,

548 1667 608 1716 et
634 1677 771 1716 vere
810 1665 1113 1735 propterea
1137 1656 1378 1731 θιοτόκος,
1422 1657 1704 1730 Deipara,
1737 1655 1994 1731 dicatur;
2038 1656 2172 1714 Non
2211 1655 2404 1714 obstat
2445 1663 2640 1716 tamen
2667 1657 2952 1718 eximium

548 1736 698 1794 illud
724 1745 785 1794 et
818 1735 989 1813 plane
1030 1735 1323 1812 singulare
1362 1735 1751 1811 privilegium,
1781 1753 1896 1810 quo
1937 1734 2000 1792 in
2038 1733 2356 1794 maximum
2382 1735 2675 1794 felicitatis
2701 1737 2954 1812 gradum

550 1822 756 1874 evecta
782 1822 887 1889 est,
917 1814 1225 1891 quominus
1250 1813 1541 1874 communi
1566 1833 1726 1873 more
1754 1821 2089 1872 caeterorum
2117 1812 2431 1887 hominum,
2461 1813 2522 1872 in
2563 1823 2622 1873 et
2653 1835 2790 1874 cum
2815 1836 2955 1893 pec-

548 1900 681 1952 eato
708 1892 977 1970 originali
998 1900 1277 1970 concepta
1302 1900 1360 1952 et
1380 1899 1517 1950 nata
1544 1891 1635 1952 sit.
1686 1895 1737 1950 1.
1759 1892 1908 1968 Quia
1932 1891 2094 1950 labes
2119 1891 2224 1949 illa
2243 1893 2511 1952 omnibus
2529 1892 2594 1952 in
2610 1893 2955 1954 universum

548 1971 879 2032 hominibus
926 1971 1197 2032 tribuitur
1234 1971 1297 2029 in
1342 1971 1655 2047 Scriptura,
1699 1971 1926 2030 nemine
1967 1971 2080 2030 nisi
2121 1970 2244 2030 solo
2284 1970 2514 2031 Christo
2553 1981 2819 2049 excepto,
2847 1974 2956 2050 qui

546 2051 679 2111 ideo
708 2071 823 2109 non
851 2051 1080 2128 genitus
1108 2059 1197 2110 est
1222 2051 1321 2109 via
1360 2050 1649 2110 ordinaria
1675 2050 1780 2108 sed
1806 2048 2256 2108 extraordinarie
2283 2058 2596 2127 conceptus
2621 2071 2698 2109 ex
2727 2052 2958 2129 Spiritu

550 2129 780 2206 Sancto,
812 2139 872 2189 et
898 2129 972 2188 ab
1001 2128 1231 2188 Adamo
1260 2136 1420 2188 ortus
1447 2139 1512 2189 ut
1528 2129 1815 2205 Jm‘ncrpio
1841 2129 2128 2188 materiali
2163 2135 2404 2204 tantum,
2434 2148 2551 2186 non
2576 2137 2644 2188 ut
2755 2131 2769 2144 ‘
2847 2132 2862 2144 ‘
2911 2134 2926 2146 '

548 2210 750 2268 activo.
794 2213 851 2267 2.
884 2208 1032 2283 Quia
1070 2209 1196 2284 ipsa
1230 2227 1375 2285 opus
1402 2208 1605 2266 habuit
1658 2208 1980 2282 Servatore,
2009 2226 2182 2284 quem
2209 2215 2276 2266 ut
2303 2225 2470 2267 suum
2499 2209 2768 2284 celebrat,
2805 2210 2956 2270 Luc.

546 2287 588 2348 i.
618 2291 715 2347 47.
738 2367 751 2380 ·
786 2290 842 2346 3.
874 2287 1023 2362 Quia
1062 2287 1277 2346 veteris
1318 2287 1499 2363 Legis
1517 2286 1835 2379 sacrificia,
1867 2305 1997 2362 quoe
2023 2305 2142 2344 non
2169 2285 2292 2345 sine
2328 2287 2958 2380 ‘peceati-confessione

554 2363 2960 2525 {izttnffizssgzffii‘ziffltrssffiffifflffiffljtgffissgz

555 2531 668 2599 tur,
712 2524 756 2583 J
759 2543 887 2582 oan.
916 2523 976 2582 ii.
1006 2527 1063 2598 4,
1117 2524 1257 2584 Luc.
1286 2524 1347 2583 ii.
1396 2525 1495 2600 49,
1538 2530 1598 2583 et
1642 2523 1766 2583 viii.
1806 2525 1896 2598 19,
1941 2525 2038 2598 20,
2083 2525 2179 2598 21,
2223 2523 2520 2582 calamitas
2559 2531 2620 2582 et
2659 2544 2958 2600 aerumnae,

556 2623 687 2680 quse
714 2610 851 2665 sunt
876 2602 1098 2681 peccati
1125 2602 1365 2679 fructus,
1394 2624 1523 2680 quse
1564 2602 1814 2663 animam
1843 2603 1969 2680 ejus
1996 2601 2334 2679 transfigere
2361 2602 2701 2680 debuerunt,
2715 2603 2865 2664 Luc.
2891 2605 2959 2665 ii.

554 2685 653 2742 35.
725 2683 967 2758 Quantae
994 2682 1207 2743 fuerint
1234 2703 1406 2760 super
1430 2684 1542 2742 hoc
1568 2690 1910 2759 argumento
1937 2682 2334 2741 contentiones
2360 2681 2422 2739 in
2444 2682 2514 2740 E.
2546 2681 2618 2742 R.
2647 2684 2802 2741 inter
2831 2684 2960 2745 Do·

554 2761 889 2837 minicanos,
922 2762 1355 2837 Franciscanos,
1386 2769 1447 2821 et
1472 2763 1517 2821 J
1519 2765 1756 2836 esui‘tas,
1799 2761 1930 2820 istis
1957 2760 2388 2819 immaculatum
2415 2761 2486 2819 B.
2517 2761 2596 2820 V.
2626 2764 2960 2840 conceptio-

554 2860 691 2899 nem
717 2840 1123 2914 asserentibus,
1152 2840 1271 2897 illis
1298 2858 1437 2898 vero
1464 2840 1829 2916 negantibus,
1858 2839 2075 2897 nemini
2109 2838 2374 2915 ignotum
2401 2858 2529 2899 esse
2567 2847 2798 2917 potest:
2845 2842 2958 2900 Er·

556 2940 651 2978 ror
677 2920 909 2978 videtur
954 2918 1202 2994 primum
1242 2925 1405 2975 ortus
1442 2936 1477 2974 a
1504 2918 1809 2976 Canonicis
1851 2917 2340 2993 Lugdunensibus
2363 2918 2521 2977 'circa
2545 2938 2637 2979 an.
2671 2922 2848 2995 1136,
2879 2940 2960 2981 ex

554 2998 865 3056 immodico
906 2996 967 3053 in
994 2996 1067 3053 B.
1089 2994 1394 3072 Virginem
1422 2994 1599 3069 cultu,
1630 3002 1691 3053 et
1731 3014 1766 3053 a
1799 2995 2077 3055 Bet-nard.
2107 2996 2274 3073 epist.
2308 2998 2442 3073 174,
2471 3005 2534 3057 et
2575 2998 2960 3060 Scholasticis

556 3075 715 3133 illius
744 3074 853 3134 aevi
880 3072 1181 3133 refutatus.
1264 3073 1367 3131 Lis
1407 3091 1547 3132 vero
1586 3081 1866 3133 renovata
1903 3082 2105 3166 postea
2144 3074 2334 3133 acrius
2359 3076 2515 3135 circa
2553 3096 2646 3135 an.
2685 3079 2864 3154 1300,
2895 3087 2961 3139 et

556 3161 821 3229 porrecta
858 3172 1043 3229 usque
1082 3151 1159 3211 acl
1199 3170 1292 3210 an.
1326 3153 1498 3227 1439,
1542 3172 1661 3229 quo
1702 3152 2020 3213 Consilium
2047 3153 2383 3213 Basileense
2415 3155 2569 3216 Sess.
2600 3157 2696 3229 36,
2724 3156 2790 3213 in
2817 3176 2956 3233 gra·

556 3233 697 3291 tiam
727 3232 1239 3290 Franciscanorum
1266 3231 1684 3308 pronunciavit,
1715 3232 1872 3309 quod
1897 3240 2100 3309 postea
2129 3232 2331 3291 Sixtus
2360 3232 2472 3291 IV.
2501 3252 2593 3296 an.
2625 3236 2782 3293 1476
2809 3254 2956 3295 con-

556 3310 825 3386 firmavit,
856 3319 915 3372 et
940 3330 976 3369 a
1004 3310 1261 3370 Concilio
1289 3309 1627 3371 Tridentino
1655 3312 2049 3388 approbatum,
2079 3310 2312 3369 tandem
2339 3311 2428 3369 ab·
2443 3311 2784 3373 Alexandro
2799 3314 2954 3374 VII.

556 3410 649 3449 an.
682 3392 834 3449 1661
878 3410 983 3467 per
1020 3410 1233 3451 novam
1276 3390 1509 3451 Bullam
1549 3390 1834 3449 sancitum
1873 3396 1980 3465 est,
2009 3398 2076 3449 ut
2114 3409 2220 3466 pro
2249 3390 2528 3449 Ecclesiae
2575 3390 2849 3468 dogmate
2889 3393 2956 3451 in

553 3478 849 3547 posterum
876 3470 1171 3530 habeatur.
1216 3469 1330 3545 Qui
1354 3469 1522 3547 plura
1547 3468 1812 3543 voluerit,
1835 3468 2008 3527 adeat
2027 3468 2222 3529 Celeb.
2245 3470 2483 3545 Heideq.
2508 3470 2754 3531 Dissert.
2781 3472 2954 3531 xviii.

556 3549 629 3608 de
661 3549 1047 3626 Conceptione
1078 3549 1297 3625 Mariae,
1326 3548 1429 3625 qui
1454 3548 1752 3606 historiam
1778 3547 1948 3606 istius
1967 3546 2094 3613 ,litis
2121 3547 2248 3606 fuse
2274 3550 2654 3626 persequitur.

676 3628 902 3687 XXII.
948 3628 1019 3685 In
1046 3628 1267 3705 peccati
1313 3628 1727 3705 propagatione
1767 3626 2035 3685 accidens
2077 3645 2194 3685 non
2233 3626 2445 3687 transit
2483 3628 2558 3687 de
2591 3627 2866 3706 ,subjecto
2891 3628 2956 3687 in

554 3708 898 3785 subjectum,
956 3706 1094 3784 quia
1140 3706 1463 3783 subjectum
1500 3704 1898 3768 immediatum
1957 3705 2181 3781 peccati
2227 3724 2346 3764 non
2389 3714 2482 3765 est
2535 3724 2798 3784 persona,
2847 3708 2954 3767 sed

552 3796 761 3847 natura
784 3786 1052 3859 humana,
1095 3805 1199 3863 per
1223 3785 1509 3845 achialem
1554 3804 1815 3862 personne
1855 3784 2370 3861 transgressionem
2411 3786 2630 3861 vitiata,
2673 3804 2790 3862 qua
2819 3804 2954 3863 pos·

550 3865 693 3923 teris
734 3864 1167 3939 communicata,
1210 3864 1666 3924 communicatur
1709 3863 1883 3921 etiam
1929 3862 1992 3919 in
2037 3882 2108 3921 ea
2148 3864 2272 3921 haec
2311 3863 2598 3925 inhaerens
2643 3865 2953 3941 corruptio.

556 3942 642 4001 Ut
677 3962 817 4019 ergo
845 3943 906 4001 in
933 3942 1165 4002 Adamo
1182 3962 1434 4018 persona
1460 3941 1659 4001 infecit
1682 3950 1986 4001 nauco-am.-
2027 3943 2124 4003 Ita
2149 3942 2210 4000 in
2245 3942 2492 4019 posteris
2517 3952 2732 4003 namra
2770 3942 2956 4003 infieit

590 4040 865 4079 ersomm.

542 4040 591 4098 p
634 4098 897 4158 XXIII.
940 4099 1105 4157 Licet
1130 4098 1337 4159 modus
1379 4097 1810 4176 propagationis
1851 4099 2073 4177 peccati
2113 4099 2193 4159 sit
2233 4099 2527 4174 obscurus,
2573 4108 2635 4161 et
2659 4100 2953 4179 explicatu

550 4176 835 4252 difficilis3
880 4178 1013 4239 Non
1039 4176 1170 4235 ideo
1210 4178 1339 4255 ipsa
1362 4178 1718 4254 propagatio,
1761 4198 1936 4255 quam
1965 4179 2263 4256 Scriptura
2301 4188 2420 4239 tam
2447 4180 2600 4238 elate
2627 4180 2849 4255 asserit,
2891 4190 2954 4239 et

549 4255 905 4333 experientia
932 4254 1247 4331 confirmat,
1277 4256 1544 4333 neganda
1573 4266 1680 4317 est.
1738 4258 1892 4332 Quid
1911 4268 2104 4321 autem
2125 4258 2198 4317 de
2219 4259 2394 4319 modo
2421 4258 2854 4337 propagationis
2875 4259 2953 4319 sit

546 4334 910 4397 sentiendum
937 4333 1215 4413 peculiari
1242 4336 1570 4411 Quaestione
1597 4337 1938 4397 excutietur.

1712 5184 2690 5225 i

1912 5186 2061 5209 Αι-
2743 5182 3172 5197 ’'q—q

3116 340 3152 423 1
3202 333 3203 424 j

3142 428 3179 503 ἱ·
