3300 5225
401 351 620 401 ova-:sau
654 331 766 414 xa]
1319 354 1396 394 m:
1428 355 2019 396 ιίιΛςιηιειίΝΑτιοκε.
2694 339 2809 398 325

403 494 623 553 electus
651 501 740 552 est
765 493 1043 571 eredens3
1089 494 1194 554 sed
1219 497 1521 574 posterius,
1553 495 1626 555 de
1655 516 1770 573 quo
1799 497 1893 555 hic
1920 496 2129 574 agitur,
2162 505 2425 574 negatur.
2498 496 2657 556 Hinc
2683 496 2815 556 loca

403 591 534 650 quae
559 581 824 632 statuunt
850 574 1138 634 neminem
1165 575 1279 634 nisi
1319 575 1648 635 credentem
1692 577 1929 652 servari,
1960 577 2209 653 probant
2236 576 2471 654 quidem
2498 576 2809 636 necessita-

403 663 520 714 tem
561 652 699 712 fidei
739 652 816 711 ad
856 655 1100 714 salutem
1142 655 1606 733 consequendam
1647 656 1710 713 in
1737 666 2012 733 tempore,
2059 656 2163 715 sed
2190 677 2307 715 non
2334 656 2471 715 fidei
2512 656 2809 734 praevisio-

403 753 554 809 nem,
585 753 715 812 quae
757 733 1036 793 electione
1078 733 1154 794 sit
1192 735 1350 812 prior
1390 735 1464 794 ab
1506 745 1755 812 aetern03
1803 737 1941 813 quia
1980 736 2143 795 aliud
2169 745 2259 796 est
2287 737 2479 795 Deum
2508 736 2660 794 velle
2688 755 2809 796 cre·

403 813 608 872 dentes
635 833 883 891 servare,
913 813 1074 872 aliud
1099 813 1425 874 decrevisse
1467 835 1567 875 eos
1595 814 1837 892 salvare,
1869 817 2007 893 quia
2031 815 2302 894 praevidit
2328 836 2429 875 eos
2470 815 2807 875 credituros.

484 892 746 952 XXXI.
793 893 859 952 Si
887 894 1049 953 Deus
1091 893 1279 952 salvat
1306 893 1605 954 credentes
1633 914 1749 972 qua
1790 896 1952 970 tales,
1998 896 2259 972 sequitur
2284 895 2519 973 quidem
2548 915 2680 955 eum
2709 895 2807 954 de-

403 972 656 1032 crevisse
683 992 783 1033 eos
811 972 1038 1032 salvare
1066 993 1183 1050 qua
1209 974 1372 1048 tales,
1418 973 1522 1032 sed
1547 994 1665 1033 non
1693 994 1808 1052 qua
1834 976 1979 1034 tales
2008 975 2254 1052 elegisse
2275 975 2351 1034 ad
2380 977 2641 1050 salutem,
2674 975 2813 1053 quia

401 1052 548 1112 fides
576 1072 705 1130 quae
733 1063 823 1112 est
849 1073 1024 1112 causa
1052 1053 1272 1128 salutis,
1314 1063 1403 1112 est
1430 1063 1654 1113 tantum
1676 1053 1943 1114 effectum
1972 1063 2031 1114 et
2054 1055 2310 1114 medium
2338 1055 2674 1114 electionis:
2712 1055 2809 1114 Sic

400 1152 606 1192 verum
634 1141 723 1193 est
754 1134 942 1192 Deum
971 1133 1032 1190 in
1061 1141 1317 1210 tempore
1347 1153 1578 1192 servare
1606 1133 1811 1193 eodem
1836 1134 2011 1192 modo
2039 1154 2155 1211 quo
2183 1135 2441 1195 decrevit
2470 1153 2717 1210 servare,
2750 1145 2810 1194 et

400 1221 468 1272 ιιι
495 1221 690 1272 servat
709 1212 770 1270 in
799 1221 1052 1290 tempore
1079 1233 1184 1290 per
1208 1212 1400 1288 fidem,
1425 1213 1507 1272 ita
1535 1213 1861 1274 decrevisse
1882 1215 1956 1272 ab
1985 1223 2200 1274 aeterno
2228 1234 2459 1274 servare
2486 1235 2589 1292 per
2616 1214 2807 1288 fidem,

402 1291 482 1352 id.
511 1301 578 1352 ut
603 1291 748 1351 fides
793 1293 869 1351 sit
912 1293 1166 1352 conditio
1216 1300 1276 1352 et
1315 1291 1571 1352 medium
1613 1294 2035 1371 consequendae
2070 1295 2312 1370 salutis3
2362 1294 2479 1354 Sed
2506 1315 2623 1354 non
2650 1295 2810 1353 valet

400 1373 630 1450 pariter,
656 1371 706 1430 si
728 1371 799 1430 de
828 1391 1002 1431 causa
1023 1373 1240 1431 decreti
1259 1372 1650 1450 intelligatur3
1683 1373 1821 1450 quia
1838 1372 1984 1434 fides
2004 1394 2134 1451 quae
2152 1383 2242 1434 est
2262 1394 2439 1434 causa
2462 1373 2811 1434 antecedens

401 1451 608 1511 salutis
645 1471 776 1528 quae
819 1452 989 1511 nobis
1033 1451 1376 1528 decernitur,
1406 1471 1525 1511 non
1563 1463 1757 1531 potest
1792 1473 1919 1512 esse
1962 1473 2136 1514 causa
2173 1453 2407 1528 decreti,
2452 1453 2556 1513 sed
2583 1463 2809 1514 tantum

401 1531 674 1608 medium,
705 1550 822 1608 quo
853 1532 1012 1590 salus
1037 1532 1207 1592 nobis
1235 1531 1468 1592 decreta
1494 1532 1806 1592 obtinetur.
1860 1533 2027 1593 Licet
2053 1542 2247 1593 autem
2274 1533 2421 1592 nihil
2446 1533 2549 1593 fiat
2574 1534 2637 1592 in
2663 1542 2808 1593 tem-

399 1631 538 1689 pore
566 1611 724 1690 quod
750 1631 866 1670 non
894 1611 1189 1671 decretum
1217 1610 1294 1671 sit
1320 1612 1395 1671 ab
1423 1621 1659 1688 aeterno,
1688 1632 1807 1671 non
1834 1621 2027 1672 tamen
2064 1623 2370 1692 propterea
2406 1613 2580 1672 debet
2606 1613 2809 1673 eadem

401 1710 530 1751 esse
558 1691 705 1750 ratio
733 1691 950 1751 decreti
976 1712 1106 1770 quae
1134 1692 1512 1752 executionis.
1557 1693 1707 1752 Nam
1735 1692 2029 1752 decretum
2056 1693 2260 1771 incipit
2286 1714 2322 1752 a
2349 1693 2480 1769 fine,
2511 1702 2571 1752 et
2596 1693 2810 1752 desinit

401 1770 465 1829 in
491 1770 726 1847 mediis;
758 1770 844 1830 At
859 1771 1127 1831 executio
1146 1771 1350 1850 incipit
1369 1792 1405 1830 a
1429 1773 1654 1848 mediis,
1679 1781 1737 1832 et
1765 1771 1979 1832 desinit
1998 1773 2059 1831 in
2078 1773 2227 1851 fine,
2260 1775 2422 1833 Deus
2450 1773 2511 1830 in
2538 1772 2809 1851 eligendo

403 1850 725 1929 concipitur
750 1851 910 1927 prius
937 1851 1265 1910 decrevisse
1293 1871 1542 1929 servare,
1587 1851 1798 1912 deinde
1838 1853 2137 1912 intendere
2164 1853 2303 1912 dare
2328 1852 2523 1913 media
2548 1853 2626 1912 ad
2652 1853 2805 1913 salu·

402 1939 538 2006 tem,
570 1929 696 1989 scil.
723 1929 898 1988 fidem
927 1939 986 1990 et
1025 1930 1446 2006 obedientiam3
1491 1932 1594 1991 sed
1623 1933 1686 1990 in
1713 1933 2053 1992 executione
2086 1933 2247 2018 prius
2276 1933 2377 1992 dat
2416 1932 2608 1992 media
2634 1953 2807 2011 quam

402 2008 682 2087 perducat
707 2009 784 2068 ad
809 2009 984 2068 finem
1008 2033 1022 2070 z
1069 2010 1241 2071 Unde
1268 2010 1426 2088 quod
1453 2020 1542 2070 est
1570 2031 1746 2070 causa
1772 2011 1992 2088 salutis,
2024 2032 2143 2071 non
2163 2013 2359 2072 statim
2386 2012 2560 2073 debet
2586 2015 2809 2072 censeri

402 2109 580 2149 causa
605 2088 920 2165 electionis,
950 2089 1066 2148 imo
1093 2091 1288 2169 potius
1309 2088 1574 2150 effectum
1600 2114 1615 2152 ε
1662 2091 1761 2150 Sic
1790 2088 2056 2152 Medicus
2081 2091 2242 2168 prius
2268 2091 2518 2152 intendit
2558 2094 2807 2152 sanatio-

404 2188 538 2227 nem
568 2169 709 2246 aegri
735 2185 909 2246 quam
937 2171 1156 2248 cogitet
1183 2169 1254 2229 de
1282 2169 1569 2246 remediis,
1593 2171 1698 2230 sed
1725 2171 1785 2228 in
1807 2170 2147 2247 exequendo
2174 2171 2334 2248 prius
2362 2171 2598 2232 adhibet
2625 2191 2808 2232 reme-

403 2248 503 2307 dia
529 2268 702 2325 quam
731 2257 912 2309 sanet.
999 2248 1170 2309 Licet
1205 2269 1348 2327 ergo
1382 2251 1544 2309 Deus
1583 2251 1643 2309 in
1686 2250 2029 2327 exequendo
2069 2251 2231 2328 prius
2274 2251 2375 2310 det
2412 2250 2585 2310 fidem
2633 2271 2807 2328 quam

403 2329 666 2404 salutem,
690 2347 809 2387 non
835 2337 1030 2388 tamen
1056 2329 1191 2389 inde
1216 2329 1416 2389 inferri
1441 2338 1635 2408 potest
1653 2331 1843 2389 Deum
1870 2329 1932 2388 in
1961 2329 2230 2409 eligendo
2256 2331 2418 2408 prius
2444 2331 2807 2396 considerare

402 2407 578 2466 fidem
603 2427 778 2486 quam
808 2409 1070 2469 salutem.

485 2487 781 2546 XXXII.
827 2488 992 2549 Licet
1037 2489 1199 2548 Deus
1235 2489 1606 2567 praedestinet
1647 2490 1915 2550 homines
1961 2491 2038 2550 ad
2081 2489 2274 2564 fidem,
2305 2498 2371 2550 ut
2413 2491 2491 2549 ad
2531 2491 2803 2568 medium,

401 2587 507 2647 per
532 2567 690 2646 quod
715 2567 793 2627 ad
820 2568 1064 2629 salutem
1091 2570 1463 2647 perveniant;
1507 2589 1625 2630 non
1652 2589 1889 2631 necesse
1917 2578 2007 2630 est
2032 2578 2100 2630 ut
2124 2569 2341 2648 pariter
2366 2571 2529 2631 Deus
2555 2571 2807 2649 proedes-

401 2648 551 2708 tinet
593 2649 867 2726 reprobos
910 2649 987 2708 ad
1030 2649 1490 2709 incredulitatem
1535 2659 1594 2711 et
1636 2650 1713 2710 ad
1761 2651 2273 2729 impoenitentiam:
2333 2652 2472 2728 quia
2510 2652 2627 2711 alia
2670 2664 2807 2714 sunt

403 2728 608 2806 media,
633 2748 764 2807 quae
792 2730 954 2789 Deus
981 2729 1205 2789 invenit
1231 2730 1293 2788 in
1319 2730 1505 2805 nobis,
1551 2730 1667 2789 alia
1692 2751 1823 2808 quse
1850 2731 1989 2790 facit
2010 2752 2025 2805 ;
2055 2730 2429 2791 incredulitas
2456 2740 2516 2791 et
2542 2731 2804 2810 impoeni-

402 2809 585 2868 tentia
611 2829 728 2868 non
753 2817 1047 2887 ponuntur
1073 2829 1109 2868 a
1137 2810 1282 2885 Deo,
1313 2809 1417 2869 sed
1443 2810 1821 2871 inveniuntur
1845 2811 1907 2869 in
1922 2810 2091 2869 nobis
2114 2832 2131 2887 ς
2174 2810 2261 2870 At
2286 2810 2433 2871 fides
2460 2832 2496 2871 a
2522 2812 2648 2871 solo
2678 2813 2807 2873 Deo

405 2890 606 2964 oritur,
637 2909 758 2948 non
785 2910 821 2948 a
841 2890 1029 2950 nobis.

485 2968 817 3028 XXXIII.
861 2970 1027 3030 Licet
1069 2970 1396 3047 reprobatio
1435 2970 1590 3029 facta
1633 2970 1710 3030 sit
1750 2990 1827 3029 ex
1867 2970 2081 3031 intuitu
2120 2971 2359 3049 peccati,
2390 2991 2507 3030 non
2549 2972 2808 3049 sequitur

399 3048 742 3108 electionem
767 3050 983 3126 pariter
1009 3050 1220 3109 factam
1246 3049 1426 3109 fuisse
1454 3070 1531 3109 ex
1557 3050 1771 3110 intuitu
1792 3049 1930 3110 fidei
1957 3059 2016 3109 et
2042 3050 2323 3110 bonorum
2352 3070 2624 3129 operum;
2669 3054 2808 3129 quia

402 3127 729 3205 reprobatio
757 3136 846 3187 est
873 3137 1038 3188 actus
1055 3130 1317 3206 justitiae,
1342 3150 1472 3207 quse
1501 3130 1775 3209 supponit
1800 3130 2125 3190 necessario
2151 3138 2481 3208 peccatum;
2526 3131 2631 3191 secl
2658 3132 2807 3192 elec-

403 3208 487 3267 tio
515 3215 605 3266 est
631 3216 796 3267 actus
823 3208 1246 3283 misericordiae,
1277 3229 1407 3286 quae
1433 3208 1581 3267 nihil
1609 3210 1883 3288 supponit
1906 3210 2021 3269 nisi
2052 3210 2379 3271 miseriam:
2423 3211 2517 3271 Ita
2544 3212 2807 3272 homines

400 3295 712 3364 potuerunt
739 3287 799 3345 in
825 3288 1330 3365 praedestinatione
1358 3289 1606 3366 spectari
1633 3289 1695 3347 in
1735 3299 1886 3348 statu
1912 3291 2168 3367 miserim,
2211 3290 2274 3348 in
2301 3310 2474 3368 quam
2504 3310 2610 3351 sua
2636 3293 2807 3369 culpa

401 3366 745 3440 inciderunt,
777 3367 880 3426 sed
905 3388 1024 3427 non
1051 3368 1113 3426 in
1153 3378 1304 3427 statu
1325 3368 1548 3445 qratae'oe,
1588 3368 1664 3429 ad
1692 3389 1864 3446 quem
1890 3389 1996 3447 per
2020 3370 2314 3429 decretum
2342 3369 2640 3430 electionis
2682 3380 2807 3431 tan·-

401 3454 526 3506 tum
554 3456 718 3507 erant
744 3447 1101 3507 traducendi.

487 3525 805 3588 XXXIV.
849 3527 1140 3588 Voluntas
1168 3527 1345 3590 dandi
1385 3527 1648 3603 salutem,
1679 3536 1747 3588 ut
1786 3548 2055 3587 coronam
2097 3536 2157 3587 et
2192 3529 2490 3607 praemium
2518 3528 2805 3606 fidelibus,

401 3607 794 3684 praesupponit
818 3606 994 3667 fidem
1023 3615 1082 3667 et
1108 3608 1593 3687 perseverantiam
1621 3608 1682 3665 in
1708 3607 1941 3667 homine
1969 3608 2070 3684 qui
2086 3607 2400 3667 salvandus
2427 3618 2532 3683 est,
2555 3609 2657 3686 qui
2686 3610 2810 3669 sine

402 3684 520 3745 illis
549 3686 762 3745 salvari
787 3707 906 3746 non
931 3698 1144 3766 posset,
1176 3688 1282 3747 sed
1305 3707 1424 3746 non
1451 3687 1513 3745 in
1552 3688 1680 3746 Deo
1708 3688 1811 3764 qui
1854 3695 2063 3762 servat,
2094 3687 2263 3764 quasi
2291 3687 2563 3748 voluntas
2604 3689 2733 3766 ejus
2774 3708 2810 3749 a

402 3766 746 3841 praevisione
774 3768 908 3827 talis
949 3767 1085 3828 fidei
1112 3768 1376 3847 pendeat,
1426 3786 1559 3826 cum
1585 3768 1713 3826 haec
1740 3767 1867 3844 ipsa
1890 3766 2037 3825 fides
2063 3766 2139 3826 ab
2166 3767 2269 3826 illo
2297 3767 2529 3827 decreto
2557 3768 2811 3829 oriatur:

403 3846 448 3907 J
451 3845 649 3906 ustitia
689 3866 828 3925 ergo
867 3848 1126 3925 postulat
1163 3855 1231 3907 ut
1269 3846 1569 3925 praemium
1596 3866 1716 3904 non
1743 3846 1913 3906 detur
1937 3846 2053 3906 nisi
2079 3855 2213 3925 post
2254 3847 2659 3922 obedientiam,
2706 3849 2810 3907 sed

401 3945 519 3985 non
545 3927 802 4004 postulat
842 3936 910 3987 ut
948 3926 1270 3988 destinetur
1310 3926 1544 4006 propter
1587 3926 1975 3987 obedientiam
2013 3926 2337 4005 praevisam,
2382 3929 2635 3987 maxime
2676 3948 2811 3987 cum

403 4025 624 4066 merces
651 4006 754 4065 illa
781 4006 857 4066 sit
876 4027 1032 4067 mere
1061 4008 1330 4086 gratuita,
1352 4026 1485 4085 quae
1511 4027 1547 4066 a
1569 4006 1698 4066 Deo
1714 4026 1831 4065 non
1851 4005 2025 4065 modo
2044 4006 2399 4084 promittitur
2417 4016 2483 4068 ut
2510 4008 2810 4085 praemium

401 4086 480 4145 ad
506 4105 614 4145 nos
639 4087 981 4147 excitandos
1001 4087 1078 4147 ad
1103 4086 1372 4164 officium,
1397 4086 1502 4147 sed
1518 4087 1842 4147 destinatur
1866 4086 2041 4146 etiam
2067 4094 2135 4147 ut
2154 4086 2371 4147 donum
2398 4096 2458 4146 et
2484 4087 2809 4149 haereditas,

407 4166 505 4225 Sic
551 4166 713 4225 Deus
755 4168 1103 4245 praeparavit
1143 4187 1386 4245 regnum
1429 4167 1707 4227 coelorum
1750 4166 2130 4245 diligentibus
2174 4186 2253 4243 se,
2289 4169 2319 4225 1
2366 4167 2497 4229 Cor.
2539 4168 2599 4229 ii.
2643 4170 2699 4244 9,
2746 4176 2813 4228 ιιι

402 4246 638 4305 dilectio
667 4246 743 4306 sit
770 4247 1024 4307 conditio
1049 4247 1383 4325 praecedens
1408 4247 1826 4325 possessionis3
1872 4246 1975 4305 sed
2001 4266 2121 4305 non
2159 4253 2395 4325 propter
2421 4246 2809 4323 dilectionem,

377 4334 469 4391 ,ut
505 4326 583 4386 sit
623 4346 799 4386 causa
837 4328 1150 4407 impulsiva
1174 4328 1626 4406 praeparationis.
1699 4328 1903 4404 Neque
1949 4326 2047 4385 hic
2087 4326 2237 4386 bene
2285 4326 2621 4387 distinxeris
2662 4328 2816 4387 inter

401 4406 568 4483 exio-n
595 4408 808 4485 Patris,
838 4428 968 4488 quae
997 4408 1255 4467 obtineat
1280 4408 1342 4465 in
1371 4407 1902 4483 Praedestinatione,
1933 4414 1993 4466 et
2018 4408 2187 4484 exim
2202 4407 2441 4483 Judicts,
2470 4427 2600 4484 quae
2618 4407 2813 4467 locum

401 4486 672 4546 habitura
698 4489 776 4548 sit
803 4489 863 4547 in
891 4488 986 4547 die
1013 4489 1058 4548 J
1058 4488 1254 4565 udicii,
1284 4496 1351 4548 ut
1379 4487 1610 4547 collatio
1639 4487 1845 4547 salutis
1871 4507 1989 4546 non
2016 4496 2149 4547 tam·
2164 4487 2241 4547 sit
2267 4496 2432 4547 actus
2460 4488 2679 4565 gratiae,
2709 4487 2812 4563 qui

401 4567 652 4644 pendeat
678 4588 756 4628 ex
783 4568 1079 4645 electione,
1111 4589 1284 4646 quam
1326 4576 1490 4628 actus
1524 4567 1788 4645 justitiae,
1818 4566 1921 4645 qui
1960 4568 2240 4627 retribuat
2265 4566 2575 4643 unicuique
2610 4586 2809 4626 secun-

403 4646 540 4706 dum
570 4668 745 4726 opera
772 4670 894 4710 sua.
966 4650 1132 4709 Licet
1173 4648 1326 4708 enim
1360 4647 1591 4727 justitia
1631 4647 1927 4708 fidelitatis
1964 4648 2025 4705 in
2062 4646 2519 4708 remuneratione
2560 4646 2813 4723 gratuita
