3300 5225
411 314 414 316 ’
489 311 608 372 286
1401 325 1586 368 meus
1613 325 1903 375 quaa-rus.
2513 304 2771 386 [Quaesr.
2799 327 2883 371 ιν.

481 469 604 530 rius
631 473 736 544 est,
769 465 926 546 quod
952 487 1084 528 cum
1114 467 1276 528 Deus
1315 468 1416 546 qui
1456 467 1653 527 omnia
1690 467 1752 527 in
1792 487 1897 528 sua
1935 465 2113 526 habet
2150 473 2455 544 potestate,
2499 467 2646 527 sciat
2686 469 2884 528 condi-

481 550 700 610 tionem
727 549 902 609 talem
928 568 1224 626 nunquam
1251 548 1518 624 futuram,
1549 557 1753 627 utpote
1778 567 1953 625 quam
1978 547 2104 625 ipse
2130 565 2249 606 non
2278 546 2553 623 decrevit,
2606 547 2723 606 dici
2768 569 2885 607 non

479 628 930 787 {ffifflffl
949 625 2887 786 w.“fizffxsssfflqfflsfflffiffm²2³.

479 790 608 868 ipso
635 797 926 849 momento
953 809 1069 866 quo
1097 787 1355 850 decernit
1381 789 1493 850 scit
1516 807 1813 865 nunquam
1838 787 2138 865 impletum
2165 786 2255 847 iri.

565 869 712 930 XV.
756 869 1036 945 Quamvis
1063 869 1314 929 Decreta.
1333 889 1370 930 a
1393 875 1558 948 parte
1583 868 1945 946 objectorum
1990 887 2146 945 saepe
2192 867 2583 927 conditionem
2630 867 2885 944 aliquam

479 948 798 1024 includant,
828 968 947 1008 non
973 947 1244 1010 desinunt
1269 949 1584 1009 formaliter
1609 956 1673 1007 et
1697 947 1760 1006 in
1786 966 1849 1006 se
1876 965 2005 1006 esse
2032 946 2336 1022 absoluta3
2378 946 2517 1025 quia
2542 947 2799 1006 conditio
2824 955 2885 1008 et

481 1029 942 1090 conditionatum
966 1028 1222 1106 pendent
1246 1027 1685 1088 immutabiliter
1708 1047 1747 1085 a
1766 1027 1913 1104 Deo,
1925 1027 2023 1086 vel
2050 1025 2244 1105 quoad
2262 1027 2721 1106 permissionem,
2736 1035 2805 1087 ut
2822 1027 2886 1086 in

483 1109 669 1184 malis,
701 1109 798 1168 vel
824 1107 1020 1185 quoad
1045 1106 1422 1183 effectionem,
1453 1115 1521 1166 ut
1547 1107 1608 1164 in
1631 1106 1821 1166 bonis.

563 1188 746 1250 XVI.
787 1188 1038 1246 Tantum
1094 1187 1260 1246 abest
1297 1194 1365 1246 ut
1403 1187 1481 1246 ad
1519 1186 1819 1245 hominum
1864 1184 2259 1262 mutationem,
2307 1186 2469 1245 Deus
2508 1205 2613 1246 sua
2653 1185 2885 1246 decreta

479 1275 681 1343 mutet,
726 1275 796 1326 ut
840 1273 1042 1326 contra
1081 1267 1270 1325 omnis
1308 1265 1413 1324 illa
1451 1264 1735 1324 factorum
1781 1265 2165 1324 humanorum
2210 1265 2454 1325 mutatio
2494 1266 2771 1342 procedat
2808 1286 2887 1325 ex

480 1355 697 1406 aeterno
724 1353 784 1405 et
810 1345 1177 1405 irrevocabili
1205 1345 1317 1405 Dei
1344 1344 1594 1420 decreto,
1625 1345 1727 1422 qui
1753 1345 1865 1402 hoe
1892 1343 2065 1403 modo
2098 1345 2407 1422 exequitur
2444 1344 2604 1423 quod
2642 1353 2883 1405 eventu-

479 1446 608 1487 rum
635 1445 740 1503 per
765 1425 1176 1503 promissiones
1203 1433 1265 1485 et
1289 1423 1765 1484 comminationes
1792 1423 2167 1485 decreverat:
2210 1425 2335 1485 Nec
2374 1426 2718 1484 sententiam
2758 1444 2884 1486 mu-

479 1515 567 1566 tat
592 1507 842 1584 priorem
867 1505 1138 1582 precibus
1163 1505 1408 1582 piorum,
1437 1503 1544 1565 sed
1569 1521 1673 1583 per
1697 1503 1830 1564 illas
1858 1503 2015 1582 ipsas
2040 1523 2258 1582 preces,
2280 1503 2439 1582 quod
2462 1503 2719 1565 futurum
2747 1525 2885 1564 con-

479 1586 748 1647 stituerat
773 1584 1038 1663 perducit
1073 1584 1150 1644 ad
1196 1585 1436 1646 exitum.
1520 1585 1618 1644 Ita
1662 1603 1843 1662 quum
1892 1583 2056 1644 Deus
2102 1592 2289 1644 mutat
2334 1603 2466 1662 quse
2506 1584 2661 1662 fecit,
2708 1605 2887 1662 quum

479 1666 687 1726 adimit
705 1664 928 1725 homini
943 1663 1124 1724 vitam
1189 1685 1326 1726 uam
1341 1664 1596 1740 dederat,
1617 1683 1798 1742 quum
1812 1663 2060 1724 destruit
2072 1664 2354 1726 mundum
2372 1684 2545 1742 quem
2570 1672 2883 1740 creaverat,

478 1746 606 1804 haec
632 1745 876 1806 mutatio
904 1753 994 1805 est
1019 1745 1082 1803 in
1106 1764 1170 1803 re
1211 1764 1282 1804 us
1318 1765 1438 1804 non
1463 1744 1524 1803 in
1554 1746 1700 1821 Deo,
1724 1763 1859 1804 nam
1886 1745 1961 1805 ab
1983 1751 2199 1804 aeterno
2226 1743 2485 1804 decrevit
2498 1745 2671 1804 istam
2695 1744 2885 1804 facere

479 1825 874 1900 mutationem,
903 1833 964 1884 et
987 1825 1104 1884 nisi
1141 1823 1321 1901 fieret,
1351 1824 1647 1885 decretum
1674 1823 1749 1884 de
1776 1823 2041 1884 facienda
2066 1824 2179 1884 ista
2204 1825 2523 1885 mutatione
2550 1831 2883 1884 mutaretur.

562 1905 781 1966 XVII.
825 1905 1018 1964 Locus
1046 1904 1220 1964 Num.
1249 1905 1371 1964 xiV.
1401 1906 1496 1982 30,
1526 1906 1630 1964 ubi
1659 1905 1821 1965 Deus
1846 1925 1951 1982 per
1970 1905 2199 1964 Mosem
2218 1913 2570 1982 protestatur
2592 1904 2887 1964 Israelitas

478 2004 598 2044 non
624 1985 936 2046 intraturos
961 1983 1024 2043 in
1051 1993 1279 2061 terram,
1309 2003 1485 2062 quam
1525 1985 1646 2044 illis
1667 1985 1999 2063 juramento
2037 1984 2395 2062 promiserat,
2440 1983 2613 2044 docet
2652 1985 2887 2062 quidem

475 2065 774 2126 solennem
815 2063 1253 2142 promissionem
1279 2064 1490 2124 factam
1515 2063 1697 2124 fuisse
1722 2085 1759 2124 a
1776 2064 1905 2124 Deo
1925 2065 2013 2123 illi
2038 2064 2271 2144 populo,
2300 2064 2705 2125 introducendi
2723 2065 2888 2123 illum

475 2144 539 2204 in
583 2153 798 2205 terram
825 2143 1075 2220 Canaan,
1107 2144 1212 2204 sed
1259 2145 1368 2204 sub
1415 2144 1747 2205 conditione
1794 2144 2057 2221 obsequii
2096 2144 2427 2222 praestandi,
2472 2164 2588 2223 qua
2626 2153 2887 2204 cessante

477 2226 742 2285 cessabat
768 2223 1072 2302 promissio
1101 2233 1160 2284 et
1185 2231 1534 2285 contractus.
1619 2224 1739 2286 Sed
1757 2243 1875 2284 non
1902 2224 2097 2302 arguit
2114 2225 2354 2302 aliquod
2379 2223 2557 2284 fiiisse
2595 2223 2887 2284 decretum

477 2304 940 2364 conditionatum
967 2302 1040 2364 de
1067 2305 1186 2364 illis
1211 2304 1646 2365 introducendis
1669 2327 1684 2382 3
1731 2305 1861 2364 Im0
1888 2312 1955 2364 ut
1980 2303 2319 2364 decreverat
2342 2305 2519 2364 talem
2554 2305 2885 2382 promissio-

479 2404 613 2445 nem
629 2384 836 2460 facere,
860 2383 944 2444 ita
971 2385 1094 2446 suis
1120 2383 1195 2444 de
1213 2385 1403 2444 causis
1431 2385 1606 2444 etiam
1627 2385 2007 2444 constituerat
2032 2383 2192 2442 illam
2212 2383 2453 2444 istorum
2470 2383 2887 2443 contumaciam

477 2465 826 2542 permittere,
857 2470 917 2523 et
943 2464 1102 2524 illius
1129 2463 1518 2541 generationis
1543 2465 1849 2524 individua
1873 2483 1992 2523 non
2030 2463 2393 2524 introducere
2420 2464 2481 2521 in
2516 2471 2725 2522 terram
2752 2483 2883 2540 pro-

479 2544 735 2604 missam.
841 2543 1070 2603 Deinde
1112 2552 1179 2602 ut
1217 2544 1524 2621 promissio
1565 2543 1719 2603 facta
1744 2544 1855 2604 fuit
1894 2543 2057 2623 genti
2082 2543 2145 2601 in
2172 2544 2477 2619 communi,
2505 2561 2623 2602 non
2648 2561 2889 2602 necesse

477 2632 570 2683 est
595 2632 663 2683 ut
701 2623 934 2699 singula
976 2624 1106 2702 ejus
1151 2622 1456 2683 individua
1497 2624 1785 2701 respiciat,
1828 2632 1896 2684 ut
1936 2624 2001 2683 in
2042 2623 2160 2684 illis
2199 2624 2540 2702 impleatur3
2584 2622 2795 2682 sufficit
2820 2630 2889 2683 ut

483 2703 758 2843 {pactarit
785 2702 1018 2841 dqmum
1047 2723 1117 2763 ea
1134 2722 1265 2781 quse
1285 2704 1363 2763 ad
1383 2712 1719 2782 sequentem
1742 2703 2174 2782 generationem
2192 2702 2573 2782 pertinebant,
2596 2701 2657 2760 in
2678 2700 2892 2780 quibus

529 2804 560 2843 e
602 2783 690 2843 uit
716 2783 796 2841 im
860 2782 961 2842 eri.

565 2803 836 2924 XVIII?
863 2862 1030 2922 Licet
1055 2862 1437 2940 proprietates
1463 2861 1805 2941 respectiva
1834 2863 1964 2939 Dei,
1995 2862 2199 2941 quales
2238 2869 2377 2923 sunt
2402 2860 2797 2921 misericordia
2834 2868 2895 2929 et

473 2941 721 3020 justitia,
753 2951 1079 3020 supponant
1105 2942 1181 2999 ad
1209 2941 1300 3001 sui
1326 2942 1667 3003 exercitium
1694 2943 1755 3001 in
1782 2943 2010 3021 objecto
2038 2943 2191 3002 circa
2217 2941 2376 3019 quod
2400 2949 2722 3017 versantur,
2752 2960 2891 3020 qua·

481 3022 706 3081 litatem
733 3022 1004 3099 aliquam,
1073 3030 1174 3081 uta
1197 3021 1492 3081 miseriam
1517 3030 1578 3082 et
1615 3030 1917 3101 peccatum
1941 3044 1957 3082 t
2016 3023 2151 3082 Non
2178 3022 2439 3100 sequitur
2464 3029 2769 3099 propterea
2792 3019 2891 3080 de-

483 3108 705 3161 cretum
731 3098 890 3177 quod
913 3100 983 3161 fit
1049 3120 1082 3161 e
1107 3101 1406 3161 hominum
1449 3102 1655 3178 salute,
1682 3103 1781 3162 vel
1822 3102 2209 3178 damnatione,
2248 3121 2377 3162 esse
2418 3100 2889 3175 conditionatum,

482 3180 620 3257 quia
647 3178 914 3258 quamvis
941 3189 1296 3259 supponatur
1337 3181 1414 3240 ad
1441 3182 1566 3260 ejus
1609 3182 2097 3258 constitutionem,
2126 3201 2244 3241 non
2286 3180 2657 3259 suspenditur
2701 3187 2894 3239 tamen

484 3260 561 3320 ab
587 3280 674 3335 ea,
703 3259 810 3319 sed
835 3260 1150 3321 certissime
1177 3269 1237 3321 et
1262 3261 1643 3322 infallibiliter
1667 3262 1939 3340 impletur
1957 3263 2133 3340 juxta
2150 3261 2263 3321 Dei
2288 3260 2733 3339 beneplacitum.

565 3338 758 3399 XIX.
801 3339 1092 3418 Quicquid
1117 3341 1329 3401 dieitur
1367 3342 1650 3401 adversus
1692 3342 1942 3401 Decreta
1980 3340 2389 3417 conditionata,
2432 3340 2645 3400 dicitur
2680 3339 2897 3417 pariter

484 3427 688 3480 contra
724 3420 1084 3480 voluntatem
1129 3422 1578 3499 hypotheticam,
1607 3422 1748 3499 quia
1792 3421 1989 3481 nullus
2034 3420 2211 3481 datur
2254 3429 2421 3480 actus
2453 3420 2775 3479 voluntatis
2822 3418 2897 3478 de

484 3500 658 3561 rebus
687 3507 854 3559 extra
879 3520 943 3561 se
991 3500 1216 3577 futuris,
1246 3502 1350 3579 qui
1395 3521 1512 3560 non
1551 3501 1757 3561 induat
1796 3501 2091 3560 notionem
2132 3500 2385 3577 decreti3
2433 3498 2606 3560 Unde
2632 3518 2753 3558 non
2778 3498 2894 3557 ela-

482 3580 702 3641 buntur
726 3580 829 3657 qui
875 3579 1089 3640 omissa
1115 3600 1259 3640 voce
1306 3580 1522 3641 decreti
1569 3580 1963 3658 conditionati,
2006 3580 2257 3640 retinent
2295 3588 2491 3639 tamen
2536 3578 2896 3638 voluntatem

483 3659 956 3737 hypotheticam3
999 3659 1153 3720 idem
1193 3660 1364 3735 enim,
1407 3669 1629 3721 mutato
1670 3669 1895 3721 tannim
1933 3660 2181 3734 nomine,
2212 3659 2433 3719 dicunt.
2543 3659 2723 3718 Plura
2762 3657 2899 3717 vide

485 3758 697 3878 {ipra
710 3740 867 3878 Iboclo
895 3744 952 3879 3!
977 3740 1424 3881 gffiffi.
1453 3739 1526 3800 de
1553 3742 1803 3802 Scientia
1832 3741 2035 3817 media,
2066 3748 2128 3800 et
2154 3739 2373 3815 Quaest.
2404 3738 2585 3799 XVI.
2614 3738 2765 3799 thes.
2800 3738 2893 3815 19,

547 3838 596 3876 c.
781 3840 814 3879 ο
835 3840 914 3880 un
935 3838 974 3879 a
1417 3862 1432 3881 .

1413 4054 1803 4131 QUAESTIO
1846 4055 1960 4116 IV.

806 4212 904 4271 An
929 4214 1234 4272 Decretum
1259 4215 1472 4288 qfferat
1494 4215 1867 4274 necessitatem
1891 4217 2054 4274 rebus
2063 4216 2285 4291 fictur-is
2300 4217 2329 4274 ,²
2371 4212 2601 4274 Affirm.

569 4369 622 4431 I.
665 4370 920 4446 Quaestio
946 4372 1202 4448 agitatur
1237 4372 1388 4432 inter
1416 4373 1539 4433 Nos
1565 4381 1626 4433 et
1656 4373 2003 4449 Pelagianos
2030 4394 2098 4433 ac
2130 4373 2627 4452 Semipelagianos
2656 4373 2900 4433 Veteres

487 4459 552 4512 ct
579 4450 796 4526 Novos,
827 4451 928 4528 qui
974 4460 1042 4510 ut
1085 4451 1310 4510 facilius
1359 4452 1590 4512 Idolum
1633 4452 1829 4513 Liberi
1872 4454 2121 4512 Arbitrii
2154 4454 2467 4529 stabiliant,
2498 4452 2901 4512 necessitatem

485 4550 680 4670 rictum
705 4550 781 4591 ex
811 4531 1060 4591 Decreto
1087 4538 1149 4590 et
1177 4530 1550 4592 Praescientia
1573 4542 1807 4611 negant,
1838 4552 2011 4611 quam
2041 4543 2374 4595 constanter
2398 4541 2666 4593 asserunt
2692 4530 2900 4593 Ortho-

525 4630 644 4672 oxi.
