3300 5225
556 364 673 423 194
1528 378 1714 422 meus
1741 378 2014 421 rennes.
2545 355 2797 439 [Quas-r.
2827 376 2965 417 xm.

548 522 709 603 quod
733 540 852 583 non
873 520 949 581 sit
974 519 1269 600 possibile,
1297 526 1401 580 aut
1426 518 1720 597 fimmrm;
1761 540 1872 581 nec
1909 519 2144 581 tertium
2169 517 2430 578 ordinem
2457 517 2806 577 constituere
2832 537 2968 597 pos-

552 610 691 663 sunt
734 602 931 662 futura
972 602 1387 662 conditionata.
1468 601 1623 659 Nam
1661 601 1762 659 vel
1803 601 1948 660 talia
1989 608 2126 659 sunt
2167 618 2244 657 ex
2298 597 2628 658 conditione
2682 597 2969 659 duntaxat

549 679 815 763 possibili
844 702 949 741 sen
973 681 1340 761 potestativa,
1362 700 1662 759 nunquam
1688 688 1882 740 tannen
1909 688 2204 754 eventura,
2221 678 2426 738 velex
2451 677 2782 737 conditione
2809 688 2968 738 certo

550 764 749 823 futura
774 772 835 822 et
860 762 1131 822 decretaz
1173 761 1351 839 priori
1394 760 1569 821 modo
1610 779 1730 819 non
1777 760 2154 839 egrediuntur
2191 768 2454 818 naturam
2480 757 2864 837 possibilium,
2908 768 2970 819 et

550 844 841 922 pertinent
868 842 944 901 ad
971 842 1271 902 seientiam
1297 841 1649 918 naturalcm3
1695 840 2000 919 posteriori
2019 839 2212 899 futura
2237 847 2392 916 sunt,
2421 848 2482 899 et
2507 858 2544 898 a
2571 839 2698 898 Deo
2735 838 2971 899 decreta

552 931 614 983 et
640 922 717 981 ad
744 920 1042 981 scientiam
1068 922 1311 981 liberam
1338 928 1619 999 spectant.

634 1002 723 1062 X.
764 1007 822 1061 2.
852 1001 1003 1077 Quia
1022 1018 1155 1079 quae
1178 1019 1321 1060 vera
1344 1019 1463 1059 non
1490 1008 1626 1059 sunt
1650 1018 1770 1058 non
1787 1006 2033 1077 possunt
2057 998 2312 1077 praesciri
2338 1005 2406 1058 ut
2431 1018 2606 1074 νοτες
2648 998 2736 1058 At
2775 997 2972 1058 futura

552 1081 947 1142 conditionata
986 1100 1105 1139 non
1153 1090 1287 1140 sunt
1330 1100 1473 1140 vera
1524 1079 1754 1139 seclusa
1807 1079 2128 1139 voluntatis
2184 1079 2398 1137 divinae
2451 1079 2966 1155 determinatione3

552 1320 1009 1399 resipiscendum
1035 1320 1243 1399 positis
1268 1320 1386 1378 illis
1413 1320 1726 1379 virtutibus
1746 1342 1764 1379 :
1805 1319 1968 1397 Ergo
1993 1319 2226 1379 aliunde
2251 1319 2556 1397 provenire
2573 1318 2789 1393 debuit,
2813 1316 2972 1395 quod

552 1420 757 1461 verum
785 1401 977 1477 fuerit,
1022 1418 1125 1459 eos
1164 1400 1565 1479 poenitentiam
1606 1408 1840 1457 acturos
1865 1399 2070 1478 positis
2097 1400 2410 1458 virtutibus
2459 1399 2594 1475 mis,
2639 1398 2692 1457 si
2735 1398 2972 1457 omnino

552 1500 757 1541 verum
786 1481 979 1540 fuerit.
1060 1480 1241 1539 Nulla
1264 1498 1407 1539 vero
1430 1479 1577 1557 fingi
1600 1488 1796 1557 potest
1822 1478 1998 1557 hujus
2039 1480 2122 1538 rei
2163 1496 2338 1538 causa
2363 1488 2573 1557 praeter
2609 1478 2970 1537 voluntatem

558 1562 704 1637 Dei3
749 1561 825 1621 ab
852 1570 1069 1620 aeterno
1095 1560 1251 1619 enim
1276 1560 1423 1619 m'hil
1444 1559 1568 1633 fuit,
1598 1558 1760 1637 quod
1785 1578 1960 1619 causa
1987 1568 2140 1619 esset
2167 1558 2660 1619 determinationis
2685 1558 2772 1616 rei
2797 1557 2970 1616 indif-

556 1640 793 1701 ferentis
820 1640 898 1699 ad
935 1646 1159 1718 partem
1194 1638 1434 1699 alteram
1474 1647 1686 1716 praeter
1709 1639 2069 1699 voluntatem
2099 1638 2241 1698 Dei:
2283 1639 2416 1699 Non
2443 1639 2694 1698 essentia
2719 1638 2848 1716 ejus
2874 1638 2974 1697 vel

556 1720 816 1796 scientia,
854 1728 1100 1797 utraque
1139 1716 1297 1779 en'im
1338 1720 1603 1797 sejuncta
1648 1736 1688 1777 a
1711 1719 2012 1779 voltmtate
2035 1719 2182 1778 nihil
2209 1727 2480 1797 operatur
2517 1718 2594 1777 ad
2619 1726 2804 1777 extra.
2887 1718 2974 1778 Ut

556 1816 699 1878 crgo
708 1800 905 1860 nullus
915 1798 1155 1859 effectus
1164 1805 1356 1876 potest
1370 1798 1619 1877 intelligi
1634 1798 1882 1875 futurus,
1893 1800 2020 1859 sive
2028 1799 2292 1859 absolute
2301 1798 2426 1858 sive
2437 1818 2514 1858 ex
2523 1798 2832 1877 hypothesi
2841 1798 2974 1857 aba·

556 1894 675 1959 que
692 1880 896 1939 dlvino
914 1877 1167 1955 dmm,
1178 1878 1316 1955 qnia
1331 1878 1495 1938 null-a
1508 1886 1774 1937 creatura
1789 1886 1981 1957 potest
1995 1896 2122 1939 esse
2140 1878 2202 1937 in
2227 1880 2444 1937 mundo
2473 1879 2595 1937 sine
2623 1878 2823 1937 divina
2837 1898 2974 1937 cau-

559 1960 817 2035 salitate3
838 1960 935 2018 Ita
950 1959 1175 2018 nullum
1192 1958 1449 2018 futurum
1467 1957 1924 2018 conditionatum
1939 1967 2134 2038 potest
2147 1978 2277 2019 esse
2299 1958 2498 2018 scibile
2512 1966 2650 2018 ante
2660 1958 2974 2018 decretum.

640 2040 764 2099 XI.
806 2043 869 2099 3.
898 2038 963 2098 Si
989 2056 1191 2097 omnes
1218 2046 1381 2098 actus
1408 2036 1728 2097 voluntatis
1755 2046 1966 2098 creata
1989 2038 2294 2116 subjacent
2323 2038 2711 2097 Providentiae
2739 2036 2974 2114 divinae,

556 2126 626 2178 ut
643 2120 840 2178 nullus
860 2118 939 2177 sit
956 2117 1351 2196 independens
1372 2126 1431 2177 et
1446 2117 1950 2196 ‘uideterminatus3
1971 2118 2134 2179 nulla
2151 2126 2344 2197 potest
2359 2117 2484 2177 dari
2506 2116 2746 2177 scientia
2765 2117 2976 2194 media,

559 2216 691 2275 quae
718 2198 1061 2276 supponitur
1104 2198 1321 2257 habere
1364 2218 1475 2276 pro
1518 2198 1750 2275 objecto
1793 2198 2036 2258 liberam
2079 2198 2400 2259 voluntatis
2439 2198 2976 2257 determinationem

560 2298 691 2356 quae
734 2298 773 2338 a
810 2278 977 2337 nulla
1022 2296 1199 2337 cansa
1238 2276 1521 2355 superiori
1564 2276 1908 2356 dependeat.
1987 2278 2190 2339 Talem
2237 2286 2430 2338 antem
2477 2278 2604 2337 dari
2656 2278 2976 2337 voluntatis

560 2367 771 2418 creatae
796 2358 1233 2435 subjectionem,
1264 2358 1482 2417 evincit
1507 2357 1898 2435 dependentia
1933 2378 2064 2435 quse
2089 2368 2180 2419 est
2207 2359 2358 2418 inter
2381 2359 2628 2436 primam
2654 2376 2886 2417 causam
2913 2364 2978 2417 et

562 2437 863 2514 secundas,
895 2438 1047 2496 inter
1074 2437 1403 2497 Creatorem
1430 2446 1490 2497 et
1517 2446 1830 2497 creaturas.
1913 2438 2038 2497 Nec
2063 2438 2324 2499 sufficere
2349 2446 2544 2517 potest
2570 2437 2647 2496 ad
2672 2438 2840 2497 istam
2869 2438 2974 2497 de·

560 2514 931 2595 pendentiam
959 2515 1315 2592 salvandam,
1361 2516 1519 2594 quod
1565 2517 1838 2577 voluntas
1881 2517 2108 2579 dicatur
2150 2528 2358 2595 creata,
2409 2527 2468 2577 et
2513 2518 2696 2595 ipsius
2735 2518 2977 2577 libertas

560 2595 701 2657 data
726 2596 803 2656 sit
841 2617 881 2655 a
922 2597 1087 2656 Deo:
1129 2597 1280 2655 Nam
1322 2604 1428 2656 not
1469 2596 1698 2657 desinet
1741 2617 1870 2658 esse
1912 2598 2256 2678 principium
2301 2619 2420 2659 sm
2463 2596 2974 2676 determinationis,

562 2677 615 2736 si
642 2684 807 2735 actus
834 2676 963 2755 ejus
988 2695 1107 2734 non
1136 2675 1465 2755 dependent
1490 2677 1565 2736 ab
1592 2678 1790 2754 aliquo
1825 2678 2092 2756 decreto;
2137 2679 2271 2738 Non
2313 2679 2424 2738 erit
2463 2679 2698 2757 quidem
2723 2679 2974 2756 primum

564 2757 709 2831 Ena,
736 2755 843 2815 sed
870 2756 981 2815 erit
1005 2765 1199 2816 tamen
1224 2757 1473 2834 primum
1502 2775 1765 2835 operans,
1805 2775 1916 2817 nec
1941 2759 2054 2819 erit
2079 2759 2326 2837 amplius
2354 2777 2531 2818 cansa
2555 2758 2826 2836 secunda,
2869 2757 2976 2818 sed

563 2837 787 2916 prima3
829 2835 969 2913 quia
992 2835 1045 2895 si
1072 2836 1287 2914 pendet
1312 2836 1373 2895 in
1401 2854 1529 2896 esse
1556 2858 1593 2896 a
1620 2839 1769 2914 Deo,
1797 2855 1915 2897 non
1941 2839 2156 2917 pendet
2181 2847 2374 2899 tamen
2401 2838 2464 2896 in
2491 2839 2732 2916 operari.

646 2915 805 2974 XII.
845 2920 905 2975 4.
935 2913 1115 2976 Nulla
1140 2915 1382 2976 scientia
1418 2917 1639 2976 incerta
1677 2917 1806 2976 Deo
1854 2925 1946 2977 est
1989 2918 2330 2995 tribuenda3
2374 2918 2464 2977 At
2505 2918 2745 2978 scientia
2785 2915 2979 2976 media

562 2995 784 3056 nullam
812 2995 1213 3054 certitudinem
1240 2996 1454 3056 habere
1478 3005 1688 3074 potest,
1739 2998 1880 3074 quia
1901 3007 2171 3058 versatur
2195 2999 2350 3058 circa
2373 2999 2666 3076 objectum
2693 2997 2976 3056 incertum

562 3081 625 3134 et
665 3075 1023 3152 contingens,
1070 3083 1213 3152 puta
1253 3076 1571 3136 voluntatis
1608 3073 1922 3159 ἀδιαφοςίαυ.
2007 3079 2218 3154 Quaero
2241 3097 2384 3156 ergo
2429 3079 2586 3137 made
2631 3085 2786 3136 certo
2827 3077 2977 3136 scire

564 3155 753 3232 possit
782 3153 944 3213 Deus
986 3154 1131 3232 quid
1156 3155 1233 3214 sit
1278 3155 1536 3216 futurum
1576 3159 1678 3216 vel
1719 3177 1838 3217 non
1865 3159 2120 3218 futurum
2137 3162 2166 3218 9
2208 3158 2340 3217 Hoc
2369 3158 2522 3216 enim
2561 3157 2701 3233 fiet3
2743 3157 2858 3215 Vel
2899 3173 2976 3215 ex

563 3241 773 3293 natura
798 3254 989 3293 rerum
1016 3235 1269 3312 ipsarum
1296 3235 1527 3312 quando
1555 3257 1655 3296 eas
1683 3247 1920 3315 spectat,
1951 3239 2048 3297 vel
2089 3239 2150 3297 in
2179 3238 2384 3312 causis,
2414 3238 2511 3296 vel
2539 3237 2600 3296 in
2640 3236 2862 3314 seipsis,
2909 3245 2980 3295 uz

562 3320 704 3372 sunt
730 3323 895 3373 actus
936 3313 1107 3373 liberi
1146 3315 1211 3372 in
1256 3315 1559 3376 voluntate
1584 3327 1793 3394 creata,
1843 3317 2001 3395 quod
2026 3319 2216 3396 placet
2257 3317 2646 3392 Bellen-mium
2689 3315 2795 3375 sed
2833 3335 2976 3394 quo-

564 3391 740 3452 modo
764 3407 861 3452 res
885 3394 1107 3454 incerta
1129 3395 1343 3471 poterit
1367 3395 1609 3455 fundare
1638 3396 1936 3456 scientiam
1963 3407 2179 3456 certam
2193 3400 2226 3456 *ἓ
2303 3395 2420 3456 vel
2447 3415 2522 3456 ex
2543 3395 2796 3455 scientiae
2827 3394 2976 3454 divi-

560 3489 657 3532 nae
682 3471 986 3550 infinitate,
1035 3492 1167 3552 quse
1194 3484 1351 3534 certo
1376 3477 1611 3553 praescit
1636 3476 1714 3535 ad
1738 3495 1912 3554 quam
1939 3486 2162 3554 partem
2187 3477 2422 3537 morulis
2447 3475 2742 3554 persuasio
2769 3475 2978 3533 volun·

560 3560 760 3630 tatem,
790 3554 935 3614 alias
961 3553 1037 3613 ad
1064 3553 1391 3633 oppositum
1433 3555 1693 3630 liberam,
1741 3557 1818 3615 sit
1861 3555 2222 3633 inclinatura,
2271 3555 2428 3634 quod
2474 3555 2682 3615 volunt
2706 3555 2981 3632 Vasquez

558 3640 625 3693 et
656 3635 905 3710 δικαιοῖς
948 3633 1053 3693 sed
1080 3635 1371 3712 quomodo
1396 3635 1654 3695 scientie.
1680 3635 1934 3696 infinitas
1959 3636 2172 3714 poterit
2197 3645 2420 3696 mutare
2463 3655 2654 3694 rerum
2693 3643 2976 3708 namrmn,

564 3720 627 3773 et
652 3713 851 3774 videre
878 3733 999 3773 rem
1042 3723 1201 3774 certo
1226 3723 1583 3790 eventuram,
1612 3735 1744 3793 quse
1771 3716 2114 3794 contingens
2141 3724 2233 3775 eet
2249 3719 2282 3775 ?
2361 3717 2586 3774 Rursm
2613 3715 2856 3773 scientia
2879 3713 2978 3772 vel

566 3803 841 3854 eventum
870 3803 1091 3853 certum
1116 3793 1271 3870 flacit,
1300 3795 1399 3853 vel
1426 3803 1495 3854 ut
1520 3805 1744 3854 certum
1768 3795 2052 3872 praevidet
2073 3817 2090 3872 3
2134 3796 2184 3856 si
2209 3795 2366 3870 facit,
2395 3794 2686 3872 quomodo
2711 3794 2978 3872 praescire

566 3880 759 3950 potest
794 3881 863 3932 ut
902 3873 1098 3949 talem,
1137 3881 1199 3932 et
1237 3874 1341 3933 ubi
1384 3873 1706 3937 voluntatis
1749 3875 2182 3936 indifferentia?
2220 3875 2270 3934 si
2309 3883 2378 3936 ut
2409 3884 2632 3934 certum
2679 3873 2980 3952 praevidet,

566 3951 859 4027 quomodo
912 3960 1071 4011 certa
1122 3959 1313 4029 potest
1366 3972 1495 4012 esse
1547 3955 1820 4032 praevisio
1859 3956 1944 4014 rei
1983 3956 2218 4015 incertae
2257 3963 2318 4015 et
2357 3954 2736 4014 indifferentis
2755 3955 2785 4014 Ρ
2862 3951 2979 4012 Vel

568 4048 648 4089 ex
687 4047 880 4088 rerum
926 4031 1239 4090 existentia
1284 4032 1359 4090 ab
1386 4040 1618 4108 aeterno,
1667 4053 1772 4112 per
1807 4037 1982 4112 qnam
2029 4043 2346 4114 pmscntes
2392 4035 2522 4094 Deo
2567 4033 2870 4109 dicuntum
2913 4041 2980 4092 ut

570 4108 703 4167 aliis
755 4107 1023 4168 videtur:
1094 4108 1213 4169 Sed
1254 4129 1385 4169 cum
1424 4111 1649 4170 nullum
1703 4113 1917 4173 habere
1955 4115 2183 4194 possint
2235 4133 2365 4174 esse
2419 4113 2575 4173 reale
2613 4115 2690 4173 ab
2744 4121 2977 4188 aeterno,

570 4185 675 4246 sed
702 4195 928 4246 tantum
968 4188 1361 4265 nitentionale,
1390 4209 1508 4249 non
1544 4191 1714 4251 aliter
1753 4191 1869 4252 dici
1895 4205 2138 4272 possunt
2164 4195 2414 4255 existere
2441 4193 2516 4252 ab
2543 4201 2776 4270 aeterno,
2805 4211 2979 4270 quam

566 4267 791 4326 ratione
841 4267 1061 4327 decreti
1114 4269 1177 4326 in
1228 4288 1345 4346 quo
1386 4269 1784 4331 futuritionem
1829 4291 1992 4333 auam
2037 4275 2317 4335 obtinent.
2394 4273 2544 4332 >Cum
2591 4293 2732 4352 ergo
2785 4291 2981 4332 necee-

562 4346 895 4439 sitas-certa
921 4355 1164 4407 eventu-s
1208 4367 1329 4408 non
1354 4351 1539 4428 possit
1564 4351 1794 4412 fundari
1835 4353 1898 4412 in
1936 4355 2310 4414 terminorum
2357 4353 2718 4413 connexione
2761 4353 2984 4412 contin·

568 4435 748 4503 genu,
794 4445 902 4486 nec
950 4427 1012 4486 in
1059 4428 1301 4488 scientia
1344 4430 1472 4508 ipsa
1513 4451 1645 4508 quae
1687 4451 1808 4492 rem
1851 4435 2169 4512 cognoscit,
2199 4453 2316 4495 non
2344 4434 2499 4508 facit,
2531 4435 2792 4511 sequitur
2815 4440 2886 4493 nt
2907 4431 2988 4492 sit

566 4513 793 4566 tantum
820 4527 859 4566 a
893 4508 1287 4568 eonnectentis
1326 4507 1541 4568 efficaci
1568 4510 1842 4590 decret03
1883 4513 2040 4574 unde
2067 4513 2281 4593 optime
2309 4513 2572 4574 Thomas-
2591 4513 2629 4574 i.
2660 4535 2718 4592 q.
2752 4517 2845 4589 14,
2875 4519 2982 4572 art.

574 4587 666 4645 13.
750 4588 791 4620 ‘⁴
818 4587 933 4663 Qui
952 4589 1253 4666 cognoscit
1280 4587 1545 4650 effectum
1595 4593 2026 4672 contingentem
2067 4593 2128 4653 in
2170 4613 2276 4654 sua
2303 4613 2478 4654 causa
2505 4601 2750 4669 tantum,
2779 4601 2839 4653 et
2865 4612 2983 4651 non

564 4665 629 4724 in
656 4687 833 4727 cansa
856 4668 1053 4746 aliqua
1080 4669 1359 4748 superiori
1386 4677 1545 4731 certo
1570 4670 2010 4750 determinante,
2053 4693 2170 4734 non
2211 4673 2388 4734 hahet
2414 4673 2488 4733 dc
2515 4694 2585 4734 eo
2615 4674 2728 4732 nisi
2755 4673 2980 4752 conjec-
