3300 5225
304 345 536 402 cums-r.
566 326 659 411 ιι]
1165 346 1245 389 ns
1272 346 1678 391 movim-:mia
1708 343 1828 389 nst.
2599 334 2720 391 457

392 490 575 550 XIV.
619 488 785 549 Licet
814 489 975 551 Deus
1021 497 1375 568 praemoveat
1414 506 1619 551 causas
1661 488 1960 565 secundas,
1991 508 2108 550 non
2149 496 2340 569 potest
2367 496 2560 550 tamen
2601 490 2721 551 dici

314 572 575 635 actiones
603 588 906 629 causarum
948 570 1330 631 secundarum
1368 570 1703 649 producere,
1733 580 1875 650 puta
1914 571 2243 648 calefacere,
2275 570 2373 630 vel
2400 570 2717 631 ambulare.

309 651 463 727 Quia
487 648 604 709 ium
632 649 888 709 actiones
936 651 1063 710 Deo
1106 658 1331 709 tantum
1368 660 1710 729 competunt
1753 651 2063 728 efficienter,
2092 651 2371 711 creaturis
2397 670 2555 727 vero,
2602 672 2720 711 non

308 738 536 791 tantum
562 730 890 806 efficienter,
922 730 1027 789 sed
1052 731 1227 789 etiam
1242 732 1589 809 formaliter,
1622 739 1682 790 et
1707 731 2011 809 subjective,
2038 731 2333 809 quomodo
2360 730 2434 803 ab
2462 731 2580 791 illis
2615 751 2721 810 po-

308 809 427 870 tius
454 810 897 869 denominantur
923 817 1215 886 creaturae,
1239 830 1421 888 quam
1446 812 1571 888 ipse
1602 811 1783 871 Deus.

392 890 540 949 XV.
584 890 865 966 Quamvis
886 891 1175 949 Creaturae
1192 890 1311 950 sint
1337 891 1720 950 iustrumenta
1746 890 1960 967 quibus
1983 890 2145 951 Deus
2171 890 2354 950 utitur
2379 889 2455 950 ad
2483 910 2720 969 operum

311 990 549 1031 suorum
575 969 975 1030 executionem
999 992 1014 1046 ;
1060 970 1193 1029 Non
1220 969 1493 1029 desinunt
1518 970 1814 1047 proprium
1834 970 2047 1030 habere
2074 970 2377 1047 influxum,
2403 981 2462 1032 ει
2479 971 2722 1031 induere

309 1050 481 1129 enim
506 1070 811 1110 causarum
846 1049 1273 1127 principalium,
1304 1068 1423 1109 non
1466 1049 1702 1127 quidem
1742 1059 2010 1128 respectu
2057 1050 2185 1126 Dei,
2219 1050 2322 1111 sed
2369 1052 2721 1129 reliquarum

308 1150 614 1192 causarum
642 1130 753 1189 sibi
782 1129 1303 1189 subordinatarum.
1385 1130 1509 1189 Nec
1535 1128 1850 1189 absurdum
1872 1138 1967 1190 est
1995 1130 2140 1191 duas
2167 1129 2293 1189 dari
2331 1150 2536 1191 causas
2564 1132 2718 1210 ejus-

308 1211 445 1270 dem
488 1229 731 1269 numero
780 1209 1019 1269 effectus
1064 1210 1323 1269 totaliter
1361 1217 1620 1287 agentes,
1665 1208 1882 1269 diversi
1929 1210 2182 1287 ordinis3
2233 1230 2366 1270 cum
2422 1210 2724 1289 utriusque

310 1310 504 1351 causae
532 1309 648 1349 ana
674 1289 907 1349 demum
936 1290 1012 1349 sit
1038 1289 1207 1363 actio,
1238 1308 1355 1366 qua
1380 1289 1457 1348 ad
1482 1288 1753 1348 effectum
1781 1297 2146 1350 concurrunt.

393 1370 576 1429 XVI.
620 1369 901 1444 Quamvis
926 1368 1225 1446 praemotio
1256 1368 1368 1427 Dei
1396 1368 1745 1429 extendatur
1784 1369 1861 1428 ad
1888 1370 2146 1430 actiones
2179 1368 2378 1446 malas,
2408 1389 2526 1429 non
2551 1388 2723 1449 prop-

310 1458 471 1509 terea
500 1451 691 1509 Deum
719 1449 858 1508 facit
884 1448 1070 1526 culpae
1098 1467 1277 1524 reum,
1307 1448 1405 1507 vel
1433 1449 1732 1508 authorem
1754 1449 2014 1526 peccati;
2059 1449 2208 1525 Quia
2221 1448 2327 1507 illa
2353 1459 2577 1510 tantum
2593 1470 2724 1528 per-

310 1530 461 1589 tinet
484 1529 563 1588 ad
589 1529 862 1606 actiones,
892 1536 1180 1605 quatenus
1219 1528 1593 1587 materialiter
1638 1536 1698 1587 et
1739 1530 2018 1589 entitattbe
2059 1548 2120 1589 se
2161 1528 2394 1603 habent,
2423 1550 2540 1589 non
2583 1550 2724 1589 vero

310 1610 622 1685 moraliter,
653 1608 733 1667 id.
762 1608 839 1667 ad
864 1616 1022 1667 acm
1048 1609 1429 1682 metantium,
1474 1606 1577 1667 sed
1604 1627 1724 1666 non
1751 1605 1827 1666 ad
1847 1609 1974 1685 ejus
2001 1610 2278 1667 malitiam
2295 1630 2315 1667 .·
2353 1610 2478 1667 Nec
2506 1628 2724 1669 novum

312 1697 421 1764 est,
452 1696 517 1748 ιιι
543 1708 660 1748 una
686 1688 1001 1766 eademque
1029 1688 1180 1747 actio
1222 1686 1609 1747 diversimode
1648 1686 2058 1763 consideretur,
2090 1690 2188 1747 vel
2205 1689 2452 1765 phgtst‘ce,
2481 1688 2580 1747 vel
2605 1710 2722 1748 mo-

312 1770 517 1827 raliter
531 1792 557 1842 ,·
600 1768 686 1827 Ut
714 1766 1096 1845 Magistratus
1124 1774 1214 1827 est
1234 1787 1409 1827 eausa
1427 1766 1630 1827 mortis
1699 1788 1790 1827 uae
1811 1767 2095 1845 infligitur
2119 1788 2220 1827 reo
2247 1788 2283 1826 a
2309 1768 2594 1844 carnifice,
2621 1768 2726 1829 sed

313 1868 433 1907 non
460 1856 549 1907 est
576 1866 751 1905 causa
778 1846 1136 1906 crudelitatis
1164 1865 1338 1924 quam
1365 1848 1426 1906 in
1446 1846 1550 1906 illa
1566 1867 1649 1906 cae
1693 1867 1724 1907 e
1747 1848 2022 1923 exhibet3
2066 1847 2419 1907 citharoedus
2439 1848 2725 1926 pulsando

314 1928 595 1987 citharam
621 1934 712 1985 est
738 1945 915 1985 causa
941 1926 1086 2001 soni,
1111 1945 1229 1985 non
1248 1946 1389 1986 vero
1417 1926 1790 1986 dissonantiae
1813 1922 1943 2004 q'uae
1971 1926 2154 1987 oritur
2179 1948 2215 1986 a
2241 1928 2507 2005 chordis;
2537 1936 2598 1987 et
2625 1928 2727 2006 qui

316 2008 500 2085 agitat
516 2025 729 2083 equum
740 2006 1027 2080 claudum,
1042 2024 1217 2065 causa
1232 2014 1322 2065 est
1336 2006 1613 2082 incessuS,
1628 2006 1736 2065 sed
1749 2026 1865 2065 non
1883 2007 2338 2067 claudicationis.
2381 2008 2505 2067 Nec
2517 2008 2725 2084 obstat,

316 2086 475 2165 quod
499 2085 722 2144 malitia
746 2085 853 2143 tali
878 2084 1033 2144 actui
1061 2086 1385 2144 necessario
1405 2093 1465 2145 et
1484 2085 1943 2164 inseparabiliter
1969 2095 2059 2146 est
2085 2105 2314 2145 annexa
2334 2108 2348 2163 ;
2381 2088 2533 2146 unde
2563 2088 2728 2165 sequi

316 2165 565 2241 videtur,
586 2184 719 2224 eum
734 2166 837 2242 qui
854 2173 942 2224 est
963 2184 1138 2224 causa
1152 2166 1287 2225 talis
1308 2173 1489 2241 actus,
1502 2184 1630 2224 esse
1648 2166 1822 2223 etiam
1841 2165 2050 2225 debere
2069 2186 2300 2225 causam
2317 2166 2570 2242 malitiae,
2587 2167 2730 2243 quia

316 2245 589 2307 voluntas
617 2253 809 2303 ereata
834 2264 955 2303 non
974 2244 1142 2304 aliter
1168 2253 1257 2304 est
1277 2264 1452 2304 causa
1470 2245 1706 2304 moralis
1725 2244 1980 2319 malitiae,
2001 2246 2117 2304 nisi
2138 2253 2537 2324 quatenus-est
2554 2264 2730 2306 causa

316 2325 631 2385 materialis
647 2332 831 2401 actus,
862 2324 958 2384 cui
977 2325 1301 2385 necessario
1322 2333 1411 2384 est
1428 2344 1658 2384 annexa
1669 2324 1912 2383 malitia.
1957 2326 2031 2385 R.
2056 2325 2206 2383 Nam
2222 2324 2369 2383 falso
2387 2324 2732 2403 supponitur

318 2407 677 2466 voluntatem
706 2413 955 2464 creatam
982 2424 1101 2463 non
1128 2404 1296 2464 aliter
1315 2420 1442 2463 esse
1471 2423 1704 2463 causam
1723 2404 1978 2477 malitiae,
2003 2404 2120 2465 nisi
2136 2411 2420 2482 quatenus
2447 2413 2538 2464 est
2554 2424 2730 2464 causa

318 2494 501 2561 actus,
530 2484 625 2545 cui
652 2504 881 2543 annexa
906 2492 998 2544 est
1024 2484 1281 2561 malitia3
1319 2484 1463 2561 quia
1497 2484 1786 2561 voluntas,
1815 2492 1884 2543 ut
1909 2505 2081 2561 oyem
2097 2486 2406 2563 physicum
2437 2494 2529 2545 est
2555 2506 2732 2545 causa

307 2566 549 2645 physica
574 2574 748 2640 actua,
776 2564 883 2625 scd
908 2572 976 2624 ιιι
994 2584 1173 2642 aqens
1198 2568 1431 2641 morale,
1462 2573 1551 2626 est
1578 2584 1755 2624 causa
1780 2565 2016 2625 moralis
2041 2566 2286 2642 maliace,
2306 2584 2424 2624 non
2453 2565 2727 2645 simplici-

317 2655 409 2706 ter
448 2645 585 2724 quia
609 2655 803 2706 actum
841 2643 1111 2722 producit
1137 2645 1243 2705 sed
1274 2645 1411 2724 quia
1438 2653 1631 2705 actum
1659 2646 1835 2704 talem
1874 2646 2143 2724 producit
2169 2654 2369 2706 contra
2393 2645 2602 2724 legem,
2635 2645 2731 2706 cui

319 2725 609 2790 obnoxius
634 2727 807 2784 homo
836 2733 993 2803 erat;
1038 2725 1227 2785 Causa
1254 2745 1396 2802 ergo
1422 2746 1527 2785 cur
1553 2725 1775 2785 malitia
1799 2725 2116 2804 imputetur
2133 2725 2421 2786 voluntati
2441 2727 2728 2801 humanas,

318 2827 437 2866 non
464 2814 555 2866 est
581 2805 919 2883 simpliciter
937 2805 1075 2883 quia
1094 2806 1361 2884 producit
1387 2813 1581 2864 actum
1602 2805 1664 2863 in
1681 2825 1892 2882 genere
1913 2805 2078 2882 entis,
2103 2813 2170 2865 ut
2195 2825 2376 2884 agens
2402 2807 2728 2884 physicum,

320 2886 425 2946 sed
450 2886 589 2964 quia
614 2893 705 2945 est
728 2886 905 2945 homo
930 2884 1051 2962 legi
1093 2885 1377 2963 subditus,
1408 2884 1510 2963 qui
1550 2885 1819 2963 producit
1858 2893 2052 2945 actum
2077 2885 2343 2963 vetitum,
2393 2905 2509 2964 qua
2549 2905 2731 2964 agens

318 2967 554 3027 morale.
639 2964 811 3026 Unde
838 2965 1061 3024 malitia
1086 2965 1321 3024 moralis
1349 2985 1467 3024 non
1494 2965 1755 3042 sequitur
1781 2965 2089 3025 intrinsece
2117 2975 2176 3026 ει
2203 2985 2279 3025 ex
2306 2973 2512 3025 natura
2537 2967 2623 3025 rei
2649 2965 2726 3024 ad

316 3055 531 3120 actum,
560 3053 626 3104 ut
652 3053 817 3104 actus
845 3051 935 3104 est
973 3045 1035 3102 in
1076 3065 1287 3123 genere
1328 3053 1565 3121 naturae,
1598 3045 1704 3104 sed
1729 3053 1795 3105 ut
1821 3046 2084 3123 procedit
2121 3066 2160 3104 a
2198 3045 2498 3106 voluntate
2539 3053 2733 3105 creata

320 3125 640 3200 deficiente,
672 3123 766 3183 cui
791 3123 1050 3201 proinde,
1079 3145 1199 3184 non
1228 3126 1373 3202 Deo,
1404 3125 1579 3185 debet
1604 3125 1784 3186 tribui
1831 3126 2141 3185 causalitas
2175 3126 2416 3203 peccati.
2503 3125 2732 3185 Deinde

320 3204 469 3264 ratio
494 3222 612 3262 non
640 3203 831 3263 minus
855 3203 1072 3262 militat
1090 3212 1297 3263 contra
1324 3223 1668 3264 concursum
1696 3204 2118 3280 simultaneum,
2149 3225 2323 3282 quam
2357 3214 2560 3266 contra
2585 3226 2731 3284 prae-

320 3283 499 3359 vium,
529 3283 668 3361 quia
687 3283 862 3361 juxta
888 3282 1052 3342 illum
1084 3284 1246 3342 Deus
1273 3284 1563 3342 concurrit
1602 3283 1778 3342 etiam
1805 3305 1942 3344 vere
1970 3294 2030 3345 et
2069 3285 2383 3345 efficienter
2422 3285 2498 3344 ad
2538 3294 2732 3346 actum

323 3363 679 3424 materialem
704 3362 943 3440 peccati,
975 3381 1115 3439 ergo
1143 3361 1379 3422 debebit
1406 3363 1579 3421 etiam
1609 3383 1737 3422 esse
1765 3383 1941 3423 causa
1965 3364 2219 3440 malitiae,
2250 3384 2380 3442 quse
2408 3364 2496 3422 illi
2523 3374 2612 3425 est
2627 3385 2732 3424 an·

322 3463 493 3503 nexa.
541 3443 813 3503 Saniores
832 3441 1178 3501 Scholastici
1203 3442 1373 3501 nobis
1399 3441 1843 3520 adstipulantur,
1869 3445 2112 3502 ἸῚιωηω
2138 3444 2199 3500 in
2217 3449 2274 3504 2.
2293 3444 2429 3503 dist.
2460 3447 2557 3503 37.
2588 3464 2645 3521 q.
2669 3449 2726 3505 2.

322 3531 431 3584 art.
458 3527 516 3598 2,
550 3525 587 3558 ‘⁴
612 3522 776 3582 Deus
802 3523 863 3580 in
890 3521 1117 3581 actione
1144 3520 1495 3581 deformitati
1542 3522 1868 3599 conjuncta,
1892 3523 2004 3581 hoc
2041 3521 2199 3599 quod
2242 3530 2332 3581 est
2368 3523 2612 3582 actionis
2646 3522 2730 3582 fa-

323 3603 419 3679 cit,
440 3601 597 3680 quod
624 3601 1005 3662 deformitatis
1032 3609 1123 3661 est
1146 3621 1265 3662 non
1290 3600 1431 3660 facit
1453 3623 1469 3677 ;
1512 3601 1624 3660 etsi
1661 3599 1816 3660 enim
1841 3601 1904 3658 in
1944 3600 2138 3679 aliquo
2167 3600 2376 3661 effectu
2402 3602 2570 3679 plura
2597 3609 2734 3662 sunt

320 3681 783 3760 inseparabiliter
806 3681 1134 3760 conjuncta,
1163 3701 1283 3741 non
1310 3689 1539 3758 oportet
1564 3689 1631 3740 ut
1669 3679 1946 3758 quicquid
1975 3680 2052 3741 sit
2089 3700 2266 3740 causa
2297 3681 2425 3760 ejus
2452 3689 2734 3758 quantum

324 3763 401 3822 ad
427 3781 623 3839 unum,
656 3763 733 3822 sit
758 3763 933 3821 etiam
959 3781 1136 3821 causa
1162 3763 1290 3840 ejus
1316 3768 1595 3837 quantum
1624 3759 1701 3820 ad
1727 3761 2030 3820 alterum.''
2060 3760 2158 3820 Ita
2183 3761 2491 3821 caietanus
2508 3761 2570 3820 in
2600 3763 2653 3821 1.
2673 3767 2732 3823 2.

323 3863 381 3921 q.
412 3846 507 3918 79,
528 3851 635 3902 art.
659 3845 713 3902 1.
746 3843 782 3877 “
808 3841 1081 3920 Sequitur
1096 3841 1284 3916 tertio,
1305 3840 1462 3918 quod
1476 3860 1595 3899 non
1612 3849 1702 3901 est
1728 3839 1882 3900 idem
1899 3859 2238 3900 concurrere
2255 3840 2329 3899 ad
2347 3849 2538 3900 actum
2557 3842 2732 3902 talem

324 3921 643 3984 secundum
662 3921 726 3981 id
740 3922 899 4001 quod
919 3921 1095 3981 habet
1114 3921 1189 3980 ab
1209 3928 1419 3998 agente
1439 3927 1507 3980 ut
1533 3921 1633 3996 sic,
1648 3929 1708 3980 et
1735 3921 2051 3980 secundum
2063 3921 2225 3998 quod
2239 3919 2417 3980 habet
2434 3921 2508 3979 ab
2525 3929 2736 3998 agente

322 4011 391 4063 ut
416 4001 737 4078 deficiente,
761 4001 911 4062 sicut
936 4021 1055 4060 non
1082 4010 1173 4060 est
1188 4000 1344 4059 idem
1366 4019 1494 4060 esse
1522 4020 1720 4078 agens,
1744 4008 1804 4060 et
1828 4019 1957 4060 esse
1985 4000 2316 4061 deficiens.''
2348 3999 2602 4060 Alvarez
2628 4001 2734 4061 lib.

324 4081 386 4142 ii.
414 4101 541 4160 cap.
567 4085 628 4142 9.
662 4084 698 4117 ‘⁴
721 4082 855 4140 Non
898 4080 1159 4157 sequitur
1186 4081 1379 4141 Deum
1406 4099 1532 4140 esse
1560 4099 1795 4141 causam
1834 4080 2074 4158 peccati,
2103 4081 2243 4157 quia
2283 4080 2628 4140 determinat
2660 4080 2738 4140 ad

324 4170 557 4240 actup3
616 4161 755 4240 quia
781 4160 1115 4221 deformitas
1142 4161 1515 4238 consequitur
1540 4169 1752 4236 actum,
1770 4179 1888 4220 non
1917 4161 2233 4221 secundum
2250 4159 2407 4239 quod
2434 4169 2524 4220 est
2549 4160 2612 4218 in
2633 4181 2735 4239 ge-

323 4262 462 4382 ιιῗὲε
487 4249 727 4381 ιιιιιιιιῖεε,
746 4240 857 4350 sed
882 4240 1199 4302 secundum
1219 4240 1377 4319 quod
1403 4247 1495 4301 est
1524 4239 1585 4299 in
1614 4259 1826 4319 genere
1851 4259 2094 4318 morum,
2124 4249 2186 4300 et
2207 4248 2380 4320 prout
2407 4248 2676 4300 causatur
2701 4261 2738 4299 a

322 4323 369 4380 li
442 4341 508 4380 ro
534 4342 601 4382 ar
639 4322 792 4381 itrio.

408 4401 627 4461 XVII.
671 4402 819 4461 Cum
844 4400 909 4459 in
948 4400 1107 4460 omni
1148 4399 1375 4460 actione
1416 4399 1623 4459 morali
1662 4398 1988 4460 necessario
2028 4397 2442 4478 distinguenda
2479 4399 2557 4459 sit
2598 4395 2736 4456 sub-

328 4481 543 4542 stantia
567 4489 733 4542 actus
760 4481 823 4540 in
850 4501 1063 4558 genere
1091 4481 1259 4557 entis,
1292 4480 1367 4540 ab
1414 4479 1680 4559 ejusdem
1719 4481 1979 4540 bonitate
2018 4480 2116 4540 vel
2155 4481 2380 4539 malitia
2419 4478 2482 4538 in
2523 4497 2735 4555 genere

327 4561 525 4640 moris,
554 4559 707 4623 actio
734 4561 1103 4640 intelligendi
1128 4569 1191 4622 et
1216 4561 1453 4621 volendi
1482 4559 1838 4638 simpliciter,
1869 4579 1998 4638 quse
2024 4559 2204 4621 habet
2237 4558 2518 4620 rationem
2561 4567 2736 4617 mte-

326 4642 509 4720 riculis,
538 4642 615 4703 ab
661 4640 891 4704 actione
930 4639 1299 4720 intelligendi
1338 4649 1399 4702 ει
1424 4639 1666 4702 volendi
1704 4641 1818 4702 hoc
1855 4640 1954 4701 vel
1993 4639 2142 4702 illud
2181 4639 2474 4718 objectum
2513 4636 2741 4699 licitum
