3300 5225
556 253 673 311 552
1533 274 1718 317 Locus
1745 275 1957 317 nor-ms.
2569 253 2844 334 [eumer.
2883 271 3014 312 vn.
3230 299 3231 332 ,

558 431 686 470 rum
708 432 898 490 causa,
928 435 1035 475 nec
1062 416 1193 475 ideo
1219 436 1314 476 res
1338 415 1489 477 fiunt
1508 415 1646 496 quia
1671 416 2067 494 praesciuntur,
2093 415 2197 476 sed
2223 414 2620 493 praesciuntur,
2645 413 2792 491 quia
2817 412 3014 472 film-

559 509 639 550 rae
668 501 835 570 sunt;
882 495 1005 554 Nec
1034 497 1171 574 quia
1198 497 1452 572 decrevit,
1481 497 1620 575 quia
1647 497 1908 556 decrevit
1933 495 2168 574 quidem
2189 496 2537 574 permittere,
2569 494 2675 554 sed
2703 514 2830 552 non
2869 492 3016 551 effi·

560 590 725 632 cere:
754 574 811 632 N
814 593 879 632 ec
899 576 1035 652 quia
1063 578 1437 637 tentationem
1453 578 1731 655 permisit,
1762 576 1900 654 quia
1923 597 2031 636 nec
2058 577 2415 636 voluntatem
2441 575 2710 634 tentandi
2737 573 3014 632 diabolo

561 651 881 730 inspiravit,
906 675 1013 715 nec
1040 655 1205 714 illum
1223 657 1298 716 ad
1324 656 1387 716 id
1406 657 1670 735 impulit,
1715 656 1818 716 sed
1845 665 2068 716 tantum
2095 656 2357 734 permisit
2366 656 2612 732 physice,
2643 674 2768 712 non
2791 654 3008 731 impe-

562 729 878 871 diendo‚dut
904 733 966 795 id
990 745 1264 814 praestare
1290 737 1454 797 nulla
1478 738 1611 817 lege
1637 737 1959 814 tenebatur,
1987 755 2106 796 non
2133 738 2319 812 ethice,
2341 734 2714 814 approbando
2745 742 2810 794 et
2833 753 3008 792 con-

564 819 787 870 sentlen
829 833 882 873 0.

644 889 829 954 XIV.
872 893 1083 954 Fateor
1128 897 1225 957 hic
1272 918 1404 958 cum
1450 896 1827 976 permissione
1871 897 2182 956 accessisse
2225 895 2593 974 negationem
2649 892 2866 971 gratiae
2937 899 3008 952 et

564 971 770 1030 auxilii
798 973 1059 1051 efficacia,
1091 997 1207 1054 quo
1234 987 1367 1038 actu
1410 986 1626 1038 staret:
1678 977 1826 1035 Nam
1857 976 1907 1036 si
1933 978 2048 1036 tale
2077 976 2360 1036 auxilium
2387 975 2660 1050 dedisset,
2701 973 3004 1032 Adamas

563 1049 763 1128 lapsus
809 1073 926 1112 non
981 1055 1201 1117 fuisset.
1288 1057 1405 1118 Sed
1451 1077 1639 1136 neque
1695 1057 1780 1116 sic
1831 1057 1894 1115 in
1947 1057 2170 1134 peccati
2213 1056 2564 1116 consortium
2611 1062 2812 1132 potest
2857 1052 3004 1112 diei

564 1130 828 1210 venisse3
873 1134 1023 1194 Tum
1051 1138 1187 1215 quia
1213 1138 1432 1196 nullam
1460 1137 1708 1216 gratiam
1735 1137 2018 1196 internam
2060 1144 2230 1196 antea
2257 1136 2452 1196 datam
2487 1134 2601 1213 ipsi
2641 1133 2997 1208 subtraxit3

565 1229 675 1269 nec
704 1231 835 1272 eum
863 1214 939 1273 ad
966 1217 1299 1277 tentationis
1326 1219 1736 1278 admissionem
1761 1218 1860 1276 vel
1885 1236 2186 1276 assensum
2213 1215 2444 1293 impulit
2469 1215 2567 1272 vel
2593 1214 2828 1292 coegit3
2873 1213 3000 1272 sed

566 1310 777 1350 novam
820 1302 1044 1354 tantum
1071 1297 1521 1358 confirmationis
1562 1297 1809 1376 gratiam
1837 1317 1955 1356 non
1981 1297 2160 1372 dedit,
2189 1297 2288 1355 vel
2315 1295 2624 1356 efficaciam
2649 1313 2756 1372 per
2795 1313 2996 1370 quam

566 1380 893 1433 actuaretur
920 1377 1107 1452 gratia
1134 1397 1263 1455 quae
1291 1380 1353 1436 in
1378 1378 1507 1456 ipso
1534 1387 1675 1454 erat,
1705 1398 1881 1455 quam
1905 1397 2014 1437 nec
2044 1377 2179 1436 dare
2207 1377 2526 1450 tenebatur,
2561 1394 2670 1433 nec
2699 1373 2844 1432 dare
2871 1393 2992 1432 vo-

563 1449 675 1510 luit
703 1453 1123 1530 sapientissimo
1153 1458 1411 1535 consilio,
1440 1458 1517 1518 ad
1558 1459 1978 1537 explorandum
2019 1457 2362 1535 obsequium
2389 1462 2681 1515 creaturae.
2769 1453 2900 1511 Nec
2933 1453 2994 1512 si

568 1531 691 1590 sine
709 1533 812 1591 tali
832 1534 1051 1595 auxilio
1072 1537 1269 1616 lapsus
1285 1538 1457 1597 vitari
1474 1539 1548 1597 ab
1566 1538 1798 1598 Adamo
1826 1557 1942 1597 non
1969 1535 2174 1616 potuit,
2196 1536 2454 1612 sequitur
2475 1553 2606 1594 eum
2627 1553 2662 1592 a
2677 1533 2858 1611 culpa
2871 1533 2990 1592 im-

568 1630 801 1682 munem
829 1613 1034 1691 fuisse3
1078 1617 1217 1694 quia
1242 1619 1556 1678 necessitas
1578 1619 1680 1676 illa
1696 1638 1813 1677 non
1833 1616 2140 1694 abrogavit
2160 1617 2286 1693 ejus
2303 1615 2645 1689 libertatem,
2665 1633 2775 1672 nec
2791 1612 2988 1672 obsti-

568 1690 641 1748 tit
669 1693 975 1767 quominus
1015 1695 1196 1755 libere
1238 1697 1490 1774 peccarit
1517 1705 1577 1756 et
1602 1697 1857 1756 maxima
1897 1717 2028 1756 cum
2074 1695 2513 1775 spontaneitate,
2555 1694 2722 1754 nulla
2751 1701 2986 1753 naturae

566 1772 909 1831 necessitate
937 1774 1035 1832 vel
1061 1775 1356 1836 coactione
1384 1776 1459 1835 ad
1486 1777 1547 1835 id
1572 1777 1876 1854 impulsus.

650 1849 796 1910 XV.
845 1851 993 1912 Sunt
1032 1855 1133 1932 qui
1174 1855 1323 1914 hanc
1365 1857 1566 1934 gratiae
1606 1857 1992 1934 negationem,
2021 1875 2125 1934 per
2153 1855 2514 1914 desertionem
2554 1853 2744 1914 solent
2779 1852 2986 1932 expri-

566 1947 740 2006 mere,
770 1951 883 1990 non
912 1934 1278 2012 privativam,
1312 1937 1481 2014 quasi
1520 1937 1708 2014 gratia
1745 1937 1972 1996 interna
1999 1945 2058 1996 et
2082 1935 2396 1996 habitualis
2425 1936 2552 2013 jam
2583 1933 2737 2009 data,
2780 1933 2988 1992 ablata
3230 1969 3231 1988 ι

566 2005 756 2085 fuerit,
789 2011 892 2070 sed
919 2016 1250 2091 negativam,
1281 2036 1397 2094 qua
1439 2017 1808 2094 suspenditur
1847 2015 2104 2076 nondum
2132 2016 2286 2074 data.
2372 2015 2489 2075 Sed
2515 2033 2696 2092 quum
2721 2013 2980 2072 desertio
3230 2015 3231 2096 ᾖ

564 2090 795 2182 proprie
822 2091 1090 2153 videatur
1126 2114 1447 2174 supponere
1476 2096 1691 2156 deserti
1716 2096 1946 2174 culpam
1972 2096 2224 2173 aliquam
2254 2094 2705 2168 antecedentem,
2733 2099 2980 2170 praestat
3230 2105 3231 2110 ’

568 2177 655 2228 uti
676 2190 820 2230 voce
848 2175 1171 2250 negationi-3,
1203 2177 1299 2235 vel
1326 2198 1439 2236 non
1465 2176 1798 2252 donationis,
1822 2185 1889 2235 ut
1915 2176 2142 2234 dicatur
2169 2175 2330 2234 Deus
2357 2195 2474 2234 non
2501 2173 2730 2232 dedisse
2751 2172 2978 2230 homini

568 2248 815 2326 gratiam
843 2254 1127 2314 actualem
1156 2255 1461 2316 efficaciter
1488 2255 1786 2315 Adamum
1812 2255 2289 2315 determinantem
2331 2254 2406 2312 ad
2434 2252 2720 2328 standum,
2751 2270 2828 2310 ex
2857 2271 2977 2328 qua

568 2330 876 2406 negatione
904 2343 1213 2411 sequutum
1254 2335 1487 2413 quidem
1514 2335 1690 2395 fuerit
1713 2344 2016 2413 peccatum
2041 2335 2365 2394 necessario
2391 2331 2734 2392 necessitate
2771 2350 2974 2390 conse-

569 2409 822 2484 quentiae
863 2420 923 2471 et
948 2413 1323 2492 hypothetica
1350 2435 1385 2474 a
1409 2424 1571 2493 parte
1603 2416 1733 2491 Dei,
1765 2414 1868 2474 sed
1894 2415 2074 2474 libere
2100 2422 2296 2473 tamen
2323 2433 2360 2472 a
2383 2420 2544 2491 parte
2573 2411 2840 2488 hominis,
2871 2411 2972 2488 qui

568 2487 682 2580 sibi
703 2493 991 2631 cpnscitfifii
988 2493 1115 2571 fuit,
1140 2496 1265 2554 sola
1291 2496 1591 2556 voluntate
1618 2504 1679 2555 et
1703 2495 1867 2555 nulla
1892 2495 2119 2554 interna
2144 2493 2486 2553 necessitate
2513 2492 2588 2552 ad
2615 2491 2970 2570 peccandum

566 2586 728 2647 impu
754 2589 881 2629 sum
993 2593 1105 2634 sse.

652 2648 835 2709 XVI.
879 2651 935 2711 N
936 2671 1011 2711 on
1037 2655 1371 2733 negandum
1411 2675 1549 2715 sane
1574 2655 1673 2716 hic
1701 2654 1998 2734 sapientiae
2027 2654 2140 2713 Dei
2166 2656 2317 2720 βάθος
2341 2672 2655 2728 occurrere,
2686 2651 2968 2711 admiran-

570 2726 709 2786 dum
749 2730 943 2808 potius
984 2754 1157 2812 quam
1198 2735 1539 2813 rimandum,
1584 2736 1746 2815 quod
1783 2736 2022 2796 rationis
2063 2744 2294 2813 captum
2321 2722 2658 2811 longissime
2701 2738 2968 2810 superat;

524 2820 527 2825 '
574 2806 688 2881 Qui
728 2810 854 2870 scil.
875 2814 1126 2874 voluerit
1154 2816 1317 2876 Deus
1344 2815 1590 2893 gratiam
1624 2816 1796 2875 istam
1823 2816 2045 2875 homini
2085 2814 2274 2875 adhuc
2314 2813 2639 2873 immerenti
2665 2812 2966 2889 denegare,

572 2908 695 2948 sine
723 2910 841 2967 qua
879 2894 1238 2969 praevidebat
1278 2915 1410 2955 eum
1448 2896 1679 2972 lapsum
1705 2897 1890 2955 vitare
1916 2915 2035 2953 non
2073 2914 2262 2972 posse.
2347 2894 2522 2955 Unde
2561 2901 2713 2963 sunt,
2753 2892 2869 2969 qui,
2897 2910 2970 2949 ne

574 2966 735 3028 Deus
763 2970 1031 3031 videatur
1058 2973 1379 3033 deseruisse
1406 2974 1717 3048 hominem,
1746 2976 2081 3052 priusquam
2117 2973 2191 3034 ab
2217 2975 2449 3033 homine
2480 2974 2742 3033 desertus
2781 2971 2966 3045 fuerit,

573 3054 836 3108 statuunt
873 3050 1064 3110 Deum
1092 3052 1325 3112 Adamo
1361 3060 1625 3130 paratum
1669 3054 1848 3113 fuisse
1887 3054 2134 3131 gratiam
2174 3053 2623 3113 confirmationis
2661 3051 2878 3129 largiri,
2919 3052 2968 3109 si

572 3126 747 3185 homo
773 3128 1057 3190 voluisset
1096 3131 1174 3190 ad
1214 3152 1339 3192 eam
1368 3130 1541 3192 confu
1584 3152 1698 3209 ere,
1729 3142 1788 3193 et
1827 3152 1899 3194 ea
1923 3133 2026 3211 uti,
2071 3133 2178 3194 sed
2202 3154 2334 3193 cum
2375 3134 2673 3209 auxilium,
2704 3131 2862 3208 qnod
2885 3130 2969 3188 illi

573 3214 784 3344 praesto
812 3216 952 3284 erat,
993 3218 1052 3271 et
1093 3211 1186 3290 cuj
1192 3232 1261 3271 us
1288 3231 1457 3271 usum
1484 3232 1548 3271 ar
1588 3212 1722 3273 itrio
1750 3233 1856 3274 suo
1884 3215 2047 3273 Deus
2073 3214 2426 3292 permiserat,
2455 3212 2781 3291 neglexerit
2811 3209 2967 3269 adhi-

616 3304 728 3363 ere,
772 3287 982 3348 mirum
1008 3290 1197 3352 videri
1222 3312 1340 3353 non
1367 3291 1593 3368 debere,
1626 3292 1676 3353 si
1704 3315 1740 3353 a
1768 3295 1896 3355 Deo
1933 3294 2282 3371 denegatum
2325 3292 2514 3353 fuerit.
2589 3290 2708 3352 Sed
2733 3290 2966 3349 difficul-

574 3373 665 3424 tas
692 3387 823 3445 quae
849 3368 946 3429 hic
974 3372 1237 3449 occurrit,
1262 3392 1379 3431 non
1398 3382 1590 3451 potest
1615 3374 1728 3433 hac
1753 3376 1974 3435 ratione
2003 3372 2349 3434 sufficienter
2375 3373 2552 3447 solvi;
2583 3372 2720 3451 quia
2745 3371 2966 3447 neglec-

576 3453 671 3505 tus
718 3447 818 3508 ille
858 3469 1000 3511 usus
1041 3452 1246 3513 auxilii
1273 3453 1474 3529 divini,
1503 3454 1601 3513 vel
1641 3453 1853 3532 refugii
1893 3454 1969 3513 ad
2011 3454 2202 3512 Deum
2239 3453 2314 3512 ad
2355 3451 2503 3511 illud
2533 3450 2964 3529 impetrandum,

576 3538 876 3604 peccatum
904 3529 1029 3608 fuit,
1054 3534 1151 3593 vel
1190 3554 1343 3595 non:
1390 3533 1455 3593 Si
1490 3554 1609 3593 non
1635 3533 1746 3593 fuit
1785 3541 2102 3612 peccatum,
2132 3552 2250 3592 non
2289 3532 2492 3592 debuit
2530 3530 2663 3590 ideo
2703 3528 2970 3607 suspendi

580 3607 692 3667 Dei
721 3611 1040 3689 auxilium3
1104 3614 1166 3674 Si
1195 3613 1305 3673 fuit
1330 3622 1649 3691 peccatum,
1693 3634 1834 3691 ergo
1862 3614 2062 3673 datum
2094 3621 2185 3672 est
2223 3620 2525 3689 peccatum
2553 3610 2790 3687 aliquod
2819 3610 2970 3687 prius

576 3688 780 3765 primo.
866 3691 1093 3752 Deinde
1134 3713 1267 3754 cum
1294 3693 1371 3751 ad
1411 3712 1640 3752 omnem
1681 3702 1874 3753 actum
1901 3691 2121 3752 homini
2147 3692 2472 3751 necessaria
2512 3691 2588 3749 sit
2617 3689 2730 3749 Dei
2771 3690 2964 3767 gratia,

578 3774 822 3851 quaestio
848 3772 999 3831 redit
1027 3771 1099 3831 de
1126 3792 1237 3833 usu
1264 3772 1432 3832 istius
1452 3772 1676 3847 auxilii,
1706 3772 1808 3831 An
1835 3772 1910 3831 ad
1937 3774 2064 3851 ejus
2104 3772 2460 3846 exercitium,
2505 3770 2694 3847 gratia
2722 3770 2836 3829 Dei
2860 3768 2968 3828 effi-

580 3874 690 3913 cax
716 3853 853 3912 data
878 3851 1050 3910 fuerit
1086 3872 1121 3911 a
1150 3853 1296 3927 De0,
1339 3872 1519 3913 necne
1539 3854 1569 3912 P
1622 3853 1775 3912 Nam
1817 3853 1867 3912 si
1909 3852 2044 3911 data
2083 3852 2209 3928 fuit,
2239 3871 2356 3910 non
2397 3850 2586 3929 potuit
2625 3869 2744 3909 non
2785 3868 2854 3909 ea
2889 3848 2970 3909 uti

578 3934 789 3991 homo:
822 3930 886 3991 Si
913 3950 1052 3989 vero
1080 3940 1291 4009 negata
1318 3940 1425 4007 est,
1446 3933 1573 4010 jam
1599 3932 1834 4009 negatio
1862 3932 2148 4009 praecedet
2173 3932 2502 4008 neglectum
2519 3930 2791 3989 hominia.
2875 3929 2968 3989 Sa-

581 4013 698 4072 tius
746 4017 834 4069 est
877 4029 1017 4086 ergo
1059 4009 1155 4069 hic
1202 4011 1565 4088 acquiescere
1592 4011 1656 4069 in
1683 4011 1807 4070 solo
1847 4012 2140 4071 liberrimo
2170 4011 2282 4070 Dei
2310 4010 2690 4089 beneplacito,
2735 4008 2968 4087 gratiam

583 4112 746 4153 suam
774 4089 873 4149 vel
900 4087 1091 4148 dantis
1118 4090 1215 4148 vel
1241 4090 1509 4167 negantis
1535 4109 1641 4168 pro
1667 4089 1855 4165 libitu,
1887 4090 2010 4150 sine
2037 4092 2378 4169 cujusquam
2405 4090 2633 4169 injuria.
2718 4088 2884 4164 Quod
2908 4108 2971 4147 eo

582 4172 764 4233 tutius
792 4176 897 4242 est,
927 4167 1065 4244 quia
1084 4188 1201 4228 non
1220 4169 1395 4228 modo
1414 4170 1541 4246 jam
1567 4168 1641 4227 ab
1669 4176 1884 4228 aeterno
1905 4169 2204 4231 constituit
2231 4171 2476 4248 gratiam
2505 4188 2668 4229 suam
2688 4188 2806 4228 non
2826 4168 2968 4243 dare,

582 4252 757 4313 etiam
794 4255 1101 4324 antequam
1140 4248 1316 4307 homo
1357 4248 1640 4326 potuisset
1683 4248 1844 4308 illam
1871 4250 2168 4328 negligere
2195 4251 2292 4309 vel
2319 4252 2606 4329 abjicere3
2665 4250 2770 4309 sed
2810 4248 2970 4308 etiam

582 4332 719 4411 quia
746 4327 859 4388 nisi
886 4326 1020 4387 talis
1059 4334 1306 4405 ponatur
1342 4328 1649 4407 denegatio
1677 4331 1898 4407 gratiae,
1928 4330 2334 4390 antecedenter
2360 4332 2436 4390 ad
2461 4329 2712 4389 hominis
2752 4329 2970 4405 neglec-

582 4424 724 4488 tum,
743 4428 860 4469 non
875 4405 1087 4487 poterit
1114 4406 1327 4466 salvari
1352 4406 1708 4471 futtuitionis
1733 4410 1931 4490 lapsus
1959 4410 2260 4487 certitud0‚
2283 4418 2342 4471 et
2367 4410 2583 4470 veritas
2609 4408 2972 4487 praescientiae

582 4494 836 4555 divinae:
926 4488 1076 4547 Nam
1127 4487 1175 4547 si
1212 4507 1392 4565 penes
1429 4489 1720 4549 hominem
1758 4491 2010 4569 positum
2055 4490 2165 4549 fuit
2201 4490 2287 4550 uti
2327 4490 2514 4569 gratia
2550 4490 2679 4564 ista,
2709 4488 2809 4549 vel
2845 4508 2967 4561 non,

517 4590 525 4595 '
583 4598 715 4639 cum
738 4574 916 4633 homo
944 4567 1115 4628 fuerit
1154 4566 1487 4629 indifferens
1514 4578 1720 4630 natura
1761 4591 1882 4647 sua,
1927 4590 2046 4630 non
2085 4570 2274 4651 potuit
2302 4570 2670 4631 determinari
2712 4576 2869 4629 certo
2905 4566 2972 4627 ad
