3300 5225
38 752 41 833 ··—'*
38 678 41 733 —··
38 614 41 661 “““
38 564 48 599 ’1-
38 524 41 553 “-
38 316 52 513 -·—'-'-·=—.
38 174 50 307 -m-v
38 20 50 165 ''w-
38 0 47 5 Ι

599 328 723 386 350
831 354 836 359 ·
948 384 957 390 ,
1555 342 1741 385 meus
1767 342 2055 393 omarus.
2590 317 2853 401 [QuAEs‘r.
2882 337 3029 379 ΧΠ.

601 494 696 545 est
737 483 1006 563 gratuita,
1051 484 1222 542 Rom.
1255 482 1338 543 xi.
1369 485 1446 561 53
1491 484 1626 543 Non
1666 483 1869 544 eadem
1910 490 2000 543 est
2038 481 2186 542 ratio
2236 479 2701 559 Reprobationis‚
2730 498 2863 557 qnae
2890 486 3023 539 tam

605 585 682 623 ex
712 566 888 641 Lege,
934 583 1108 642 quam
1145 584 1222 623 ex
1263 563 1589 642 Evangelio
1631 564 1945 641 colligitur.
2028 564 2151 622 Nec
2194 562 2245 621 si
2285 562 2411 621 sola
2449 560 2596 620 fides
2622 568 2712 621 est
2754 560 3023 619 medinm

605 646 827 721 salutis,
877 646 1001 703 sola
1043 643 1418 704 incredulitas
1463 664 1590 704 esse
1633 644 1811 703 debet
1854 662 2028 703 causa
2070 641 2365 701 meritoria
2407 640 2831 700 damnationis:
2872 641 3020 717 quia

605 724 764 785 salus
785 724 846 782 vi
873 722 1106 783 foederis
1128 724 1330 801 gratiae
1351 732 1577 783 tantum
1601 732 1795 802 potest
1816 723 2031 798 haberi,
2056 721 2215 801 quod
2240 722 2461 781 nullam
2478 721 2868 781 conditionem
2894 720 3017 779 nisi

602 804 778 863 fidem
807 804 1008 881 exigit,
1053 804 1316 881 opposite
1358 803 1434 862 ad
1475 804 1696 881 Legem
1740 824 1870 881 quse
1920 822 2095 880 opera
2136 802 2507 880 postulabat:
2552 800 2672 861 Sed
2714 800 3015 861 damnatio

603 886 803 959 oritur,
845 904 966 942 non
1005 882 1180 941 modo
1221 904 1298 943 ex
1325 883 1640 943 violatione
1680 882 1916 942 foederis
1956 882 2175 960 gratiae,
2224 881 2328 941 sed
2372 882 2547 940 etiam
2590 901 2667 940 ex
2693 880 3015 941 violatione

580 964 837 1044 ‘foederis
866 983 1120 1041 operum,
1166 970 1226 1021 et
1265 964 1520 1041 peccatis
1561 971 1763 1023 contra
1791 962 2011 1040 Legem
2052 960 2338 1037 admissis,
2369 969 2488 1020 tam
2518 960 2801 1037 originali,
2832 980 3014 1037 quam

602 1044 944 1103 actualibus.
1029 1044 1256 1119 Dicere,
1305 1042 1496 1101 Deum
1544 1062 1763 1102 novum
1806 1041 1996 1101 foedus
2042 1041 2105 1101 in
2148 1040 2381 1101 Adamo
2430 1060 2561 1099 cum
2608 1048 2733 1100 toto
2781 1041 3015 1100 Genera

602 1124 856 1182 humano
900 1122 1157 1199 inivisse,
1201 1131 1261 1181 et
1303 1142 1434 1181 cum
1478 1122 1718 1181 Noacho
1757 1142 2087 1198 renovasse,
2120 1129 2185 1181 ut
2224 1140 2393 1179 nemo
2434 1120 2738 1179 damnetur
2777 1128 3017 1197 propter

599 1212 840 1280 peccata
874 1210 1076 1261 contra
1101 1210 1272 1261 vetus
1312 1202 1518 1277 foedus,
1563 1212 1655 1262 est
1690 1202 1873 1279 gratis
1915 1220 2254 1280 supponere,
2296 1200 2455 1277 quod
2493 1199 2854 1278 probandum
2878 1198 3009 1275 fuit,

599 1282 872 1361 quodque
899 1302 1018 1342 non
1043 1280 1218 1340 modo
1246 1282 1308 1341 in
1339 1282 1638 1359 Scriptura
1678 1282 2115 1341 fundamentum
2156 1300 2275 1339 non
2314 1280 2508 1357 habet,
2540 1279 2645 1338 sed
2685 1279 2773 1338 illi
2812 1288 3013 1373 aperte

601 1363 960 1438 adversatur,
992 1361 1132 1420 dum
1172 1361 1363 1420 foedus
1403 1362 1563 1422 istud
1601 1361 1965 1441 particulare,
2008 1380 2129 1420 non
2162 1360 2489 1420 universale
2531 1378 2659 1419 esse
2693 1368 2913 1437 assent,
2944 1368 3012 1419 ιιι

596 1462 708 1503 suo
731 1442 864 1501 loco
893 1441 1402 1503 demonstrabitur.

1499 1680 1890 1757 QUAESTIO
1932 1680 2117 1741 XVI.

595 1840 695 1901 An
720 1843 977 1901 voluntas
1001 1840 1122 1899 Dei
1143 1840 1413 1899 ser-nandi
1425 1850 1863 1916 perseveranter
1900 1844 2199 1917 credentes,
2230 1848 2285 1899 et
2318 1840 2636 1899 damnandi
2671 1839 3008 1918 incredulos,

733 1922 810 1979 sit
835 1930 1008 1980 totum
1035 1922 1342 1980 Decretum
1365 1921 1890 1981 Proedestinatiomzs
1905 1922 1935 1981 ,²
1978 1921 2127 2000 Neg.
2157 1928 2358 1980 eontra
2384 1920 2879 1981 Remonstrantes.

683 2080 737 2139 I.
781 2080 944 2141 Inter
969 2079 1164 2139 varios
1193 2080 1454 2156 Errores,
1499 2080 1712 2158 quibus
1742 2081 2220 2141 Remonstrantes
2246 2080 2569 2141 doctrinam
2596 2079 2669 2139 de
2699 2080 3012 2140 Praedesti-

601 2160 842 2219 natione
883 2168 1274 2238 corruperunt,
1305 2160 1630 2238 praecipuus
1678 2168 1768 2220 est
1814 2161 1933 2237 ille,
1961 2180 2079 2239 quo
2105 2160 2455 2238 pertendunt
2496 2161 2853 2220 voluntatem
2896 2160 3017 2219 Dei

601 2240 874 2299 servandi
900 2240 1204 2299 credentes
1231 2248 1290 2299 et
1317 2248 1772 2317 perseverantes,
1803 2249 1863 2300 et
1891 2240 2203 2300 damnandi
2235 2240 2487 2300 finaliter
2524 2238 2853 2299 incredulos
2880 2258 3017 2299 esse

599 2327 786 2379 totum
817 2320 1352 2379 Praedestinationis
1381 2320 1713 2396 Decretum,
1754 2328 1821 2381 ut
1861 2321 1948 2379 illi
1989 2321 2307 2397 loquuntur
2344 2320 2409 2379 in
2434 2320 2591 2379 Acti-s
2617 2320 2827 2396 Synod.
2856 2320 3019 2379 eirca

601 2398 642 2459 i.
671 2398 827 2460 Arti.
857 2420 914 2477 p.
942 2403 1043 2477 48,
1077 2403 1114 2433 ‘⁴
1138 2399 1429 2459 Voluntas
1458 2400 1572 2459 Dei
1599 2401 1985 2477 peremptoria
2012 2400 2086 2459 de
2114 2400 2300 2459 salute
2328 2407 2388 2459 et
2414 2399 2595 2459 exitio
2622 2400 2919 2459 hominum
2946 2401 3017 2459 in

601 2479 930 2556 Evangelio
970 2478 1277 2557 patefacta,
1321 2487 1411 2538 est
1452 2486 1642 2539 totum
1689 2488 1750 2539 et
1790 2480 2083 2559 integrum
2114 2479 2648 2539 Praedestinationis
2677 2479 3013 2539 Decretum.

604 2558 1069 2636 Perseverantes,
1099 2559 1196 2618 vel
1237 2559 1549 2620 morientes
1589 2560 1648 2618 in
1685 2558 1801 2619 fide
1829 2560 1983 2621 velle
2012 2560 2271 2636 salvare3
2318 2578 2489 2638 super
2528 2558 2841 2619 incredulis
2868 2580 3015 2620 vero

599 2647 662 2698 et
703 2638 1202 2717 impoenitentibus
1243 2640 1391 2697 iram
1418 2640 1572 2698 velle
1616 2640 1958 2717 relinquere,
2008 2649 2099 2700 est
2124 2641 2396 2700 voluntas
2443 2640 2555 2699 Dei
2598 2639 2672 2699 de
2716 2640 2901 2699 salute
2950 2649 3018 2701 et

602 2719 788 2778 exitio
828 2720 1130 2778 hominum
1171 2719 1233 2776 in
1275 2719 1602 2796 Evangelio
1643 2721 1990 2796 patefacta.''
2076 2721 2256 2797 Ergo,
2300 2719 2451 2794 Quia
2482 2740 2623 2778 vero
2664 2720 2774 2778 sub
2814 2720 3017 2779 verbis

601 2798 891 2876 ambiguis
939 2799 1089 2858 male
1144 2818 1300 2858 sanas
1349 2798 1626 2858 doctrinas
1676 2818 1797 2859 suae
1842 2819 2133 2860 venenum
2182 2800 2471 2860 occultare
2520 2799 2725 2875 solent,
2772 2799 3017 2877 expedit

598 2878 801 2957 paucis
827 2899 1027 2938 eorum
1054 2886 1306 2938 mentem
1333 2879 1571 2956 aperire,
1603 2888 1670 2939 ut
1697 2888 1923 2939 constet
1949 2887 2230 2958 quantum
2257 2900 2293 2939 a
2311 2879 2557 2940 veritate
2584 2879 2647 2938 in
2674 2879 2871 2939 Verbo
2892 2879 3015 2939 Dei

601 2958 831 3033 tradita,
860 2960 972 3018 hac
998 2957 1174 3017 etiam
1200 2959 1261 3016 in
1289 2967 1452 3035 parte
1481 2958 1801 3019 discedant.

1206 3037 1294 3096 II.
1339 3037 1472 3096 Hoc
1500 3057 1639 3097 vero
1666 3059 1787 3098 non
1818 3037 2049 3098 difficile
2092 3047 2184 3098 est
2210 3038 2551 3116 intelligere,
2588 3037 2639 3097 si
2682 3046 3015 3116 spectemus

673 3102 1025 3206 St‘ssffinssffl·
1123 3137 1299 3194 quem
1345 3117 1408 3175 in
1455 3117 1630 3176 finem
1681 3118 1995 3178 Decretum
2040 3118 2201 3179 istud
2243 3119 2513 3196 generale
2556 3127 2617 3179 et
2642 3118 3007 3177 indefinitum

1125 3204 1422 3274 statuant3
1467 3197 1754 3257 Nimirum
1782 3207 1847 3258 ut
1874 3198 2137 3274 doceant,
2166 3218 2285 3258 non
2312 3198 2455 3276 quid
2482 3197 2554 3258 de
2592 3197 2853 3276 personis
2888 3199 3010 3257 sin-

601 3275 902 3354 gularibus
930 3275 1254 3336 decreverit
1281 3277 1460 3352 Deus,
1491 3277 1596 3336 sed
1623 3279 1766 3355 quid
1792 3279 1948 3338 circa
1973 3279 2271 3355 qualitates
2296 3281 2717 3356 salvandorum,
2762 3287 2822 3337 et
2848 3281 3011 3336 dam·

599 3358 921 3416 nandorum
949 3357 1325 3433 constituerit,
1355 3356 1529 3416 fidem
1557 3377 1634 3417 ex
1662 3359 1931 3418 omnibus
1948 3357 2377 3418 conditionibus
2394 3357 2771 3435 possibilibus
2790 3357 3011 3434 eligen-

599 3435 678 3494 do
705 3435 766 3494 in
795 3436 1184 3496 conditionem
1213 3436 1435 3495 salutis.
1520 3437 1687 3497 Licet
1713 3457 1853 3498 vero
1881 3457 1999 3496 non
2038 3457 2319 3516 negemus
2346 3437 2501 3496 hunc
2527 3437 2789 3497 ordinem
2816 3458 2854 3496 a
2880 3438 3009 3496 Deo

599 3516 978 3577 constitutum
1007 3535 1152 3592 esse,
1183 3524 1249 3577 ut
1273 3515 1422 3576 fides
1449 3516 1527 3576 sit
1552 3517 1809 3577 medium
1838 3516 2076 3594 salutis3
2110 3517 2420 3595 'Negamus
2446 3525 2641 3576 tamen
2669 3518 2731 3576 in
2758 3537 2829 3577 eo
2853 3517 3010 3596 posi-

596 3603 720 3655 tam
747 3616 876 3657 esse
905 3596 1497 3673 Praedestinationem,
1528 3598 1713 3657 multo
1738 3598 1933 3658 minus
1959 3605 2027 3657 ut
2052 3604 2239 3656 totum
2260 3605 2320 3657 et
2345 3597 2637 3675 integrum
2654 3597 2785 3676 ejus
2810 3596 3011 3658 decre-

596 3684 724 3739 tum
749 3677 860 3736 hac
888 3678 1298 3737 constitutione
1325 3676 1673 3738 includatur.

683 3756 805 3816 III.
851 3757 1133 3818 Rationes
1161 3765 1313 3833 sunt,
1364 3759 1416 3815 1.
1465 3756 1616 3832 Quia
1664 3755 2108 3816 Praedestinatio
2150 3775 2228 3815 ex
2266 3775 2380 3816 usu
2425 3755 2739 3834 Scripturas
2782 3775 3011 3834 semper

597 3836 836 3972 rfizpiffi
859 3855 1136 3991 pez-:guas
1157 3835 1854 3976 tii-nffluesgteseffiarains
1881 3836 2014 3894 illas
2006 3836 2105 3974 aisn
2079 3836 2423 3975 ιιιείεῗῐιιιιιιιιιί
2448 3855 2642 3930 massa
2666 3836 3010 3976 peccaffltett

599 3934 620 3972 1
859 3935 923 3972 vi
1103 3935 1158 3975 is
1390 3935 1486 3973 mo
1576 3936 1634 3973 m
1702 3936 1767 3974 es
1796 3935 1931 3975 man
2205 3925 2405 3992 vocate,
2432 3937 2604 3994 pauca
2630 3920 2803 3992 deca,
2990 3959 3008 3974 .

601 4012 707 4050 xx.
744 3995 836 4052 16.
924 3996 1080 4061 Quos
1095 3995 1498 4072 jnoecoynovit,
1543 4014 1637 4054 eos
1654 3936 2097 4072 proedoetiz’avit,
2142 3993 2271 4072 δια,
2324 3996 2493 4055 Rom.
2521 3996 2647 4055 viii.
2678 3999 2775 4072 29,
2807 3998 2903 4070 30,
2944 4002 3009 4056 et

601 4071 684 4130 ix.
719 4073 812 4148 16,
846 4073 956 4149 183
1015 4074 1154 4134 Act.
1183 4075 1308 4134 xiii.
1338 4075 1435 4148 48,
1485 4073 1866 4133 Credidcmnt
1904 4085 2172 4152 quotquot
2216 4076 2472 4136 ordinata·
2506 4087 2675 4136 erant
2716 4078 2805 4134 ad
2838 4075 3009 4134 vitam

601 4160 888 4227 aternam,
919 4171 1028 4212 nec
1053 4153 1281 4230 uspiam
1305 4152 1551 4212 refertur
1578 4161 1804 4212 tantum
1844 4155 1921 4214 ad
1947 4155 2275 4233 qualitates.
2357 4155 2446 4215 At
2471 4156 2745 4216 voluntas
2773 4157 2887 4215 ista
2912 4175 3007 4214 oc-

600 4249 754 4368 {²1¹2}ss
752 4231 1739 4390 ‘ffiqzmffimfflffi
1738 4235 2339 4377 fffflfflffssss?
2341 4243 3007 4380 ‘Lieissizoss'ii'im'

601 4355 850 4467 laridm3
896 4391 1076 4452 Notat
1089 4333 1336 4471 {uidem
1364 4395 1560 4470 quales
1604 4394 1769 4456 Deus
1796 4415 2027 4455 servare
2056 4396 2339 4472 statuerit,
2360 4337 2466 4456 seld
2492 4415 2611 4456 non
2632 4416 2771 4474 quos
2796 4395 2861 4456 in
2888 4335 3009 4454 aginn-

600 4469 793 4548 gulari
819 4471 1046 4534 salvare
1071 4472 1170 4534 vel
1195 4472 1468 4533 damnam
1495 4473 1836 4538 decreverit.
1919 4475 2144 4554 Quippe
2185 4475 2479 4536 decretum
2506 4475 2619 4536 hoc
2644 4474 3015 4535 indefinitum

601 4549 892 4611 neminem
938 4551 1000 4611 in
1052 4552 1386 4632 particulari
1428 4553 1806 4634 praedestinat
1864 4563 1925 4616 et
1974 4563 2264 4634 segregat,
2321 4557 2612 4618 neminem
2663 4555 2817 4616 libro
2869 4554 3014 4617 vitm

599 4629 901 4711 inscribit3
945 4641 1008 4694 et
1059 4634 1164 4696 illo
1217 4642 1406 4696 stante
1459 4632 1586 4694 fieri
1635 4635 1939 4714 potuisset,
1996 4643 2063 4696 ut
2089 4635 2188 4696 vel
2229 4635 2427 4698 nullus
2470 4636 2859 4712 damnaretur,
2911 4636 3011 4694 vel

3236 441 3261 534 ‚³
