3300 5225
520 351 642 410 268
1377 367 1384 374 ·
1419 363 1603 407 Locos
1630 363 1903 408 marrus.
2452 339 2704 424 [Qcaes‘r.
2734 359 2905 404 xxxx.

521 511 578 567 3.
606 506 828 566 ratione
873 505 1230 564 authoritatis
1269 513 1328 566 et
1371 507 1618 583 dominii,
1660 503 1951 584 quomodo
1996 499 2235 563 vocatur
2270 501 2678 580 pmmoqenims
2732 501 2911 562 omnis

520 587 838 661 Creaturoe,
871 586 993 645 Col.
1024 586 1061 644 i.
1098 589 1189 662 15,
1234 595 1295 645 et
1333 585 1486 646 inter
1523 528 1739 645 miiltos
1780 585 2003 660 fratres,
2036 585 2205 642 Rom.
2234 583 2357 642 viii.
2388 585 2484 659 29,
2528 583 2667 660 quia
2706 602 2907 641 omnes

519 667 919 759 praerogativae
975 666 1504 744 primogenitorum,
1555 666 1842 743 Regnum,
1898 660 2311 739 Sacerdotium,
2358 661 2537 740 dupla
2580 663 2771 740 portio
2816 663 2906 720 illi

519 746 880 824 propriisime
907 754 1259 823 competunt.
1303 749 1360 804 4.
1403 745 1624 805 ratione
1654 755 1877 803 aeternoe
1907 743 2299 820 ,qenerationia
2340 762 2520 819 quum
2548 742 2761 800 dicitur
2776 743 2906 818 pri-

523 826 826 901 moqenitus
855 825 982 896 Dei,
1011 825 1164 884 Heb.
1193 825 1232 884 i.
1264 828 1318 901 6,
1349 825 1487 901 quia
1513 844 1550 882 a
1578 825 1751 882 Patre
1778 823 1853 882 ab
1874 831 2088 882 reterno
2116 822 2349 900 genitus
2388 849 2483 903 rgo
2513 822 2679 886 πείνης
2706 846 2905 886 meo-um

520 932 636 982 ,um
641 929 779 975 γενυς
801 931 856 974 φ.
862 914 1014 979 mom,
1041 913 1106 963 ι1ι
1121 905 1338 963 habent
1363 904 1595 963 Scholia
1613 904 1839 963 Graeca.
1898 902 2022 961 Nec
2046 901 2474 978 Primogenitus
2492 921 2718 980 semper
2734 900 2911 960 debet

521 1005 651 1045 esse
678 1005 755 1044 ex
781 1003 1021 1043 numero
1049 1003 1246 1043 eorum
1273 1003 1518 1061 quorum
1557 981 1976 1061 primogenitus
2017 980 2243 1056 dicitur,
2290 1001 2421 1041 cum
2466 1001 2619 1059 saepe
2645 980 2912 1074 ιιιιι3ειιι

521 1072 647 1123 tum
687 1071 864 1139 notet,
897 1072 1032 1122 ante
1071 1082 1244 1156 quem
1283 1083 1454 1122 nemo
1495 1063 1622 1139 fuit,
1652 1070 1714 1122 ει
1750 1069 1885 1140 post
1912 1079 2083 1139 quem
2123 1079 2294 1119 nemo
2321 1068 2603 1121 venturus
2638 1069 2764 1122 est:
2812 1058 2913 1119 Sic

525 1143 789 1203 Christus
814 1144 1232 1220 primogenitus
1259 1143 1448 1202 omnis
1477 1143 1766 1202 creaturae
1794 1141 2022 1217 dicitur,
2050 1159 2170 1198 non
2196 1139 2352 1218 quod
2390 1141 2467 1200 sit
2490 1141 2711 1218 primus
2740 1141 2909 1199 Crea-

522 1232 799 1299 turarum,
829 1222 934 1282 sed
975 1223 1112 1300 quia
1151 1231 1283 1281 ante
1326 1222 1631 1282 creaturas
1672 1220 1904 1298 genitus
1944 1228 2049 1296 est,
2081 1228 2147 1279 ut
2184 1220 2282 1279 hic
2320 1239 2439 1279 non
2480 1220 2913 1279 connumeratio

522 1323 654 1362 cum
685 1302 976 1361 creaturis
1004 1302 1080 1362 sit
1105 1301 1500 1380 intelligenda,
1531 1301 1636 1360 sed
1662 1299 1985 1360 antecessio
2013 1307 2072 1359 et
2096 1300 2554 1377 praeexistentia3
2583 1320 2719 1358 nam
2745 1300 2796 1359 si
2822 1307 2917 1358 est

523 1390 658 1441 ante
688 1382 1022 1441 Creaturam
1050 1400 1296 1458 omnem,
1328 1401 1445 1440 non
1485 1381 1661 1441 debet
1696 1381 1849 1441 inter
1876 1380 2182 1440 Creaturas
2220 1380 2523 1458 recenseri,
2566 1387 2741 1457 atque
2778 1379 2917 1438 ideo

525 1469 777 1522 aeternus
805 1462 882 1520 sit
909 1481 1142 1520 necesse
1171 1469 1278 1520 est.

606 1541 798 1599 XXI.
831 1541 1004 1599 Pater
1023 1561 1131 1599 nec
1152 1539 1352 1618 genuit
1375 1539 1590 1598 Filium
1605 1541 1737 1616 jam
1752 1539 2087 1616 existentevn,
2106 1539 2245 1616 quia
2264 1537 2388 1616 jam
2410 1545 2543 1598 ante
2564 1557 2913 1616 supponere-

523 1627 620 1680 tur
646 1619 840 1696 fuisse,
872 1640 981 1678 nec
1007 1623 1252 1679 nondum
1285 1619 1619 1695 existentem,
1667 1619 1750 1678 sic
1790 1620 1945 1679 enim
1982 1638 2098 1678 non
2132 1619 2281 1677 foret
2322 1627 2588 1695 aeternus,
2619 1618 2722 1677 sed
2750 1624 2913 1676 coe'x-

527 1699 791 1774 istentem,
817 1699 954 1776 quia
981 1700 1054 1758 ab
1084 1707 1299 1758 aeterno
1325 1699 1435 1758 fuit
1475 1719 1607 1758 cum
1637 1699 1829 1759 Patre.
1913 1700 2121 1776 Itaque
2150 1699 2361 1757 divisio
2388 1699 2550 1756 valet
2589 1705 2815 1757 tantum
2854 1697 2919 1755 in

527 1779 997 1857 generationibus
1023 1779 1298 1856 physicis,
1328 1779 1430 1838 ubi
1457 1779 1719 1857 genitum
1747 1779 1953 1839 transit
1980 1797 2015 1836 a
2040 1797 2158 1836 non
2186 1797 2313 1837 esse
2352 1777 2431 1836 ad
2456 1797 2621 1854 esse3
2668 1777 2771 1836 sed
2795 1795 2917 1834 non

524 1867 718 1936 potest
739 1859 1159 1918 accommodari
1186 1859 1544 1936 generationi
1570 1858 1707 1917 huic
1731 1858 2190 1952 hyperphysicae,
2205 1876 2335 1935 quae
2362 1866 2453 1916 est
2478 1865 2641 1916 actus
2669 1865 2921 1916 aeternus

527 1937 728 1997 aeterni
758 1938 963 2013 Patris,
1009 1958 1045 1996 a
1071 1957 1186 2016 quo
1215 1939 1404 1996 Filius
1431 1945 1678 2013 emanat,
1722 1946 1782 1998 et
1817 1939 1879 1996 in
1905 1956 2022 2015 quo
2048 1938 2325 1996 immanet
2366 1937 2491 1996 sine
2518 1937 2675 1995 omni
2715 1934 2915 2014 praeci-

527 2018 706 2093 sione,
732 2017 1126 2077 οοὸιιιειειιᾶο.
1212 2018 1386 2077 Unde
1415 2018 1604 2076 Filius
1629 2037 1747 2076 non
1775 2017 1886 2077 fuit
1910 2017 2139 2094 proprie
2168 2025 2301 2075 ante
2330 2017 2778 2094 generationem,
2807 2035 2917 2075 nec

527 2097 704 2174 coepit
723 2117 850 2156 esse
879 2117 982 2174 per
1005 2097 1455 2234 generationem,
1487 2097 1592 2156 sed
1621 2116 1847 2174 semper
1872 2096 2165 2156 emanavit
2192 2116 2227 2154 a
2256 2096 2426 2155 Patre
2454 2105 2590 2156 actu
2617 2105 2831 2155 aeterno
2858 2101 2919 2154 et

526 2176 770 2250 interm,
803 2177 879 2234 ad
907 2197 1002 2235 mo
1044 2197 1142 2234 um
1170 2176 1318 2234 radii
1347 2196 1383 2234 a
1413 2176 1546 2235 Sole
1569 2177 1793 2269 jugiter
1821 2175 2158 2250 emanantis,
2190 2175 2329 2234 licet
2354 2176 2527 2234 modo
2556 2174 2919 2234 eminentiori

523 2255 938 2332 inexplicabili.
996 2259 1052 2315 2.
1085 2255 1311 2314 Deinde
1338 2275 1444 2333 per
1469 2256 1901 2333 generationem
1922 2254 2377 2314 communicatur
2404 2255 2675 2314 Essentia
2704 2255 2922 2314 Divina

523 2335 739 2412 genit0,
781 2353 900 2393 non
928 2344 995 2394 ιιι
1022 2335 1240 2410 existat,
1291 2335 1394 2394 sed
1439 2344 1506 2394 ut
1531 2336 1809 2411 subsistat,
1854 2334 2001 2393 adeo
2048 2342 2114 2393 ut
2154 2333 2258 2393 illa
2303 2353 2422 2392 non
2468 2335 2807 2394 terminetur
2846 2333 2925 2392 ad

525 2413 892 2473 existentiam
920 2415 1262 2490 absolutam,
1287 2414 1392 2473 sed
1419 2415 1496 2472 ad
1521 2414 1759 2474 modum
1788 2413 2158 2492 subsistendi,
2182 2431 2291 2474 nec
2316 2433 2421 2494 per
2446 2433 2577 2474 eum
2604 2414 2921 2473 constitua-

524 2501 622 2552 tur
651 2493 814 2552 Deus
841 2494 1124 2570 absolute,
1167 2494 1270 2552 sed
1298 2494 1486 2552 Filius
1512 2494 1712 2553 relate.

525 2614 532 2623 .
605 2572 831 2631 XXII.
873 2574 1270 2633 Necessarium
1310 2580 1370 2632 et
1407 2574 1784 2633 voluntarium
1826 2581 2119 2652 uteunque
2162 2573 2223 2633 ιιι
2269 2574 2397 2633 1)εο
2429 2572 2618 2652 quoad
2659 2579 2927 2631 nostrum

523 2651 886 2728 concipiendi
925 2652 1160 2711 modum
1187 2653 1632 2730 distinguantur,
1663 2654 1896 2713 realiter
1920 2662 2113 2713 tamen
2140 2674 2259 2713 non
2286 2663 2668 2731 opponuntur.
2752 2652 2930 2712 Unde

525 2728 701 2789 Pater
741 2733 1066 2791 necessario
1111 2741 1172 2791 et
1197 2732 1522 2791 voluntarie
1567 2733 1785 2793 Filium
1828 2734 2097 2810 genuisse
2142 2734 2386 2809 dicitur3
2428 2732 2753 2792 necessario
2793 2731 2933 2809 quia

522 2819 730 2869 natura
757 2812 976 2889 genuit,
1006 2821 1073 2871 ut
1099 2820 1189 2871 est
1215 2820 1420 2871 natura
1447 2812 1626 2889 Deus,
1658 2812 1763 2871 sed
1788 2813 2129 2888 voluntarie,
2160 2814 2298 2890 quia
2322 2832 2440 2872 non
2468 2821 2682 2889 coacte,
2714 2809 2818 2869 sed
2843 2810 2931 2868 lu-

521 2890 726 2949 benter
753 2891 989 2967 genuit3
1025 2910 1144 2949 non
1168 2894 1448 2950 voluntate
1467 2894 1834 2967 antecedente,
1867 2912 1996 2969 quse
2014 2901 2181 2951 notat
2206 2902 2397 2951 actum
2418 2892 2656 2951 volendi
2682 2891 2928 2949 liberum

521 2967 598 3028 ad
618 2978 800 3045 extra,
833 2970 937 3029 sed
963 2972 1374 3046 concomitante,
1398 2990 1528 3049 quse
1548 2979 1713 3030 notat
1731 2973 2051 3031 naturalem
2066 2971 2339 3031 volendi
2322 2990 2385 3031 m
2406 2973 2535 3031 Deo
2555 2971 2923 3031 facultatem·
2906 3012 2923 3046 ,

519 3068 638 3107 non
665 3048 932 3109 libertate
959 3050 1363 3126 indifferentiae,
1395 3049 1500 3109 sed
1523 3051 1964 3127 spontaneitatis.

527 3156 534 3164 ·
607 3127 868 3187 XXIII.
914 3129 1080 3189 Licet
1108 3129 1296 3189 Filius
1322 3150 1358 3187 a
1388 3130 1558 3189 Patre
1587 3130 1819 3207 genitus
1846 3129 2087 3204 dicatur,
2116 3148 2236 3188 non
2265 3130 2524 3207 sequitur
2550 3130 2764 3187 Filium
2789 3128 2929 3203 sore

521 3207 614 3265 sui
635 3208 810 3283 ipsius
835 3209 1062 3284 Filium,
1095 3210 1232 3287 quia
1259 3209 1530 3269 Essentia
1553 3229 1674 3268 non
1713 3218 1953 3287 generat
1980 3210 2327 3285 Essentiam,
2358 3208 2462 3268 sed
2502 3209 2761 3269 Persona
2789 3207 2925 3266 Per-

521 3306 758 3365 sonam3
803 3288 978 3348 Pater
1005 3255 1237 3364 F’ffium,
1270 3288 1370 3366 qui
1397 3288 1626 3365 abipso
1654 3297 1743 3348 est
1768 3289 1931 3364 alius,
1960 3289 2098 3349 licet
2122 3308 2240 3345 non
2267 3290 2443 3347 aliud.

602 3333 852 3426 XXIV.
884 3367 1054 3442 Quod
1073 3377 1164 3428 est
1183 3368 1662 3445 perfectissimum
1683 3388 1800 3427 non
1821 3377 2060 3445 generat
2079 3368 2245 3426 aliud
2259 3389 2295 3426 a
2316 3388 2376 3427 se
2399 3368 2797 3443 essentialiter,
2822 3365 2928 3424 sed

519 3446 696 3507 alium
724 3466 760 3504 a
787 3466 848 3505 se
875 3448 1272 3525 personaliter.
1338 3448 1487 3506 Nam
1511 3448 1783 3507 Essentia
1806 3448 1995 3507 Patris
2016 3455 2107 3507 est
2128 3447 2399 3507 Essentia
2426 3448 2566 3506 Filii
2586 3456 2645 3507 et
2678 3412 2927 3525 Spiritus

525 3525 738 3601 Sancti,
767 3526 905 3587 licet
933 3546 1060 3586 esse
1091 3528 1320 3587 Patrem
1353 3547 1472 3585 non
1499 3527 1576 3586 sit
1601 3546 1729 3587 esse
1761 3528 1992 3620 Filium,
2024 3535 2125 3585 aut
2150 3546 2277 3587 esse
2310 3527 2391 3604 Sp
2393 3527 2588 3586 iritum
2620 3527 2681 3585 S.
2754 3525 2927 3585 Unde

518 3624 693 3664 unum
733 3615 930 3665 manet
973 3626 1200 3686 semper
1240 3606 1739 3685 perfectissimum,
1783 3607 2053 3665 nimirum
2085 3605 2263 3682 Deus,
2307 3607 2445 3666 licet
2482 3625 2601 3665 non
2642 3606 2719 3664 sit
2756 3604 2932 3663 unica

521 3682 792 3762 Persona,
825 3686 961 3764 quia
995 3687 1182 3746 tribus
1221 3687 1534 3765 suppositis
1569 3694 1661 3745 est
1703 3685 2195 3763 communicabile,
2238 3704 2358 3745 non
2384 3686 2635 3746 essentia
2661 3684 2928 3759 diversis,

520 3763 624 3822 sed
651 3766 926 3824 relatione
955 3766 1420 3826 characteristica
1445 3766 1753 3825 distinctis.

602 3842 818 3903 XXV.
861 3844 1053 3919 Quum
1095 3846 1283 3904 Filius
1311 3845 1524 3904 dicitur
1547 3864 1701 3905 unus
1728 3864 1856 3903 esse
1890 3864 2021 3903 cum
2056 3845 2229 3903 Patre
2274 3845 2453 3921 Deus,
2493 3853 2553 3904 ει
2578 3852 2775 3903 tamen
2800 3861 2931 3901 esse

519 3920 793 3980 distincta
821 3923 1077 3983 Persona
1103 3925 1222 3982 ab'
1205 3944 1350 4002 1ps0,
1381 3925 1544 3983 nulla
1569 3932 1661 3983 est
1688 3924 2101 4001 contradictio,
2144 3924 2282 4000 quia
2306 3924 2445 3983 licet
2470 3922 2715 3983 eandem
2736 3940 2932 3981 essen

519 3999 660 4059 tiam
701 4000 928 4077 habeat,
965 4003 1281 4062 secundum
1308 4022 1484 4079 quam
1521 4023 1676 4062 unus
1718 4023 1851 4062 cum
1897 4003 2069 4063 Patre
2108 4004 2271 4062 Deus
2314 4003 2541 4078 dicitur,
2592 4022 2711 4060 non
2753 4002 2933 4060 habet

520 4087 715 4138 tamen
743 4098 870 4137 eam
900 4100 1032 4139 cum
1059 4082 1262 4141 eodem
1301 4081 1476 4140 modo
1511 4082 1899 4142 subsistendi:
1943 4083 2068 4142 Nec
2106 4084 2155 4141 si
2196 4084 2258 4142 in
2296 4082 2477 4142 finitis
2518 4091 2579 4142 ει
2618 4081 2829 4141 creatis
2856 4079 2936 4138 ad

521 4158 812 4216 diversam
855 4178 1158 4236 personam
1201 4160 1434 4219 diversa
1471 4160 1784 4237 requiritur
1824 4162 2093 4237 essentia,
2134 4161 2409 4222 continuo
2452 4162 2565 4222 hoc
2607 4161 2669 4219 ιιι
2699 4160 2935 4218 Divinis

517 4237 712 4296 locum
755 4237 948 4314 habet,
975 4239 1079 4297 ubi
1107 4240 1378 4299 Essentia
1405 4240 1606 4299 eadem
1633 4260 1875 4300 numero
1902 4250 1963 4302 et
1990 4241 2319 4357 singularis,
2349 4250 2543 4321 potest
2568 4248 2764 4333 tamen
2803 4239 2935 4317 plu-

519 4316 684 4375 ribus
711 4336 840 4375 esse
869 4319 1378 4395 communicabilis,
1408 4320 1547 4396 quia
1572 4318 1815 4379 infinita.

602 4396 854 4455 XXVI.
899 4398 1066 4457 Licet
1091 4400 1294 4478 fideles
1321 4399 1587 4457 dicantur
1607 4400 1783 4477 gigni,
1813 4398 1912 4459 vel
1939 4400 2101 4459 nasci
2123 4420 2199 4459 ex
2224 4404 2372 4477 Dec,
2402 4408 2638 4478 propter
2666 4398 2934 4458 similitu-

519 4475 712 4535 dinem
757 4477 1053 4553 virtutum,
1101 4487 1160 4537 et
1205 4498 1324 4537 non
1371 4498 1473 4555 per
1519 4480 1785 4539 essentias
1834 4480 2448 4557 communicationem3
2509 4499 2626 4538 non
2677 4476 2939 4553 sequitur

519 4556 722 4615 eodem
751 4576 927 4616 sensu
952 4558 1063 4617 hoc
1103 4557 1354 4635 intelligi
1381 4559 1456 4617 de
1484 4558 1733 4634 Christo,
1766 4560 1904 4637 quia
1930 4559 2125 4635 agitur
2150 4559 2225 4620 de
2265 4560 2499 4639 propria
2540 4557 2935 4638 generatione,

515 4656 622 4713 per
645 4656 821 4716 quam
851 4637 1039 4698 Filius
1065 4647 1156 4697 est
1181 4639 1447 4717 proprius
1474 4646 1536 4697 et
1559 4639 1897 4715 unigenitus
1925 4638 2056 4697 Dei.
