3300 5225
341 403 570 466 ,QUAESR
602 381 758 466 ΚΝ]
1191 402 1271 442 m:
1301 399 1892 454 rafflnsssrina‘rionn.
2641 391 2761 449 ³341

335 587 346 613 .·
430 544 578 602 VII.
615 543 792 603 :Licet
837 543 997 604 Deus
1037 563 1140 621 per
1179 545 1350 604 istam
1393 543 1777 606 desertionem
1819 555 1995 624 neget
2034 545 2254 604 homini
2300 546 2446 605 iliud
2474 545 2597 606 sine
2646 567 2763 626 quo

347 625 520 684 vitari
549 643 666 684 non
690 630 883 702 potest
908 633 1224 702 peccatum,
1257 645 1374 684 non
1401 633 1705 704 propterea
1731 626 1955 703 peccati
1981 625 2292 685 causalitas
2320 625 2407 684 illi
2454 627 2633 688 tribui
2660 648 2761 706 po·

343 713 478 781 test,
514 706 566 762 l.
597 703 746 780 quia⁴
763 704 926 762 Deus
951 704 1084 781 jure
1133 704 1291 762 illam
1340 715 1534 782 negat,
1581 725 1690 765 nec
1728 713 1958 766 tenetur
2006 707 2253 783 gratiam
2287 706 2451 765 illam
2494 706 2763 785 cuiquam

341 784 486 858 ⁴dare
507 807 522 862 ς
553 787 610 842 2.
639 803 715 843 ex
743 782 846 842 illa
871 782 1178 861 negatione
1194 804 1312 843 non
1331 785 1591 862 sequitur
1605 785 1865 864 potentia
1880 785 2175 863 peccandi,
2196 804 2369 863 quam
2390 787 2565 845 homo
2584 788 2767 849 habet

341 885 385 926 a
405 863 613 942 seips0,
645 863 750 922 sed
769 871 992 924 tantum
1022 882 1140 922 non
1167 865 1386 926 curatio
1414 864 1583 924 istius
1604 865 1993 944 impotentiae,
2024 869 2082 926 3.
2113 866 2274 924 Deus
2294 874 2472 944 negat
2494 866 2761 944 gratiam,

351 964 526 1022 quam
553 943 758 1003 nolunt
784 943 896 1022 ipsi
922 943 1198 1021 accipere,
1229 963 1336 1002 nec
1377 945 1640 1020 retinere,
1685 953 1745 1004 et
1784 965 1958 1022 quam
1997 945 2153 1004 ultro
2192 954 2586 1024 aspernantur,
2631 967 2763 1007 cum

349 1024 496 1082 nihil
523 1022 714 1082 minus
741 1024 992 1101 cupiant,
1024 1043 1198 1101 quam
1225 1024 1350 1101 regi
1378 1045 1413 1082 a
1438 1025 1658 1103 Spiritu
1683 1025 1773 1101 S.;
1802 1029 1861 1084 4.
1884 1044 2000 1084 non
2026 1033 2204 1103 negat
2230 1025 2392 1084 illam
2419 1027 2665 1104 gratiam
2692 1034 2759 1086 ut

335 1111 608 1182 peccent,
640 1101 743 1162 sed
769 1111 836 1163 ut
862 1103 939 1162 ob
963 1111 1264 1180 peecatum
1291 1104 1470 1166 luant.

341 1241 346 1244 ,
602 1232 616 1247 .
645 1234 658 1247 .
791 1235 802 1248 .
953 1183 1134 1242 VIII.
1177 1183 1350 1242 Actus
1369 1184 1640 1260 positivus
1668 1192 1774 1261 est,
1804 1203 1921 1261 quo
1947 1183 2213 1243 homines
2240 1185 2579 1262 prseteritos,
2612 1195 2669 1246 et
2698 1187 2759 1245 in

338 1235 502 1338 Aeg?
513 1235 824 1338 Ἧῖἑᾚζῖῗζ
869 1270 1024 1322 statu
1050 1283 1170 1322 suae
1197 1264 1582 1341 corruptionis
1613 1264 1865 1338 relictos,
1896 1263 1992 1322 vel
2036 1272 2274 1340 naturae,
2304 1265 2403 1322 vel
2450 1265 2761 1343 Evangelii

403 1365 516 1421 nem
543 1351 604 1396 ad
633 1351 824 1422 damna
863 1343 1097 1418 lumine,
1129 1342 1287 1420 quod
1311 1363 1415 1421 per
1443 1363 1805 1404 communem
1844 1342 2271 1421 providentiam
2316 1343 2458 1422 ipsis
2502 1344 2617 1404 fuit
2658 1345 2757 1404 ad·-

341 1482 346 1486 .
400 1409 736 1513 {ffffffigggd
751 1423 822 1454 ²¹¹·
863 1423 1267 1498 ministratum,
1301 1443 1406 1482 sua
1433 1433 1638 1501 sponte
1665 1425 1895 1500 abusos,
1924 1423 2146 1484 meritis
2180 1423 2371 1501 poenis
2410 1423 2613 1484 statuit
2638 1424 2758 1483 affi-

872 1521 1018 1577 cere,
1050 1502 1152 1579 qui
1179 1502 1390 1562 dicitur
1405 1505 1830 1580 proedamnatio
1847 1527 1873 1577 ,·
1912 1523 2041 1581 quse
2069 1503 2185 1562 duo
2214 1503 2473 1579 includit,
2505 1503 2757 1564 destina-

343 1580 560 1640 tionem
589 1581 666 1640 ad
691 1579 1135 1658 damnationem,
1177 1602 1281 1658 per
1324 1603 1498 1660 quam
1543 1591 1680 1642 sunt
1720 1604 1861 1644 vasa
1903 1588 2045 1664 ὄςγὶῖς
2093 1583 2451 1664 sang-ramim
2499 1591 2561 1649 εἰς
2608 1585 2753 1642 ἀπό-

345 1677 496 1736 λακυ,
528 1670 916 1738 coagmentata
943 1664 1027 1722 ad
1050 1662 1348 1738 interitum,
1381 1673 1505 1722 tum
1533 1663 1845 1722 destinatio
1872 1664 1949 1722 ad
1966 1663 2192 1741 judicia
2219 1664 2575 1739 intermedia,
2605 1664 2758 1724 inter

346 1761 476 1818 quae
502 1741 854 1818 praecipuum
883 1749 976 1800 est
999 1741 1329 1819 excaecatiO,
1361 1750 1420 1802 et
1446 1742 1753 1820 induratiO,
1785 1763 1915 1821 quae
1944 1743 2083 1802 solis
2126 1743 2487 1820 ἀπολλυμένας
2536 1744 2756 1803 contin-

345 1821 448 1898 git.
523 1820 696 1880 Unde
720 1829 882 1898 patet
909 1821 1366 1898 reprobationem
1407 1824 1584 1882 latius
1609 1831 1807 1901 patere
1834 1822 2220 1899 damnatione,
2250 1824 2388 1883 licet
2413 1823 2759 1901 quandoque

345 1899 730 1958 confundatur
755 1920 860 1977 per
887 1901 1293 1978 synecdochen
1321 1902 1548 1980 integri,
1581 1903 1719 1980 quia
1746 1923 1864 1962 non
1892 1911 1982 1962 est
2016 1911 2246 1964 tantum
2272 1903 2565 1963 decretum
2598 1903 2756 1962 dam-

345 1979 544 2054 nandi,
575 1977 680 2038 sed
706 1979 880 2039 etiam
907 1980 1203 2040 decretum
1227 2000 1346 2040 non
1387 1982 1713 2058 miserendi,
1758 2002 1874 2042 non
1914 1982 2093 2041 dandi
2134 1981 2427 2042 Christum
2470 1983 2754 2043 Mediato-

339 2078 486 2135 rcm,
516 2077 634 2116 non
658 2059 906 2118 vocandi
933 2059 1254 2137 efficaciter,
1287 2059 1396 2120 διο.

347 2165 830 2274 Βῑῖιὶἱέίὶῑξῖῗε
945 2139 1820 2281 53³·1350303d1‘125350533t‘
1846 2141 2758 2281 ἕζᾞᾼᾶἑῗὲἷῗὲἓᾶὲἐᾞῖἲ

403 2285 605 2332 Judicis.
675 2261 702 2284 r
869 2246 1320 2377 oitxeprfobationis
1347 2307 1517 2358 antea
1543 2241 1779 2378 nffitato'3
1807 2241 1939 2360 ‘iilia
1965 2310 2055 2360 est
2076 2241 2521 2382 Ξῦτοκςιίτοςοξοίι
2538 2303 2753 2378 Supre-

343 2383 428 2450 mi
451 2381 702 2457 Domini,
733 2380 836 2458 qui
862 2379 935 2440 de
963 2400 1069 2439 suo
1096 2387 1288 2457 potest
1325 2378 1512 2438 facere
1556 2379 1713 2458 quod
1755 2379 1901 2455 vult,
1955 2379 2071 2439 alia
2113 2381 2336 2440 Judicis
2381 2381 2484 2457 qui
2525 2400 2756 2458 poenam

347 2462 602 2522 debitam
627 2460 916 2538 peccatori
941 2459 1198 2536 irrogare
1231 2459 1392 2536 juste
1421 2459 1659 2536 statuit3
1702 2461 1859 2537 prior
1886 2479 1949 2519 se
1978 2459 2164 2519 exerit
2205 2460 2267 2518 in
2314 2469 2446 2520 actu
2480 2460 2753 2538 neqativo,

347 2561 451 2602 seu
478 2541 882 2620 praeteritiono,
913 2540 974 2596 in
1001 2559 1134 2618 qua,
1162 2547 1230 2598 ut
1255 2538 1582 2599 liberrimus
1609 2539 1891 2599 bonorum
1926 2559 2160 2600 suorum
2197 2539 2575 2620 dispensator,
2627 2560 2757 2619 gra-

348 2622 488 2681 tiam
518 2620 850 2696 indebitam,
897 2640 1072 2697 quam
1109 2620 1211 2679 uni
1251 2619 1512 2697 largitur,
1559 2619 1728 2679 alteri
1772 2630 1965 2697 negat,
2013 2619 2087 2679 de
2140 2641 2255 2699 qua
2298 2621 2423 2698 agit
2471 2620 2754 2697 Christus,

349 2702 560 2761 Matth.
591 2701 672 2760 xi.
703 2704 798 2777 25,
830 2702 926 2775 26,
971 2707 1032 2759 et
1069 2719 1174 2758 xx.
1207 2701 1299 2775 15,
1345 2699 1649 2779 ethaulus
1694 2700 1859 2759 Rom.
1891 2701 1973 2759 ix.
2008 2702 2099 2775 11,
2136 2702 2248 2777 18;
2290 2700 2576 2778 posterior
2616 2705 2786 2759 vero'

345 2782 410 2841 in
435 2790 568 2841 actu
593 2780 848 2859 positivo
876 2800 979 2839 seu
1007 2778 1528 2857 praedamnatione,
1570 2799 1674 2857 per
1700 2798 1891 2856 quam,
1923 2787 1989 2840 ut
2009 2780 2206 2857 justus
2223 2781 2267 2840 J
2268 2780 2443 2858 udex,
2474 2800 2604 2840 reos
2631 2800 2754 2857 poe-

345 2861 438 2921 nis
464 2860 676 2921 debitis
703 2881 780 2919 ex
807 2860 1008 2919 ordine
1027 2858 1272 2937 justitiae
1299 2858 1532 2935 addicit,
1573 2858 1646 2917 de
1690 2878 1807 2937 qua
1849 2859 2041 2937 agitur
2086 2860 2257 2919 Prov.
2302 2861 2426 2927 xvi.
2470 2864 2529 2937 4,
2582 2860 2752 2919 Matt.

347 2962 489 3000 xxv.
520 2943 616 3016 41,
649 2942 817 3000 Rom.
847 2940 931 3001 ix.
960 2943 1056 3015 21,
1088 2944 1183 3015 22,
1220 2942 1248 2998 1
1281 2940 1486 2999 Thess.
1515 2960 1574 2997 v.
1604 2942 1660 2998 9.
1770 2940 2029 3017 Utraque
2075 2939 2185 2999 Dei
2230 2938 2590 3017 reprobantis
2634 2960 2753 3009 ma—

338 3021 612 3099 jestatem
639 3029 698 3080 et
725 3020 970 3098 gloriam
998 3019 1368 3095 demonstrat,
1398 3019 1833 3097 reprobatorum
1861 3018 2159 3079 audaciam
2188 3020 2517 3097 compescit,
2542 3020 2755 3097 quippe

347 3101 446 3177 qui
467 3121 574 3159 nec
603 3121 736 3160 cum
765 3100 892 3159 Deo
914 3100 1046 3178 jure
1073 3099 1440 3176 expostulare
1467 3108 1731 3177 possunt,
1762 3099 1920 3176 quod
1944 3100 2093 3159 liber
2111 3100 2217 3166 ael
2243 3099 2403 3177 quod
2432 3100 2630 3177 justus
2658 3099 2751 3177 sit,

349 3179 447 3239 vel
473 3179 632 3257 quod
657 3188 900 3257 utraque
926 3178 1040 3238 ista
1063 3178 1411 3255 proprietate
1439 3178 1592 3237 circa
1617 3179 1744 3238 haec
1772 3179 1868 3238 vel
1894 3179 1998 3237 illa
2024 3178 2327 3239 individua
2352 3187 2565 3239 utatur.

352 3298 398 3343 R
511 3298 648 3342 batio
702 3310 725 3341 s
787 3310 830 3340 ο,
954 3257 1040 3315 X.
1082 3258 1294 3332 Terti0,
1325 3258 1689 3334 Reprobatio,
1720 3278 1839 3317 non
1864 3259 2057 3318 minus
2084 3280 2151 3317 ac
2191 3260 2427 3336 Electio‚
2457 3258 2556 3319 vel
2595 3260 2753 3333 abso-

397 3309 836 3458 ffirzdegofsg-
879 3339 989 3395 luto
1017 3335 1412 3473 considleratur
1436 3346 1703 3430 respectu
1735 3338 1925 3413 unius,
1957 3338 2053 3396 vel
2073 3418 2087 3432 ·
2101 3348 2427 3415 comparate
2474 3346 2533 3397 et
2576 3339 2755 3474 rglate

567 3487 574 3493 -
756 3427 788 3471 Ρ
877 3422 2091 3573 {sissi”334102222203332351
2118 3426 2325 3574 3332*
2347 3437 2755 3573 ΨΡΟᾞ

350 3596 524 3653 quam
551 3576 716 3635 illum
745 3574 1002 3653 elegerit,
1033 3584 1092 3636 et
1117 3574 1284 3633 illum
1325 3575 1519 3651 potius
1559 3594 1735 3652 quam
1774 3576 1930 3634 hunc
1969 3576 2325 3653 reprobarit;
2369 3574 2754 3634 diversimode

347 3655 500 3713 enim
529 3655 604 3714 ad
629 3664 937 3732 utrumque
965 3653 1298 3732 responderi
1323 3661 1516 3730 potest
1543 3655 1721 3731 juxta
1747 3654 2043 3715 diversum
2082 3653 2501 3734 reprobationis
2542 3660 2752 3729 actum,

347 3743 406 3793 et
435 3735 793 3813 reprobantis
819 3735 1002 3812 σχίσιν,
1031 3742 1098 3793 ut
1125 3733 1321 3792 statim
1348 3733 1588 3793 dicetur.

431 3816 550 3874 XI.
592 3815 780 3889 Quum
809 3816 1002 3893 agitur
1027 3814 1101 3873 de
1127 3813 1392 3871 Absoluto
1419 3812 1852 3889 Reprobattbnis
1880 3816 2139 3889 Dect-eto,
2170 3814 2301 3873 Non
2330 3810 2621 3891 quaeritur,
2653 3810 2755 3871 An

351 3894 426 3954 sit
453 3897 782 3972 absolutum,
804 3894 920 3955 Vel
948 3914 984 3953 a
1009 3894 1406 3971 musafimli5
1449 3893 1636 3951 Nemo
1663 3893 1817 3951 enim
1846 3893 2087 3967 dubitat,
2119 3893 2259 3970 quin
2288 3894 2451 3952 Deus
2478 3892 2541 3950 in
2568 3892 2751 3951 omni-

351 3975 460 4033 bus
487 3974 751 4050 decretis,
783 3983 843 4034 et
869 3974 932 4032 in
957 3975 1070 4033 isto
1097 3972 1478 4051 potissimum,
1508 3972 1687 4032 finem
1713 3974 1991 4051 optimum
2020 3981 2081 4032 et
2107 3971 2593 4051 sapientissimum
2640 3972 2753 4030 sibi

349 4054 710 4132 proposuerit
734 4077 749 4113 :
791 4054 907 4114 Vel
934 4075 974 4113 a
1000 4074 1174 4112 causa
1201 4053 1526 4133 προηγουμὲνῃ
1557 4060 1616 4112 et
1643 4054 1881 4128 interna,
1912 4071 2027 4129 qua
2062 4060 2329 4113 movetur
2357 4052 2519 4111 Deus
2545 4052 2619 4110 ab
2668 4051 2753 4109 in-

349 4134 597 4192 trinseco
625 4133 701 4192 ad
728 4132 1017 4211 agendum
1041 4156 1056 4208 3
1103 4133 1334 4193 Certum
1363 4136 1592 4211 quippe,
1623 4152 1751 4191 eam
1782 4132 1908 4191 Deo
1952 4131 2375 4211 sapientissimo
2420 4131 2593 4191 etiam
2638 4150 2755 4189 non

350 4212 638 4273 defuisse:
682 4212 796 4271 Vel
825 4233 860 4271 a
886 4214 1200 4272 conditione
1225 4222 1278 4271 et
1315 4214 1586 4289 qualitate
1608 4211 1982 4289 praecedanea
2020 4212 2083 4270 in
2110 4212 2378 4289 object03
2422 4210 2573 4270 Nam
2622 4230 2754 4269 cum

350 4293 643 4370 objectum
673 4292 1203 4352 Praedestinationis
1229 4302 1402 4352 antea
1442 4292 1785 4351 evicerimus
1826 4312 1953 4351 esse
1994 4292 2287 4351 hominem
2329 4290 2753 4351 consideratum

349 4382 414 4431 ut
439 4372 684 4450 lapsum,
712 4380 1015 4451 peccatum
1041 4374 1366 4431 necessario
1395 4372 1570 4432 debet
1595 4372 1843 4449 supponi
1869 4380 2143 4449 tanquam
2173 4371 2430 4431 conditio
2456 4371 2518 4429 in
2556 4391 2627 4429 eo
2654 4371 2755 4447 qui

349 4453 706 4529 reprobatur,
735 4472 855 4511 non
880 4452 1072 4512 minus
1099 4472 1168 4510 ac
1210 4452 1274 4509 in
1299 4472 1370 4511 eo
1415 4453 1517 4529 qui
1559 4451 1835 4529 eligitur:
1896 4451 2029 4527 Sed,
2077 4450 2179 4509 An
2224 4452 2301 4510 sit
2345 4451 2676 4511 absolutum
2720 4471 2755 4507 a

348 4553 523 4592 causa
540 4532 783 4610 proprie
809 4533 978 4608 dicta,
997 4532 1428 4609 procatarctica
1453 4538 1513 4591 et
1537 4539 1795 4607 externa,
1826 4550 1943 4607 qua
1970 4533 2135 4591 Deus
2160 4539 2327 4591 extra
2364 4550 2426 4590 se
2470 4530 2755 4607 impulsus

347 4612 422 4671 sit
450 4612 526 4671 ad
553 4612 841 4671 hominem
871 4611 1294 4690 reprobandum
1309 4614 1339 4669 Ῥ
2734 4629 2742 4637 ·

431 4692 598 4751 XII..
631 4692 764 4751 Non
792 4692 1082 4769 quaeritur,
1117 4690 1214 4749 An
1255 4690 1580 4769 reprobatio
1627 4690 1821 4766 quoad
1846 4700 2053 4777 -cfctum
2093 4690 2407 4765 positivum,
2457 4708 2557 4747 seu
2598 4707 2753 4763 prce-
