3300 5225
527 300 644 356 292
1479 289 1663 358 Locus
1690 315 1981 366 Qun-rus.
2090 365 2097 372 ,
2590 291 2841 376 [Quaes‘r.
2876 317 2935 358 v.

533 475 641 516 nos
666 458 845 535 figere
873 465 932 517 et
952 457 1210 535 refigere,
1236 457 1312 517 ad
1337 468 1530 518 motus
1555 460 1856 518 hominum
1882 458 2116 518 decreta
2142 475 2247 516 sua
2272 457 2518 516 formare
2547 464 2607 516 et
2628 456 2937 534 inflectere,

535 546 595 597 et
623 539 707 597 sic
737 539 924 597 Deum
954 557 1070 597 non
1105 558 1232 598 esse
1263 539 1468 615 Deum,
1513 539 1592 598 id.
1627 539 1941 598 Dominum
1967 536 2447 616 independentem
2490 545 2549 597 et
2590 537 2939 614 absolutum,

535 618 638 695 qui
657 637 788 695 quse
807 619 937 678 vult
964 618 1117 694 facit,
1143 619 1247 678 sed
1265 619 1703 698 hypotheticum
1724 628 1784 678 et
1800 617 2225 679 conditionibus
2244 617 2739 696 circumscriptum
2764 640 2779 694 ;
2810 639 2941 696 quae

538 699 732 756 omnia
756 718 888 756 cum
917 699 1034 758 sint
1059 699 1238 776 impia
1277 709 1336 759 et
1362 700 1717 778 blasphema,
1748 700 1865 759 tale
1892 700 2067 758 etiam
2104 717 2232 756 esse
2269 695 2433 774 illud,
2462 698 2619 757 unde
2646 697 2941 758 deducun-

537 787 648 853 tur,
680 798 914 837 necesse
943 787 1049 837 est.

1143 858 1332 917 XIII.
1379 860 1646 918 Ezechiae
1675 858 1799 918 dies
1838 877 1957 917 non
1996 858 2150 917 ultra
2188 858 2495 917 terminum
2537 878 2575 917 a
2602 859 2731 916 Deo
2756 857 2941 919 fixum

1057 940 1352 1016 prorogati
1377 938 1626 1012 fuerunt,
1672 937 1776 998 sed
1802 947 2027 997 tantum
2052 938 2207 997 ultra
2245 938 2393 997 illud
2420 945 2664 1016 tempus,
2710 957 2825 1016 quo
2854 958 2940 998 se—

1063 1019 1316 1078 cundum
1345 1018 1604 1078 ordinem
1633 1037 1934 1078 causarum
1976 1017 2359 1076 secundarum
2386 1025 2445 1076 et
2472 1019 2839 1094 naturalium,
2884 1025 2944 1078 et

540 1101 660 1159 vim
688 1101 872 1178 ipsam
899 1099 1086 1159 morbi
1119 1099 1291 1156 morti
1331 1099 1632 1175 proximus
1673 1098 1996 1174 videbatur,
2042 1106 2101 1157 et
2140 1097 2329 1176 reipsa
2368 1099 2681 1158 moriturus
2721 1098 2944 1174 filisset,

541 1180 654 1240 nisi
701 1181 864 1240 Deus
912 1179 1102 1257 gratia
1144 1197 1249 1236 sua
1295 1178 1707 1256 prospexisset.
1776 1178 2161 1237 Denunciatio
2204 1197 2345 1255 ergo
2382 1179 2599 1254 mortis,
2630 1198 2762 1255 quae
2804 1179 2872 1238 fit
2910 1199 2947 1238 a

542 1261 849 1337 Propheta,
879 1269 971 1318 est
1010 1258 1472 1317 comminationis
1497 1278 1616 1316 non
1639 1258 2179 1336 praedestinationis,
2208 1278 2326 1317 non
2366 1258 2648 1334 absoluta,
2680 1259 2784 1318 sed
2811 1279 2945 1318 con-

541 1340 855 1414 ditionalis,
885 1340 1025 1399 licet
1051 1336 1306 1398 conditio
1333 1358 1609 1416 expressa
1635 1359 1753 1399 non
1780 1338 1969 1413 fuerit,
2015 1339 2117 1397 sed
2145 1346 2355 1398 eventu
2384 1346 2609 1397 tantum
2636 1337 2946 1398 declarata.

543 1421 675 1479 Non
697 1420 1034 1479 decreverat
1059 1438 1200 1496 ergo
1227 1418 1374 1478 mori
1403 1419 1731 1494 Ezechiam,
1758 1418 1862 1476 sed
1888 1427 2111 1477 tantum
2140 1419 2343 1477 mortis
2362 1418 2707 1478 sententiam
2732 1419 2821 1476 illi
2848 1419 2946 1478 de-

537 1501 822 1576 nunciari,
853 1507 918 1559 ut
947 1499 1144 1559 dolore
1175 1499 1411 1558 salutari
1439 1499 1721 1558 contritus
1748 1498 1823 1556 ad
1864 1518 1997 1556 eum
2024 1499 2319 1557 ardentius
2346 1497 2699 1576 confugeret,
2730 1498 2889 1576 quod
2914 1519 2951 1558 a

546 1581 710 1658 Rege
738 1580 1097 1639 intellectum
1125 1577 1302 1638 fuisse
1331 1597 1406 1637 ex
1428 1592 1503 1638 ‘eo
1532 1578 1843 1655 colligitur,
1866 1577 2025 1656 quod
2051 1579 2207 1637 illico
2233 1578 2309 1636 ad
2329 1579 2605 1656 parietem
2634 1598 2951 1638 conversus

546 1660 621 1719 ad
661 1661 954 1720 Jehovam
994 1678 1194 1737 preces
1235 1657 1666 1718 ardentissimas
1706 1677 1811 1734 pro
1854 1657 1990 1716 vitae
2030 1659 2433 1736 prorogatione
2470 1656 2701 1717 fuderit.
2786 1659 2951 1718 Licet

545 1749 740 1800 autem
767 1739 1136 1798 comminatio
1163 1757 1280 1796 non
1307 1737 1544 1797 deberet
1571 1738 1814 1816 impleri,
1844 1757 1963 1796 non
1989 1736 2289 1797 desinebat
2314 1747 2507 1797 tamen
2542 1757 2669 1796 esse
2697 1739 2949 1798 maxime

545 1821 711 1896 seria,
749 1819 886 1898 quia
923 1840 1029 1896 per
1067 1838 1194 1876 eam
1235 1817 1530 1876 decretum
1569 1817 1644 1876 de
1686 1817 2083 1876 conservando
2112 1818 2275 1895 Rege
2316 1816 2529 1894 exequi
2554 1818 2953 1879 constituerat.

549 1901 712 1959 Mors
765 1899 1000 1977 quidem
1056 1917 1160 1975 per
1223 1897 1725 1956 comminationem
1790 1897 2134 1957 denunciata
2184 1897 2483 1976 pugnabat
2536 1917 2669 1956 cum
2738 1906 2951 1958 eventu

545 1980 794 2056 decret0,
825 1979 926 2056 qui
967 1978 1077 2038 fuit
1117 1977 1448 2055 prorogatio
1491 1977 1645 2052 vitae,
1692 1977 1796 2036 sed
1835 1997 1953 2036 non
1992 1979 2121 2054 ipsa
2160 1977 2527 2037 comminatio
2566 1977 2787 2054 mortis,
2822 1999 2951 2056 quae

545 2059 799 2119 medium
826 2079 862 2118 a
891 2059 1019 2116 Deo
1045 2058 1372 2116 institutum
1403 2065 1525 2116 erat
1553 2057 1628 2116 ad
1647 2057 1807 2116 illius
1832 2057 2251 2118 executionem.

629 2139 809 2198 XIV.
852 2139 1029 2214 Impii
1050 2158 1163 2196 non
1191 2137 1492 2196 dimidiant
1529 2138 1646 2196 dies
1685 2157 1831 2212 suos,
1865 2137 1963 2196 Pe.
1990 2137 2072 2196 lv.
2102 2141 2198 2213 23,
2230 2156 2347 2197 non
2372 2137 2600 2216 proprie
2642 2147 2745 2197 aut
2783 2138 2950 2198 abso·

545 2219 685 2295 lute,
705 2217 808 2278 sed
825 2225 1152 2295 comparate
1179 2223 1240 2276 et
1265 2218 1462 2292 relate,
1481 2237 1600 2278 non
1627 2217 1862 2294 quidem
1888 2216 1965 2276 ad
1992 2216 2286 2278 decretum
2306 2217 2435 2293 Dei,
2457 2217 2560 2276 sed
2576 2217 2675 2277 vel
2694 2217 2771 2277 ad
2784 2228 2950 2277 natu-

545 2319 668 2358 ram
697 2319 878 2374 suam,
909 2307 968 2358 et
993 2297 1263 2375 corporis.
1277 2297 1555 2372 habitum,
1587 2297 1727 2373 quia·
1758 2297 1871 2356 sibi
1896 2297 2101 2373 relicti,
2132 2307 2191 2358 et
2231 2299 2451 2375 absque
2491 2317 2631 2357 casu
2670 2297 2953 2357 divinitus

543 2380 822 2454 immisso,
852 2377 1177 2456 potuissent
1201 2375 1420 2437 diutius
1461 2379 1661 2436 vivere
1688 2376 2071 2455 possibilitate
2112 2398 2299 2438 causae
2342 2377 2625 2453 secundae,
2668 2397 2787 2436 non
2813 2397 2953 2436 vero

545 2459 930 2537 possibilitate
957 2456 1197 2516 effectus
1224 2457 1324 2533 qui
1351 2456 1565 2534 pendet
1590 2478 1625 2514 a
1654 2477 1937 2517 concursu
1964 2478 2155 2518 causae
2191 2457 2391 2536 primae
2432 2466 2491 2516 et
2531 2457 2816 2532 secundm,
2856 2458 2954 2516 vel

547 2539 731 2598 relate
765 2537 841 2595 ad
868 2536 1215 2615 opinionem,
1261 2557 1422 2616 spem
1464 2544 1524 2595 et
1559 2537 1956 2613 intentionem,
1986 2546 2111 2596 tum
2148 2557 2328 2614 suam,
2358 2546 2485 2596 tum
2524 2537 2785 2614 aliorum,
2818 2537 2956 2615 quia

549 2619 804 2697 ingentis
831 2617 1054 2677 dierum
1083 2636 1320 2677 summae
1349 2636 1510 2695 spem
1529 2618 1655 2694 jam
1684 2626 2081 2697 conceperant.
2144 2618 2241 2678 Sic
2268 2638 2419 2695 saepe
2448 2618 2509 2675 in
2540 2618 2837 2695 Scriptura
2862 2634 2957 2677 res

551 2699 763 2758 dicitur
789 2698 940 2773 talis,
972 2717 1101 2774 quse
1145 2697 1278 2757 talis
1303 2697 1552 2757 habetur
1579 2698 1848 2775 opinione
1889 2707 1949 2757 et
1976 2697 2167 2758 fallaci
2205 2699 2501 2758 hominum
2535 2698 2778 2776 judicio,
2811 2699 2954 2758 Luc.

549 2779 673 2838 viii.
706 2781 799 2855 18,
829 2780 986 2854 quod
1006 2779 1186 2853 habet,
1215 2777 1294 2837 id.
1323 2780 1479 2855 quod
1513 2778 1735 2837 videtur
1760 2780 1981 2853 habere,
2010 2780 2304 2853 aufer-emr-
2338 2780 2411 2837 ab
2450 2798 2533 2837 eo·
2617 2778 2742 2837 Nec
2782 2778 2835 2837 si
2874 2778 2957 2856 pii

549 2859 787 2937 quidam
815 2859 1120 2915 immatura
1135 2866 1319 2917 morte
1346 2857 1725 2935 abripiuntur,
1746 2866 1805 2917 et
1819 2858 2085 2916 nonnulli
2102 2858 2265 2936 impii
2281 2858 2358 2917 ad
2376 2866 2707 2935 provectam
2727 2866 2957 2918 aetatem

551 2939 898 3017 perveniunt
939 2956 1016 2996 ex
1041 2937 1162 2996 fixo
1193 2938 1306 2997 Dei
1345 2936 1594 3013 decreto,
1627 2938 1901 2997 continuo
1944 2938 2203 3014 sequitur
2242 2938 2743 2997 comminationem
2784 2938 2955 2999 istam

547 3018 768 3079 Psaltis
794 3017 1014 3076 nullam
1042 3035 1186 3092 esse,
1217 3036 1324 3076 nec
1365 3016 1509 3077 istos
1548 3017 1667 3075 illis
1707 3016 1840 3077 ideo
1878 3017 2225 3078 infeliciores
2266 3017 2585 3079 censendos
2610 3037 2777 3094 esse3
2820 3019 2959 3095 quia

551 3097 818 3176 quamvis
843 3096 1058 3174 pariter
1083 3104 1340 3175 tempore
1380 3097 1712 3172 constituto,
1748 3106 2014 3176 respectu
2039 3098 2419 3175 providentiae
2458 3097 2673 3157 divinae
2698 3098 2843 3176 ipsis
2868 3100 2955 3157 in·-

553 3178 802 3256 cognitoe
828 3176 1161 3254 moriantur,
1187 3186 1380 3237 tamen
1403 3196 1560 3236 mors
1587 3185 1959 3253 utrorumque
1988 3178 2163 3256 longe
2184 3178 2381 3256 dispar
2406 3186 2513 3239 est.
2573 3177 2685 3237 Isti
2699 3186 2955 3256 tempore

552 3260 856 3318 immaturo
885 3265 944 3316 et
985 3276 1208 3335 semper
1235 3256 1540 3331 immaturi,
1583 3266 1829 3317 mortem
1857 3258 2095 3318 horrent
2134 3268 2194 3318 et
2226 3259 2472 3337 fugiunt,
2516 3265 2577 3317 et
2602 3256 2816 3319 frustra
2840 3266 2957 3318 tar--

553 3339 690 3397 dare
719 3344 1006 3414 satagunt,
1037 3337 1175 3396 dum
1220 3338 1282 3396 in
1317 3346 1502 3396 morte
1542 3336 1689 3395 nihil
1730 3337 1843 3397 nisi
1883 3347 2128 3398 mortem
2168 3339 2387 3415 vident,
2434 3339 2557 3397 sine
2598 3337 2952 3417 poenitentia,

553 3420 676 3479 sine
705 3438 824 3496 spe,
869 3426 928 3476 et
956 3418 1363 3490 consolatione,
1395 3438 1470 3477 ex
1497 3426 1684 3476 morte
1726 3418 1785 3475 in
1812 3427 2055 3477 mortem
2084 3426 2398 3494 transeunt,
2428 3427 2490 3477 et
2526 3426 2771 3477 mortem
2798 3438 2957 3477 acer·

553 3500 850 3559 bissimam
879 3498 990 3557 sibi
1016 3497 1282 3572 reddunt,
1327 3518 1444 3556 non
1472 3504 1592 3556 tam
1631 3506 1837 3574 sponte
1864 3498 2228 3575 egredientes
2254 3518 2331 3559 ex
2358 3498 2592 3573 mundo,
2624 3518 2799 3575 quam
2826 3518 2957 3557 sne—

551 3581 659 3640 cisi
699 3587 758 3640 et
783 3578 1068 3638 violenter
1107 3577 1398 3637 eradicati.
1475 3576 1592 3637 Sed
1630 3576 1714 3654 pii
1742 3576 1965 3637 dierum
1992 3578 2188 3653 saturi,
2220 3578 2489 3656 quamvis
2524 3578 2585 3635 in
2612 3578 2741 3655 ipso
2769 3578 2957 3638 aetatis

549 3660 706 3736 flore,
742 3666 1048 3719 vocantem
1077 3657 1392 3717 Dominum
1419 3657 1638 3717 alacres
1678 3666 2014 3734 sequuntur,
2044 3657 2284 3735 cupiunt
2312 3657 2553 3717 dissolvi
2590 3667 2656 3718 ut
2683 3656 2799 3717 sint
2826 3678 2957 3717 cum

553 3740 801 3813 Christo,
831 3747 892 3798 et
915 3737 1104 3817 parati
1129 3737 1203 3795 ad
1231 3737 1567 3813 discessum,
1613 3738 1872 3797 accensis
1898 3736 2278 3815 lampadibus,
2322 3746 2383 3797 et
2421 3737 2637 3798 lumbis
2661 3738 2958 3815 praecincti

549 3819 866 3877 adventum
898 3818 1110 3895 Sponsi
1135 3836 1268 3876 cum
1295 3815 1582 3875 desiderio
1607 3817 2051 3893 praestolantur3
2094 3825 2155 3876 et
2179 3826 2247 3877 ut
2273 3816 2436 3895 impii
2462 3837 2805 3895 quocunque
2833 3838 2955 3877 mo-

551 3898 773 3956 riantur
797 3904 1054 3975 tempore
1083 3896 1254 3955 etiam
1283 3894 1346 3953 in
1371 3896 1665 3973 decrepita
1692 3905 2003 3971 senectute,
2034 3897 2326 3957 immaturi
2354 3916 2579 3976 semper
2606 3906 2665 3957 et
2690 3897 2958 3977 imparati

551 3976 796 4051 obeunt;
827 3975 922 4034 Ita
937 3976 1020 4053 pii
1035 3974 1570 4111 quomodocunque,
1589 3983 1650 4034 et
1670 3975 2128 4054 quandocunque
2145 3977 2479 4053 moriantur,
2492 3986 2715 4038 mature
2732 3997 2961 4056 semper

551 4062 611 4115 et
637 4062 955 4133 opportune
983 4054 1320 4129 morluntur,
1350 4074 1430 4113 un
1473 4074 1506 4113 e
1534 4052 1783 4114 dormire
1810 4064 1870 4115 et
1902 4056 2197 4133 quiescere
2222 4058 2286 4117 in
2312 4058 2601 4119 cubilibus
2628 4058 2766 4133 suis,
2798 4068 2857 4118 et
2882 4058 2961 4117 ad

555 4134 867 4193 Dominum
893 4134 1098 4208 redire,
1129 4133 1413 4194 dicuntur.

633 4212 778 4273 XV.
823 4214 1122 4290 Improba-3
1161 4213 1419 4288 moritur,
1465 4222 1712 4290 tempore
1752 4236 1865 4273 non
1903 4236 2021 4291 suo,
2055 4216 2215 4277 Eccl.
2259 4217 2360 4277 vii.
2393 4222 2485 4294 17,
2530 4227 2655 4277 tum
2696 4226 2959 4296 respectu

550 4313 854 4355 causarum
893 4293 1290 4368 secundarum,
1334 4303 1394 4353 et
1433 4293 1863 4355 constitutionis
1901 4297 2196 4372 naturalis,
2226 4298 2365 4373 quia
2395 4299 2639 4359 ulterius
2676 4299 2961 4376 potuisset

549 4374 848 4453 prorogari
875 4374 1002 4451 ejus
1029 4374 1168 4448 vita,
1199 4392 1372 4449 quam
1403 4372 1563 4433 Dens
1597 4376 1762 4453 justo
1793 4374 2019 4453 judicio
2052 4376 2391 4455 abrumpere
2428 4378 2653 4452 voluit3
2704 4386 2827 4437 tum
2868 4398 2955 4435 re—

551 4462 752 4533 spectu
771 4454 898 4513 voti
925 4462 987 4513 et
1012 4454 1135 4530 spei
1161 4454 1360 4530 ipsius,
1391 4454 1528 4530 quia
1546 4454 1954 4533 intempestive
1982 4475 2209 4533 semper
2233 4457 2491 4533 moritur,
2520 4457 2583 4516 id
2608 4466 2699 4517 est
2716 4456 2959 4517 illibens

549 4544 609 4594 et
649 4534 980 4612 imparatus,
1023 4534 1124 4611 qui
1163 4552 1456 4610 nunquam
1496 4534 1593 4593 vel
1630 4534 1831 4595 vivere
1858 4535 1957 4595 vel
1996 4536 2144 4595 mori
2170 4535 2391 4611 didicit,
2432 4537 2699 4614 quamvis
2735 4537 2958 4598 ratione

547 4622 914 4693 peecatorum
939 4614 1074 4691 plus
1101 4614 1242 4673 satis
1271 4622 1544 4687 maturus,
1574 4613 1729 4673 unde
1758 4634 1913 4675 mors
1940 4615 2257 4692 improvisa
2282 4623 2341 4676 et
2367 4616 2765 4695 inexspectata
2792 4617 2957 4677 obra-

567 923 750 969 Fontes
770 923 979 970 Solutio·

704 995 838 1028 num.
