3300 5225
579 228 697 290 542
1577 245 1762 287 Locus
1791 242 2002 287 nonus.
2607 221 2945 303 [QUAEST.
2995 240 3122 281 ιν.

658 386 814 446 XII.
861 384 1059 460 Sexte,
1104 384 1253 459 Quia
1289 393 1529 463 peccata
1551 384 1850 445 levIssima
1873 391 2118 464 possunt
2157 402 2272 441 non
2315 382 2546 457 remitti,
2577 380 2936 458 siquidem
2979 400 3116 439 re-

576 466 777 525 missio
804 485 935 543 quae
961 466 1029 523 fit
1056 465 1271 539 electis,
1296 474 1385 523 est
1410 466 1581 543 plane
1609 466 1878 543 gratuita„
1911 486 1946 523 a
1973 483 2088 541 qua
2113 462 2356 541 proinde
2383 468 2580 539 posset
2602 461 2782 520 Deus
2815 461 3096 519 absti-

576 565 713 604 nere
743 545 867 604 sine
894 544 1211 621 injustitia3
1256 544 1415 621 Ergo
1441 552 1688 621 possunt
1711 546 1774 602 in
1801 552 2080 603 aeternum
2097 542 2257 619 juste
2293 540 2501 618 puniri,
2531 540 2690 617 quod
2717 540 2874 599 dici
2915 560 3094 597 non

576 632 775 701 posset
800 624 916 682 nisi
942 643 1113 702 poena
1140 630 1352 683 aeterna
1378 624 1558 700 digna
1583 633 1797 684 essent.
1857 622 2132 701 Septimo,
2165 620 2316 696 Quia
2344 619 2608 679 Christus
2647 638 2764 697 pro
2813 620 3086 679 omni-

578 704 687 763 bus
714 703 966 782 peccatis
996 704 1169 761 etiam
1194 703 1507 761 levissimis
1533 710 1795 761 mortuus
1821 710 1950 761 est:
1991 702 2153 777 Ergo
2181 699 2374 758 omnia
2401 706 2537 757 sunt
2561 699 2882 759 mortalia.

1182 780 1373 841 XIII.
1416 781 1602 841 Aliud
1628 789 1721 841 est
1735 790 2029 857 peccatum
2055 782 2312 856 mortale,
2333 777 2519 836 Aliud
2533 787 2857 853 peccatum
2887 779 3066 854 ,σῷ-

588 918 594 923 .
650 845 991 951 Ἑοξίξὲιῗζω·
1101 880 1237 919 nens
1282 870 1532 919 mortem.
1596 860 1778 919 -mud
1819 860 2091 937 designat
2124 858 2268 936 quid
2307 866 2594 916 mereatur
2633 867 3002 933 peccatum
3035 880 3056 923 ς

918 932 931 949 ’
1104 939 1237 998 Hoc
1256 959 1372 1016 quo
1388 959 1497 999 nos
1514 940 1690 999 ducat
1704 947 2021 1017 peccatum,
2027 938 2077 997 si
2091 938 2380 1016 patiamur
2393 956 2502 995 nos
2518 935 2592 995 ab
2609 954 2679 994 eo
2697 937 3046 1011 abstrahi,

578 1029 639 1079 et
664 1018 927 1078 inescari.
970 1018 1155 1078 Omne
1180 1028 1480 1095 peccatum
1507 1020 1749 1079 mortale
1776 1028 1867 1079 est
1891 1028 2097 1078 natura
2123 1034 2264 1093 sua3
2299 1015 2416 1074 Sed
2441 1035 2559 1074 non
2586 1034 2758 1075 omne
2789 1024 3044 1075 tamen

578 1098 767 1175 reipsa
794 1106 853 1156 et
878 1097 952 1155 de
980 1097 1133 1157 facto
1158 1096 1235 1155 ad
1262 1107 1504 1158 mortem
1530 1098 1709 1174 ducit,
1737 1106 1972 1176 propter
1998 1098 2200 1175 gratiae
2226 1097 2632 1155 interventum.

659 1177 840 1234 XIV.
872 1176 1182 1235 Peccatum
1208 1185 1668 1237 consummatum
1696 1177 1908 1237 dicitur
1926 1178 2158 1254 gignere
2183 1184 2433 1249 mortem,
2465 1174 2508 1233 J
2512 1192 2632 1233 aco.
2661 1170 2702 1232 i.
2737 1174 2848 1250 15,
2881 1193 3032 1233 non

577 1256 876 1315 exclusive
904 1254 979 1314 ad
1020 1263 1320 1333 peccatum
1347 1266 1706 1334 conceptum,
1735 1258 1834 1316 vel
1859 1266 2103 1334 partum,
2147 1254 2254 1315 sed
2277 1262 2345 1314 ut
2371 1272 2547 1313 causa
2570 1252 2898 1330 proxima3
2951 1262 3030 1313 at

577 1334 1055 1412 concupiscentiae
1082 1336 1355 1395 tribuitur
1378 1345 1447 1396 ut
1472 1356 1662 1396 causae
1687 1344 1957 1395 remotae:
1987 1336 2073 1395 Ut
2099 1354 2239 1412 ergo
2265 1332 2424 1410 quod
2449 1340 2541 1391 est
2565 1351 2745 1391 causa
2769 1352 3016 1407 causae,

577 1423 668 1473 est
689 1416 862 1473 etiam
888 1434 1063 1473 causa
1090 1414 1326 1489 causati,
1348 1416 1485 1491 quia
1510 1416 1975 1493 concupiscentia
2001 1434 2176 1473 causa
2203 1421 2292 1471 est
2316 1411 2540 1489 peccati
2565 1412 2818 1471 actualis
2837 1432 3017 1469 mor-

576 1502 697 1552 tem
736 1494 1081 1570 generantis‚
1112 1493 1295 1570 ipsius
1335 1495 1508 1553 etiam
1536 1495 1739 1553 mortis
1781 1514 1956 1553 causa
1986 1494 2191 1552 merito
2217 1492 2479 1550 habetur.
2563 1491 2609 1550 J
2609 1491 2836 1549 acobus
2873 1510 3010 1549 non

577 1572 885 1649 distinguit
910 1572 1101 1630 varias
1129 1573 1349 1649 species
1375 1581 1759 1651 peccatorum,
1792 1572 1893 1633 sed
1921 1572 2184 1651 ejusdem
2209 1572 2432 1648 peccati
2448 1569 2710 1628 diversos
2739 1570 3000 1646 grathe,

576 1659 638 1709 et
662 1670 1003 1727 progressus
1028 1651 1380 1725 tentationis,
1410 1654 1473 1710 in
1498 1653 1710 1729 quibus
1738 1652 1812 1711 ab
1853 1661 1986 1711 actu
2012 1652 2198 1729 primo
2225 1650 2302 1709 ad
2329 1648 2662 1725 secundum,
2693 1650 2771 1708 ab
2801 1650 3001 1708 inter-

576 1748 654 1787 no
682 1728 758 1786 ad
785 1738 1101 1805 externum,
1132 1729 1391 1807 adeoque
1418 1732 1603 1809 ipsam
1629 1740 1890 1807 mortem,
1912 1731 2264 1809 pervenitur.
2309 1729 2540 1787 Primus
2567 1727 2785 1805 gradus
2811 1729 2998 1807 poni-

576 1816 672 1867 tur
698 1807 759 1865 in
786 1809 1101 1867 tentatione
1146 1810 1639 1887 concupiscentiae,
1673 1830 1776 1871 seu
1799 1812 1987 1888 primo
2015 1811 2141 1888 ejus
2173 1816 2335 1867 motu
2357 1829 2373 1885 3
2421 1808 2722 1867 Secundus
2747 1808 2816 1865 in
2843 1827 2994 1867 con-

576 1886 838 1964 ceptione
885 1887 1107 1964 peccati
1142 1906 1247 1965 per
1278 1907 1621 1949 consensum
1655 1892 1782 1969 ejus
1821 1889 2255 1968 imperfectum;
2298 1887 2530 1947 Tertius
2569 1886 2630 1945 in
2661 1895 2835 1965 partu
2872 1906 2988 1965 per

578 1984 921 2025 consensum
963 1967 1201 2044 plenum
1229 1974 1287 2026 et
1313 1967 1664 2046 perfectum3
1710 1970 1961 2044 Quartus
1999 1968 2063 2027 in
2103 1968 2595 2029 consummatione
2620 1966 2848 2045 peccati
2871 1986 2986 2045 per

575 2064 721 2123 opus
750 2054 1068 2123 externum,
1099 2046 1259 2123 quod
1283 2056 1525 2108 mortem
1552 2056 1810 2125 generat.

657 2124 803 2184 XV.
844 2126 1085 2184 Panum
1105 2136 1159 2185 et
1180 2127 1414 2202 stipuloe,
1444 2128 1518 2186 de
1546 2128 1758 2205 quibus
1784 2128 1992 2204 agitur,
2017 2129 2046 2184 1
2074 2126 2204 2186 Cor.
2233 2124 2314 2184 iii.
2349 2128 2440 2201 12,
2463 2144 2583 2184 non
2608 2132 2814 2185 notant
2839 2144 2977 2201 pec·

574 2212 705 2263 cata
732 2205 999 2281 venialia,
1031 2205 1135 2264 sed
1154 2204 1445 2265 doctrinas
1470 2226 1671 2283 novas,
1703 2226 1900 2282 vanas,
1931 2214 1992 2265 et
2018 2207 2290 2281 curiosas,
2313 2224 2444 2281 quae
2469 2205 2608 2263 licet
2633 2204 2976 2263 fundamen·

575 2291 699 2343 tum
726 2304 844 2342 non
883 2294 1162 2361 evertant,
1192 2304 1310 2343 non
1338 2294 1473 2345 sunt
1498 2294 1694 2345 tamen
1719 2286 1808 2344 illi
1842 2287 2249 2362 homogeneae3
2305 2284 2438 2343 ideo
2479 2302 2724 2342 examen
2749 2284 2792 2343 J
2793 2282 2972 2351 udicii

575 2362 778 2438 divini,
810 2362 934 2455 sive
960 2364 1151 2423 lucem
1178 2364 1377 2440 Verbi,
1409 2373 1468 2423 et
1494 2365 1805 2424 efficaciam
1838 2364 2102 2457 Spiritus,
2133 2384 2264 2441 quse
2289 2383 2404 2439 per
2430 2364 2610 2439 ignem
2635 2364 2972 2457 probantem}

574 2452 1521 2598 fficissimfflffissessfflffi
1548 2446 2533 2597 Eniih'ssssssffissofffflffinii,
2553 2442 2838 2579 ‘33:232
2867 2462 2968 2581 (ἐξ

574 2600 771 2737 (Ῑιιίὺᾶιι
797 2608 1095 2678 peccatum
1122 2602 1378 2679 ipsorum
1402 2622 1521 2662 non
1548 2602 1724 2663 fuisse
1752 2609 1936 2664 morte
1962 2602 2240 2680 dignum
2285 2601 2388 2662 sed
2415 2602 2661 2680 gratiam
2685 2600 2796 2660 Dei
2821 2600 2964 2661 illud

575 2699 685 2738 con
729 2699 951 2740 enasse.

658 2759 837 2819 XVI.
884 2761 1193 2820 Peccatum
1232 2760 1295 2819 in
1342 2761 1615 2838 Spiritum
1666 2763 1942 2822 Sanctum
1989 2759 2202 2820 dicitur
2240 2761 2317 2820 ad
2341 2768 2584 2820 mortem
2623 2759 2741 2818 κατ’
2783 2761 2952 2835 ἐξοχὴ,

580 2841 609 2895 1
642 2839 685 2899 J
690 2859 741 2898 ο.
771 2860 827 2898 v.
862 2842 954 2915 16,
998 2859 1116 2898 non
1142 2848 1367 2899 tantum
1394 2841 1532 2918 quia
1555 2849 1799 2899 mortem
1835 2849 2102 2917 meretur,
2135 2841 2237 2900 sed
2263 2841 2401 2918 quia
2425 2848 2493 2900 ut
2519 2848 2608 2898 est
2633 2840 2802 2918 plane
2827 2841 2954 2898 irre-

574 2918 869 2993 missibile,
900 2937 1055 2976 mors
1082 2919 1405 2977 necessario
1442 2927 1501 2978 et
1526 2918 1863 2979 infallibiter
1895 2918 2044 2980 illud
2071 2921 2346 2997 sequitur.
2431 2920 2652 2996 Caetera
2676 2938 2813 2978 vero
2845 2939 2954 2977 non

574 3005 711 3055 sunt
737 2996 812 3055 ad
838 3007 1117 3072 mortem3
1174 3016 1292 3055 non
1317 2997 1474 3073 quod
1498 3017 1603 3076 per
1642 3017 1706 3056 se
1745 2999 2010 3058 mortalia
2035 3018 2154 3058 non
2181 2999 2298 3059 sint
2331 3006 2391 3058 et
2416 3006 2598 3058 morte
2626 2998 2816 3074 digna,
2856 2997 2949 3057 sed

574 3075 711 3152 quia
738 3094 813 3132 ex
841 3076 1028 3152 gratia
1056 3075 1166 3133 Dei
1194 3075 1558 3135 remissibilia
1577 3084 1729 3152 sunt,
1761 3084 1820 3135 et
1845 3077 2076 3136 veniam
2103 3097 2254 3156 saepe
2283 3085 2728 3155 consequuntur.

656 3152 873 3212 XVII.
918 3153 1181 3213 Christus
1212 3154 1420 3214 Matth.
1452 3175 1507 3212 v.
1553 3160 1649 3233 22,
1680 3159 1776 3232 23,
1806 3157 1952 3215 nihil
1980 3158 2156 3217 habet
2177 3157 2333 3235 quod
2369 3157 2563 3216 faveat
2588 3157 2832 3233 peccatis
2856 3174 2944 3213 ve-

572 3230 841 3308 nialibus,
870 3232 1008 3292 licet
1034 3232 1301 3292 videatur
1317 3234 1580 3310 quaedam
1600 3245 1825 3298 tantum
1853 3236 2118 3296 addicere
2139 3238 2419 3314 gehennae
2447 3236 2634 3314 ignis;
2666 3235 2809 3310 Quia
2832 3255 2939 3294 sco·

572 3331 683 3389 pus
710 3312 837 3389 ejus
857 3311 1091 3389 quidem
1118 3320 1208 3372 est
1228 3313 1529 3373 ostendere
1555 3315 2004 3393 inaequalitatem
2025 3315 2150 3374 dari
2165 3335 2464 3394 poenarum
2485 3335 2560 3374 ex
2579 3315 2943 3392 inaequalitate

572 3399 953 3468 peccatorum,
984 3400 1045 3452 et
1084 3393 1147 3450 in
1173 3394 1363 3470 specie
1390 3394 1762 3455 homicidium
1790 3413 1906 3454 non
1935 3395 2246 3454 consistere
2275 3401 2498 3454 tantum
2523 3395 2584 3452 in
2617 3401 2751 3454 actu
2775 3401 2938 3452 exter-

572 3491 666 3546 no,
698 3479 763 3531 ut
799 3471 1218 3549 pertendebant
1257 3474 1551 3552 Pharisaei,
1598 3483 1746 3534 teste
1773 3475 2038 3550 Josepho,
2071 3474 2275 3551 Antiq.
2304 3474 2406 3533 lib.
2437 3473 2538 3532 xii.
2569 3493 2694 3550 cap.
2727 3477 2812 3548 13,
2850 3471 2940 3532 sed

572 3552 745 3611 etiam
773 3551 834 3608 in
861 3551 1157 3611 iracundia
1183 3553 1424 3627 interna,
1446 3562 1505 3612 et
1530 3553 1592 3612 in
1619 3553 2370 3613 irritantibus-contumeliis
2382 3575 2397 3629 ς
2446 3548 2564 3613 Sed
2591 3572 2706 3611 non
2732 3561 2939 3630 peccata

572 3630 693 3690 ulla
720 3629 845 3689 dari
872 3632 1159 3708 venialia3
1205 3651 1337 3690 cum
1364 3633 1461 3689 vel
1488 3633 1760 3692 minimus
1786 3651 1971 3711 poenae
1999 3632 2215 3710 gradus
2241 3632 2326 3690 ibi
2351 3631 2616 3709 capitalis
2644 3633 2738 3708 sit,
2766 3639 2822 3691 ut
2845 3633 2934 3688 mi-

570 3711 760 3769 nimus
785 3709 1009 3787 peccati
1035 3711 1252 3787 gradus
1277 3719 1367 3770 est
1404 3708 1598 3787 ἄνομος.
1684 3713 1812 3771 Imo
1839 3711 2046 3770 docere
2071 3712 2216 3787 vult,
2247 3712 2345 3770 vel
2383 3711 2630 3788 primum
2657 3709 2935 3770 iracundiae

570 3789 810 3862 gradum
842 3807 1033 3848 coram
1064 3790 1191 3848 Deo
1218 3799 1401 3850 morte
1428 3811 1554 3850 esse
1581 3792 1841 3868 dignum,
1872 3791 2009 3867 quia
2035 3790 2136 3868 qui
2176 3809 2246 3849 eo
2275 3789 2584 3849 obstrictus
2621 3798 2726 3865 est,
2755 3790 2936 3849 dicitur

566 3865 724 3942 ’ἔνοχος
744 3871 809 3946 ‘⁸23¹'
834 3875 1001 3946 neira,
1033 3869 1235 3928 eodem
1264 3869 1485 3929 scilicet
1513 3889 1704 3946 sensu,
1724 3891 1840 3947 quo
1870 3869 2148 3929 Pharisaei
2165 3868 2440 3930 volebant
2465 3869 2804 3928 homicidam
2827 3887 2932 3928 esse

566 3944 723 4021 ’ἔνοχον
748 3950 816 4026 τῇ
840 3949 1008 4026 κρίσει,
1039 3957 1105 4007 ut
1133 3949 1345 4008 dicitur
1370 3967 1521 4007 vers.
1564 3949 1928 4026 praecedenti,
1958 3949 2228 4008 nimirum
2257 3949 2451 4026 quoad
2475 3949 2677 4009 mortis
2717 3967 2930 4026 poenam.

569 4028 625 4082 2.
658 4025 855 4083 Verba
884 4027 1097 4090 Christi
1123 4045 1240 4084 non
1282 4035 1416 4086 sunt
1444 4026 1520 4085 ad
1558 4027 1785 4086 literam
1813 4028 2089 4104 urgenda,
2133 4029 2300 4106 quasi
2341 4035 2610 4105 ageretur
2635 4028 2844 4106 proprie
2878 4029 2929 4084 in

566 4102 795 4162 duobus
821 4100 1021 4180 primis
1048 4104 1325 4180 gradibus
1350 4124 1552 4182 poenae,
1568 4107 1782 4180 judicii
1803 4106 2039 4183 scilicet,
2070 4116 2130 4167 et
2157 4107 2388 4184 concilii,
2412 4107 2485 4166 de
2503 4106 2728 4185 judicio
2751 4107 2921 4166 huma·
3021 4171 3024 4174 ,

566 4201 659 4258 no,
684 4182 745 4240 in
771 4183 943 4241 tertio
964 4201 1120 4257 ver0,
1136 4185 1400 4260 ychennoe
1420 4185 1576 4260 ἔφηείς,
1597 4184 1672 4244 de
1689 4186 1888 4245 divino
1915 4193 2158 4263 tantum,
2183 4205 2286 4247 seu
2313 4195 2497 4246 morte
2521 4195 2768 4246 aeternat
2803 4186 2928 4261 Quia
3021 4229 3029 4236 -

564 4263 649 4322 sic
678 4269 1014 4338 sequeretur
1040 4261 1182 4320 iram
1212 4261 1367 4322 intus
1408 4271 1759 4342 conceptam,
1797 4285 1904 4325 nec
1944 4265 2006 4324 in
2047 4273 2238 4326 actum
2282 4275 2676 4344 erumpentem
2715 4267 2927 4324 humano

546 4340 781 4420 judicio
810 4360 935 4400 esse
964 4341 1292 4413 obnoxiam,
1321 4351 1381 4401 et
1407 4343 1643 4422 aliquod
1673 4345 1797 4404 dari
1823 4351 2141 4423 peccatum,
2171 4345 2330 4422 quod
2361 4355 2724 4423 peccatorem
2743 4345 2925 4423 judicio

564 4421 677 4481 Dei
704 4441 820 4480 non
848 4421 1113 4481 redderet
1139 4421 1471 4497 obnoxium,
1492 4423 1649 4501 quod
1677 4424 2010 4486 absurdum.
2057 4425 2174 4486 Sed
2200 4425 2447 4503 figurate
2477 4433 2612 4485 sunt
2639 4423 2921 4501 intelligen-

561 4501 652 4578 da,
672 4507 740 4561 ut
767 4501 1073 4564 diversitas
1099 4501 1315 4580 gradus
1340 4521 1639 4580 poenarum
1661 4503 1962 4583 injudicio
1992 4503 2106 4564 Dei
2133 4505 2494 4566 describatur
2507 4521 2613 4585 per
2637 4505 2920 4581 analogiam
