3300 5225
288 278 509 329 oum.
542 255 661 337 un]
1272 275 1371 316 ms
1400 272 1674 319 Axenus.
1769 274 1776 281 ·
2581 260 2700 319 489

291 420 699 496 relinquerent,
729 433 839 473 nec
866 412 1074 473 coelum
1102 424 1377 493 repetere,
1406 417 1551 495 quin
1576 438 1613 477 a
1636 425 1792 478 terra
1817 416 2170 495 recederent,
2214 426 2273 478 et
2301 417 2384 478 sic
2411 416 2514 479 ubi
2543 436 2710 479 suum

296 498 631 578 precedens
658 502 983 571 mutarent;
1026 494 1171 554 alias
1198 505 1394 557 essent
1420 498 1654 576 ubique.

378 578 501 637 IX.
546 574 825 651 Quamvis
864 574 1007 650 ignis
1046 584 1285 635 aetemus
1332 576 1559 637 dicatur
1602 586 1838 657 paratus
1883 576 2134 657 Diabolo
2179 585 2239 637 et
2267 576 2518 655 Angelis
2561 576 2710 655 ejus,

300 658 471 719 Matt.
500 675 645 715 xxv.
674 657 773 729 41,
818 654 951 713 Non
978 655 1239 731 sequitur
1280 656 1548 735 Angelos
1594 678 1724 717 esee
1752 676 2094 737 corporeos3
2139 658 2290 734 Quia
2335 676 2454 717 non
2480 676 2718 716 necesse

298 746 389 797 est
414 738 613 814 ignem
655 733 907 812 intelligi
948 734 1305 794 materialem
1347 746 1407 797 et
1448 756 1825 815 corporeum3
1869 736 1974 797 sed
2000 736 2376 816 spiritualem,
2418 746 2479 797 et
2504 736 2720 814 figura·

299 826 445 892 tum,
472 812 551 875 ad
576 812 1029 891 exquisitissima
1052 813 1263 874 inferni
1288 824 1577 876 tormenta
1601 816 1980 877 describenda
2001 840 2018 894 ;
2063 825 2130 877 ut
2149 818 2287 877 vites
2315 826 2548 877 aeternae
2576 836 2720 894 gau·

301 893 403 1035 (ἐὴ
428 896 540 989 sub
564 913 755 955 rerum
775 892 1328 973 jucundissimarum
1371 906 1432 956 et
1478 896 1950 957 suavissimarum
1979 898 2260 977 symbolis
2304 897 2494 958 solent
2520 896 2748 957 adum··

348 996 483 1037 ran.

1230 1134 1621 1210 QUAESTIO
1661 1135 1783 1196 111.

1072 1312 1151 1351 mi
1178 1312 1539 1355 coemens
1565 1312 1954 1355 masmana.

598 1448 799 1518 Quale
822 1449 899 1509 sit
918 1453 1135 1527 modus,
1164 1460 1217 1513 et
1242 1458 1409 1531 quale
1434 1456 1701 1530 objectum
1725 1452 2051 1533 οοφηιίοηίε
2077 1420 2360 1531 Anyelicoe
2380 1456 2410 1513 ,²

926 1604 977 1669 I.
1022 1610 1155 1670 Non
1180 1611 1474 1690 quaeritur,
1525 1611 1625 1671 An
1675 1613 1772 1672 An
1777 1612 1898 1690 geli
1939 1612 2306 1689 intelligendi
2353 1611 2570 1671 virtute
2617 1609 2734 1670 sint

386 1673 737 1778 s“{1“gn}{†0⁵·
842 1688 1104 1767 praediti3
1146 1692 1259 1751 hoc
1285 1693 1440 1751 enim
1466 1692 1529 1751 in
1556 1690 1834 1752 confesso
1849 1701 1940 1752 est
1981 1690 2138 1769 apud
2165 1710 2382 1767 omnes,
2433 1699 2493 1751 et
2518 1691 2617 1750 vel
2644 1710 2734 1749 so·

840 1768 965 1829 lum
990 1789 1202 1829 nomen
1228 1773 1752 1849 Intelliyentiarum,
1787 1772 1947 1850 quod
1989 1772 2131 1849 ipsis
2177 1772 2254 1831 ob
2281 1770 2555 1830 eximiam
2582 1770 2736 1849 ipso-

320 1872 451 1911 rum
478 1850 869 1927 cognitionem
894 1848 1181 1926 tribuitur,
1214 1851 1355 1910 satis
1380 1852 1633 1928 evincit3
1683 1852 1800 1911 Sed
1827 1855 2104 1929 quomodo
2139 1858 2199 1911 et
2226 1852 2367 1927 quid
2387 1846 2736 1927 intelligant,

323 1930 449 1991 sive
476 1930 743 2007 quisnam
770 1928 849 1987 sit
892 1930 1105 2005 modus,
1152 1938 1213 1989 et
1254 1930 1547 2007 quodnam
1589 1933 1855 2006 objectum
1897 1950 2097 1990 eorum
2140 1931 2506 2007 cognitionis.
2590 1930 2742 1987 Nam

324 2020 391 2070 ut
416 2010 577 2087 prius
604 2028 640 2067 a
665 2008 895 2068 nemine
921 2017 1207 2084 negatur:
1236 2010 1332 2068 Ita
1356 2010 1642 2087 posterius
1670 2029 1707 2068 a
1725 2010 1888 2069 nullo
1915 2009 2168 2087 perfecte
2196 2010 2566 2085 cognoscitur
2588 2031 2603 2083 ς
2633 2028 2742 2067 nee

326 2090 627 2167 Scriptura
672 2096 917 2161 tacente,
966 2088 1136 2147 nobis
1188 2096 1405 2148 temere
1458 2088 1869 2149 definiendum.
1954 2088 2119 2159 Ideo,
2173 2088 2368 2145 missis
2427 2088 2740 2145 Scholasti-

326 2189 523 2229 corum
568 2168 735 2227 vanis
776 2176 838 2226 et
878 2166 1121 2227 curiosis
1164 2168 1597 2245 quaestionibus,
1649 2168 1752 2245 qui
1790 2168 1998 2228 volunt
2036 2166 2316 2245 inflantur
2343 2173 2405 2232 εἰς
2433 2167 2473 2225 δι’
2495 2170 2568 2243 μὲ
2593 2166 2743 2249 {agd-

328 2275 469 2324 κιο-ι,
500 2248 689 2307 sobrie
716 2247 887 2306 nobis
911 2247 1009 2306 hic
1036 2267 1113 2306 ex
1139 2248 1339 2307 Verbo
1366 2247 1724 2325 sapiendum.

411 2330 499 2388 11.
546 2328 803 2405 Goqm'tio
828 2326 1117 2403 Angelica,
1148 2326 1557 2405 quadrifariam
1585 2335 1778 2405 potest
1794 2328 1855 2384 in
1873 2344 2086 2404 genere
2102 2326 2400 2404 distingui,
2425 2326 2486 2383 in
2505 2334 2744 2385 natura-

330 2412 455 2484 lem,
484 2411 809 2482 revelatam,
836 2408 1343 2482 caper-intentalem,
1373 2416 1433 2466 et
1462 2409 1971 2483 supernaturalem.
2057 2409 2110 2466 1.
2153 2406 2460 2465 Naturalis
2485 2414 2591 2481 est,
2615 2426 2746 2484 quse

332 2509 369 2547 a
394 2488 675 2566 principio
704 2486 1009 2546 creationis
1038 2486 1289 2564 Angelis
1336 2486 1446 2545 fuit
1472 2486 1673 2562 indita,
1705 2506 1836 2564 quoe
1863 2495 1982 2545 tam
2014 2486 2202 2561 boniS,
2232 2506 2405 2564 quam
2444 2486 2612 2545 malis
2639 2485 2750 2545 fuit

332 2568 674 2628 eommunis.
757 2571 815 2626 2.
856 2568 1147 2642 Revelato,
1177 2586 1281 2644 per
1306 2572 1481 2645 quam
1508 2586 1586 2626 ex
1610 2565 1966 2626 revelatione
1982 2566 2109 2625 -Dei
2147 2567 2332 2628 multa
2357 2574 2588 2640 norunt,
2619 2586 2750 2644 quae

334 2659 506 2709 antea
532 2648 895 2726 ignorabant,
928 2656 993 2706 ut
1023 2647 1175 2706 Dan.
1204 2666 1331 2724 cap.
1360 2648 1442 2706 ix.
1484 2648 1778 2706 revelatur
1821 2647 2058 2724 Angelo
2101 2647 2365 2706 Gabrieli
2410 2645 2750 2722 mysterium

334 2729 445 2788 lxx
491 2724 935 2800 hebdomadum,
968 2735 1027 2786 et
1052 2727 1115 2786 in
1142 2727 1503 2806 Apocalypsi
1528 2727 1716 2786 multa
1753 2726 2088 2785 revelantur
2130 2726 2380 2807 Angelis
2423 2745 2460 2783 a
2508 2725 2652 2800 Deo,
2684 2733 2752 2784 ut

335 2807 669 2868 hominibus
712 2805 1080 2866 annuncient.
1164 2809 1221 2868 3.
1264 2806 1764 2883 Espfflmentalis,
1811 2815 1870 2866 et
1913 2805 2210 2883 acquisita,
2269 2825 2399 2882 quse
2440 2804 2622 2863 oritur
2675 2823 2754 2863 ex

336 2887 511 2947 rebus
538 2906 669 2963 quse
694 2886 845 2946 fiunt
870 2886 931 2942 in
958 2885 1199 2962 mundo,
1224 2895 1287 2945 et
1310 2887 1629 2963 praesertim
1655 2885 1718 2944 in
1737 2885 2018 2960 Ecclesia,
2049 2886 2122 2944 de
2150 2905 2267 2963 qua
2294 2885 2511 2962 Ephes.
2540 2883 2622 2943 iii.
2657 2886 2752 2944 10.

336 2975 397 3026 et
426 2967 568 3024 Luc.
596 2987 698 3024 xv.
732 2967 825 3024 10.
908 2967 967 3022 4.
994 2965 1479 3043 Super-naturalis,
1507 2986 1639 3044 quae
1666 2975 1757 3027 est
1781 2973 2008 3026 tantum
2050 2964 2410 3043 Angelorum
2453 2964 2754 3040 bonorum,

340 3065 459 3122 qua
485 3045 685 3104 donati
712 3053 847 3104 sunt
873 3062 910 3100 a
938 3044 1065 3104 Deo
1093 3046 1154 3102 in
1180 3045 1633 3121 confirmatione,
1661 3065 1768 3124 per
1793 3065 1968 3122 quam
1995 3045 2079 3104 ita
2103 3043 2355 3123 perfecte
2385 3043 2574 3102 Deum
2603 3043 2755 3103 intu-

344 3133 529 3198 entur,
558 3132 628 3183 ut
652 3124 766 3200 ipsi
790 3131 1122 3183 constanter
1146 3125 1495 3201 adhaereant,
1526 3145 1633 3184 nec
1661 3126 1834 3184 abeo
1859 3125 2106 3184 deficere
2133 3126 2196 3184 in
2222 3132 2500 3183 ueternum
2526 3123 2732 3182 velint.

346 3227 835 3344 mmmm
878 3202 2141 3360 miffamffloess’zfffssissssiiffiffiss’
2162 3208 2254 3342 ὲ..
2286 3200 2597 3359 ’ΐᾷᾆέἑῑῗ
2613 3221 2760 3340 ἆέἓέ.

347 3401 359 3410 -
407 3349 521 3389 ⁸⁰³⁸
542 3343 720 3388 omnia.
855 3361 1079 3436 judicii,
1110 3361 1293 3422 Marc.
1321 3361 1447 3420 xiii.
1490 3365 1589 3420 32.
1632 3366 1692 3420 2.
1722 3361 1872 3435 Quia
1895 3363 2080 3421 multa
2105 3359 2366 3440 quotidie
2405 3361 2635 3420 discunt
2683 3381 2760 3418 ex

348 3437 719 3513 revelatione,
738 3459 871 3515 quse
896 3449 1069 3498 antea
1094 3440 1457 3516 ignorabant,
1489 3441 1641 3517 Eph.
1669 3440 1751 3504 iii.
1777 3443 1868 3514 10,
1897 3440 2054 3499 unde
2081 3439 2356 3500 dicuntur
2378 3439 2534 3498 Petr.
2561 3439 2761 3516 primae

350 3539 401 3578 c.
432 3518 470 3577 i.
505 3521 597 3576 12.
640 3517 967 3578 desiderare
994 3519 1055 3578 in
1082 3521 1359 3598 mysteria
1396 3519 1754 3597 Evangelica
1780 3517 2108 3600 τιςαίσψιι,
2139 3519 2220 3578 id.
2249 3539 2324 3577 ex
2351 3537 2564 3594 magno
2601 3532 2758 3593 mys-

350 3598 561 3657 terium
582 3597 811 3676 pietatis
839 3599 1225 3675 cognoscendi
1254 3599 1465 3675 studio,
1486 3619 1613 3658 sese
1630 3599 1948 3674 demittere,
1980 3609 2042 3658 et
2065 3606 2240 3676 caput
2254 3597 2440 3656 veluti
2465 3597 2759 3672 inclinare,

354 3677 667 3736 alludendo
694 3677 771 3736 ad
798 3678 1157 3748 cherubinos
1186 3678 1377 3754 Areae,
1406 3698 1652 3756 quorum
1679 3679 1832 3737 oculi
1857 3697 2062 3737 versus
2105 3675 2574 3754 Propitiatorium
2603 3695 2765 3752 spec-

354 3757 571 3832 tabant,
604 3753 755 3816 Exo.
785 3775 928 3816 xxv.
948 3760 1045 3817 20.
1088 3761 1146 3818 3.
1170 3759 1319 3834 Quia
1341 3759 1469 3817 Deo
1488 3758 1613 3833 soli,
1644 3757 1747 3836 qui
1773 3765 1864 3816 est
1880 3759 2004 3816 Ens
2030 3757 2336 3831 infinitum,
2368 3754 2766 3816 omniscientia

354 3837 662 3913 competit3
708 3835 1111 3897 creaturarum
1165 3857 1305 3906 vero
1349 3839 1605 3897 omnium
1653 3857 1897 3914 quarum
1941 3837 2194 3898 essentia
2237 3835 2404 3895 finita
2453 3843 2562 3910 est,
2603 3834 2769 3895 finita

356 3917 531 3974 etiam
575 3915 751 3974 debet
792 3935 919 3974 esse
962 3916 1234 3994 cognitio,
1284 3925 1344 3976 et
1380 3917 1553 3976 certis
1593 3916 1876 3976 limitibus
1921 3916 2370 3993 circumscripta.
2415 3915 2582 3973 Licet
2627 3933 2768 3972 vero

360 3995 551 4054 Deum
578 3995 773 4054 omnia
798 3995 1091 4057 videntem
1134 3996 1373 4056 videant
1418 3996 1656 4073 Angeli,
1701 4015 1820 4055 non
1847 3997 2107 4073 sequitur
2147 4016 2248 4054 eos
2275 3995 2336 4054 in
2377 3993 2628 4053 essentia
2657 3993 2771 4053 Dei

355 4073 553 4134 omnia
578 4073 811 4150 videre;
854 4076 993 4150 quia
1017 4097 1149 4134 cum
1179 4076 1341 4135 Deus
1368 4077 1446 4135 sit
1472 4095 1660 4154 agens·
1689 4076 2096 4150 voluntarium,
2143 4095 2259 4134 non
2305 4073 2545 4134 exhibet
2570 4093 2770 4132 neees-

360 4155 511 4214 sario
538 4173 633 4212 res
660 4173 861 4212 omnes
886 4175 1085 4214 eorum
1122 4156 1396 4233 aspectui,
1427 4155 1533 4214 sed
1556 4163 1782 4214 tantum
1807 4163 1980 4232 prout
2006 4153 2152 4230 vult,
2195 4154 2398 4213 vident
2423 4173 2563 4230 ergo
2591 4171 2772 4230 quan-

352 4243 485 4294 tum
516 4231 677 4294 Deus
704 4233 834 4292 vult
870 4254 973 4294 eos
1014 4235 1251 4312 videre;
1296 4234 1393 4296 Ita
1436 4234 1539 4312 qui
1590 4234 1785 4294 Solem
1825 4235 1990 4294 videt
2035 4234 2228 4294 omnia
2266 4234 2626 4308 lustrantem,
2655 4250 2774 4291 non

364 4312 561 4372 statim
587 4311 751 4370 videt
776 4314 987 4372 omnia.

946 4394 1059 4452 IV.
1088 4397 1145 4454 2.
1168 4394 1222 4451 Ν
1226 4393 1519 4467 onfiatura
1540 4395 1932 4470 contingentia,
1945 4411 2076 4470 quae
2097 4412 2132 4450 a
2145 4391 2455 4452 liberaDei
2473 4389 2774 4448 voluntate

356 4453 820 4572 ‘Noxiigziffiiafw
887 4473 1159 4551 pendent,
1203 4492 1445 4549 quaque
1473 4492 1509 4531 a
1552 4473 1844 4533 Creaturis
1887 4471 2119 4532 nonnisi
2158 4493 2235 4532 ex
2271 4471 2400 4549 ejus
2423 4466 2776 4528 revelatione

359 4579 375 4614 ε
600 4599 605 4610 .
892 4553 1029 4614 sciri
1054 4561 1211 4612 certo
1238 4561 1499 4632 possunt,
1550 4553 1690 4631 quia
1721 4553 1884 4614 Deus
1917 4552 2150 4622 illorum
2195 4549 2604 4629 agnitionem,
2649 4555 2780 4606 tan-
