3300 5225
517 350 636 408 272
1491 363 1677 406 Locus
1704 363 1971 405 rsnrms.
2502 340 2759 424 [QUAES'R
2786 363 2937 406 xxx.

517 505 613 564 Ita
638 512 698 564 et
724 503 1084 582 blasphemia
1109 523 1240 580 quae
1267 502 1330 564 in
1375 503 1655 582 Spiritum
1703 505 1981 564 Sanctum
2019 502 2233 580 fertur;
2277 501 2407 563 Imo
2450 522 2521 562 eo
2566 501 2781 564 certius
2817 503 2932 566 hoe

513 585 818 660 evincitur,
849 585 1007 661 quod
1033 583 1393 660 blasphemia
1419 583 1482 642 in
1529 584 1807 662 Spiritum
1852 584 2129 644 Sanctum
2167 584 2343 661 longe
2385 583 2624 661 gravius
2664 593 2933 644 censetur

511 666 748 738 crimen,
771 672 972 741 utpote
997 663 1408 739 irremissibile,
1430 663 1588 740 quod
1613 683 1803 741 neque
1830 664 1893 722 in
1918 663 2029 722 hoc
2056 663 2269 738 seculn,
2289 683 2397 722 nec
2422 663 2485 720 in
2512 663 2707 722 futuro
2734 664 2929 723 remit-

510 745 670 820 titur,
709 744 788 804 id.
837 763 1150 821 nunquam,
1195 750 1261 803 ut
1283 743 1518 802 Marcus
1545 744 1989 821 interpretatur,
2038 742 2195 820 quod
2238 741 2357 801 dici
2397 761 2515 802 non
2558 751 2772 820 posset,
2816 743 2930 802 nisi

511 824 770 884 Persona
796 831 994 898 esset.-
1027 823 1218 882 Licet
1245 831 1438 882 autem
1465 823 1527 881 in
1571 823 1869 900 Scriptura
1908 821 2187 881 nonnulla
2230 819 2497 882 dicantur
2521 821 2927 901 blasphemari,

509 924 641 981 quse
695 923 813 962 non
867 910 1003 961 sunt
1048 903 1336 976 Personae,
1380 910 1449 962 ut
1493 903 1723 960 Bonum
1764 910 2033 976 nostrum,
2082 901 2253 960 Rom.
2296 901 2419 960 xiv.
2466 903 2580 977 163
2623 903 2925 978 Doctrina,

513 987 547 1042 1
579 983 730 1042 Tim.
758 982 838 1042 vi.
872 985 946 1058 13
989 982 1109 1040 Dei
1148 982 1364 1056 Sermo,
1395 981 1510 1040 Tit.
1540 981 1600 1040 ii.
1631 982 1708 1056 53
1764 982 1873 1040 Via
1912 981 2179 1057 veritatis,
2228 984 2264 1039 2
2297 980 2423 1041 Pet.
2451 981 2511 1040 ii.
2542 985 2618 1057 23
2663 982 2797 1042 Non
2838 1001 2926 1040 se-

511 1063 710 1140 quitur
735 1062 890 1120 idem
917 1061 990 1120 de
1038 1060 1258 1138 Spiritu
1306 1060 1365 1120 S.
1409 1059 1524 1118 dici
1565 1079 1772 1138 posse;
1816 1059 1955 1137 quia
1990 1080 2083 1119 res
2112 1079 2338 1138 semper
2363 1060 2635 1119 dicuntur
2659 1061 2929 1138 blasphe-

510 1142 658 1200 mari
683 1142 864 1201 relate
890 1141 969 1198 ad
1013 1141 1206 1200 Deum
1250 1140 1476 1218 ipsum3
1519 1139 1604 1198 sic
1647 1140 1833 1199 nostri
1872 1139 2013 1200 boni
2053 1139 2411 1218 blasphemia
2454 1150 2545 1201 est
2589 1141 2703 1198 Dei
2745 1141 2929 1218 ipsius

510 1220 770 1295 offensio,
801 1241 837 1278 a
863 1239 980 1298 quo
1007 1220 1225 1279 bonum
1253 1218 1402 1278 illud
1427 1219 1789 1296 accepimus3
1834 1219 2111 1278 doctrinae
2139 1227 2200 1278 et
2242 1220 2523 1280 sermonis
2548 1219 2925 1298 blasphemie,

507 1301 572 1360 in
599 1301 792 1359 Deum
818 1301 1008 1376 ipsum
1036 1299 1165 1376 ejus
1193 1299 1493 1358 authorem
1536 1299 1877 1358 refunditur.
1965 1299 2083 1358 Sed
2124 1298 2497 1376 blasphemia
2540 1299 2601 1356 in
2649 1300 2927 1377 Spiritum

513 1380 792 1518 saffihum
819 1379 936 1438 alia
961 1379 1108 1438 ratio
1137 1388 1245 1455 est,
1275 1378 1413 1456 quia
1454 1397 1729 1456 expresse
1758 1377 2134 1456 distinguitur
2158 1399 2195 1438 a
2221 1379 2581 1457 blasphemia
2604 1379 2667 1437 in
2696 1380 2928 1439 Patrem

508 1468 568 1519 et
653 1460 664 1472 “
696 1458 832 1518 ‘um.
985 1511 990 1516 .

592 1539 678 1598 X.
724 1539 1034 1615 Perperam
1061 1557 1206 1596 vero
1248 1536 1461 1598 dicitur
1488 1535 1754 1595 Ananias
1780 1537 2057 1596 mentitus
2100 1537 2341 1615 Spiritui
2387 1537 2447 1598 S.
2478 1557 2585 1596 ceu
2613 1537 2727 1596 Dei
2754 1538 2924 1614 dono,

507 1637 626 1696 quo
654 1618 912 1696 pollebat
941 1617 1166 1691 Petrus,
1197 1637 1315 1675 non
1342 1635 1482 1676 vero
1523 1637 1632 1676 ceu
1662 1617 1931 1675 Personae
1962 1617 2212 1675 Divinae.
2296 1617 2447 1676 Nam
2485 1618 2717 1676 mentiri
2754 1636 2927 1678 nemo

507 1705 702 1776 potest
742 1697 934 1772 alicui,
976 1697 1092 1756 nisi
1131 1705 1198 1756 ut
1231 1697 1502 1757 Personae
1541 1695 1893 1773 intelligenti
1934 1704 1993 1756 et
2039 1695 2283 1772 viventi,
2325 1696 2481 1758 unde
2528 1717 2585 1756 v.
2615 1700 2671 1773 4,
2718 1698 2925 1757 Petrus

509 1777 718 1855 inquit,
747 1798 864 1836 non
889 1777 1145 1836 mentitus
1171 1797 1228 1836 es
1255 1776 1578 1850 hominibus,
1607 1777 1712 1834 scd
1727 1777 1873 1851 Dc0,
1903 1775 2235 1835 mentiendo
2264 1777 2388 1836 scil.
2422 1775 2663 1856 Spiritui
2692 1776 2921 1852 Sancte,

510 1857 670 1934 quod
697 1857 1022 1934 explicatur
1046 1876 1106 1916 v.
1137 1858 1192 1931 9,
1222 1876 1328 1935 per
1351 1861 1408 1914 τὶ
1436 1853 1767 1937 παρέζεο-θαι,
1814 1863 2029 1914 tentare
2054 1855 2331 1929 Spiritum
2356 1857 2641 1932 Sanctum,
2671 1855 2826 1932 quod
2852 1857 2927 1916 de

516 1937 772 1996 Persona
799 1944 1024 1996 tantum
1050 1935 1280 1996 dicitur.
1363 1935 1641 2010 Quamvis
1669 1954 1808 1994 vero
1848 1940 1905 1992 τὶ
1930 1931 2193 2006 *insubidas
2221 1955 2352 1996 cum
2380 1936 2709 1995 accusativo
2735 1935 2929 2015 potius

512 2024 668 2076 esset
694 2015 894 2076 fallere
923 2023 982 2074 et
1007 2015 1288 2092 decipere,
1319 2034 1495 2092 quam
1522 2014 1769 2090 mentiri,
1783 2073 1789 2079 ,
1802 2013 1987 2092 (quod
2026 2035 2144 2073 non
2188 2015 2524 2093 simpliciter
2564 2023 2756 2093 potest
2792 2015 2924 2091 dici,

513 2095 800 2173 siquidem
827 2094 1070 2154 verbum
1113 2095 1224 2153 hoc
1251 2112 1370 2152 non
1397 2093 1570 2153 modo
1599 2113 1731 2153 cum
1758 2093 1975 2169 dativo,
2008 2092 2112 2152 sed
2148 2095 2323 2154 etiam
2350 2115 2482 2154 cum
2508 2095 2839 2154 accusativo
2864 2095 2927 2153 in

510 2173 2461 2331 ῗὲᾱῑῖἒῗῗὲἑᾞὲἓὲιὲῗὲᾎηῖΐὲὲζὲῖὲέἑῙξῒὲέἱὶιῗι1’,11ῗὲ
2485 2175 2930 2332 ῗιῗὲἓῃξοέἒῖ

511 2334 606 2394 cui
632 2334 864 2393 mentiri
889 2341 1188 2394 conantur.

594 2413 716 2473 XI.
763 2413 961 2488 Sext0,
991 2414 1104 2471 hoc
1131 2411 1350 2472 evincit
1394 2411 1644 2490 Spiritus
1690 2411 1751 2472 S.
1780 2411 2075 2472 distinctio
2117 2433 2153 2470 a
2192 2412 2361 2472 donis
2402 2412 2539 2488 suis,
2582 2433 2713 2490 quae
2752 2412 2927 2472 toties

510 2493 868 2571 proponitur.
934 2493 1052 2552 Cur
1077 2493 1230 2552 enim
1263 2492 1560 2570 Scriptura
1584 2500 1705 2551 tam
1733 2492 1978 2552 sollicite
2000 2492 2381 2570 distingueret
2405 2491 2678 2569 Spiritum
2700 2511 2737 2550 a
2756 2491 2927 2552 donis

511 2573 652 2649 suis,
697 2572 750 2631 si
787 2571 934 2631 nihil
979 2571 1139 2631 aliud
1173 2580 1330 2632 esset
1355 2591 1530 2651 quam
1571 2572 1809 2649 aliquod
1850 2572 1963 2632 Dei
2004 2571 2219 2633 donum
2235 2576 2264 2632 Ρ
2309 2573 2539 2633 Certum
2567 2580 2657 2633 est
2683 2571 2920 2649 quidem

511 2672 630 2710 non
656 2672 786 2711 raro
817 2652 1097 2729 Spiritum
1123 2672 1228 2730 pro
1255 2652 1425 2711 donis
1453 2652 1620 2729 sumi,
1654 2652 1756 2710 sed
1784 2661 2011 2712 constat
2036 2653 2211 2713 etiam
2239 2651 2377 2711 alibi
2404 2652 2475 2711 ab
2502 2651 2621 2711 illis
2648 2671 2923 2730 expresse

513 2731 811 2809 distingui,
842 2739 1115 2809 tanquam
1144 2750 1342 2791 eorum
1369 2732 1670 2791 authorem
1698 2739 1757 2791 et
1784 2752 2017 2791 causam
2038 2732 2395 2807 efficientem,
2418 2732 2771 2791 Discrimina
2794 2742 2927 2791 sunt

511 2814 806 2887 donorum,
834 2814 940 2870 sed
962 2812 1110 2869 idem
1128 2812 1394 2887 Spiritus,
1437 2814 1466 2869 1
1493 2812 1624 2871 Cor.
1647 2811 1751 2869 xii.
1775 2814 1830 2887 4,
1855 2821 1915 2872 et
1932 2831 1989 2871 V.
2014 2814 2069 2888 8,
2094 2813 2248 2871 Huic
2275 2812 2499 2888 quidem
2514 2832 2628 2888 per
2648 2812 2923 2887 Spiritum

513 2894 688 2985 (latm-
725 2912 909 2951 sermo
951 2892 1256 2983 sapientae,
1295 2892 1402 2949 alii
1439 2912 1572 2984 uero
1611 2911 1797 2983 sorpto
1840 2892 2181 2985 comestiones,
2223 2890 2331 2951 ἕω.
2372 2902 2433 2986 et
2468 2912 2527 2985 ιζ.
2576 2894 2683 2985 11,
2719 2891 2925 2951 Omnia

511 2972 1774 3127 ’ἑΐηῗῖῃῗῗὲηἵὲῗεξζθῗῖἕῃῗέζῗιᾨιῗέζ
1800 2971 2922 3129 22²2‘'p''fflssffimfi‘g‘ffissxssssgzffz

499 3130 778 3189 attributi
805 3138 1240 3206 competentem,
1289 3128 1585 3207 Scriptura
1611 3126 1817 3205 ὃὺυαμῑι
1857 3150 1893 3189 a
1936 3131 2157 3207 Spiritu
2186 3130 2509 3207 distinguit,
2543 3132 2683 3189 Luc.
2712 3130 2793 3189 iv.
2826 3133 2919 3188 14.

518 3209 774 3269 Christus
800 3210 1006 3268 dicitur
1032 3208 1318 3268 recessisse
1353 3228 1394 3267 a
1430 3212 1648 3269 deserto
1688 3211 1749 3268 in
1787 3211 1989 3269 virtute
2032 3210 2296 3287 Spiritum,
2337 3220 2397 3269 et
2423 3210 2561 3271 Act.
2591 3210 2629 3269 i.
2660 3211 2717 3284 8,
2758 3209 2918 3269 Acci-

502 3290 690 3365 pietts,
733 3289 922 3367 inquit
963 3288 1242 3365 Christus,
1271 3288 1530 3349 virtutem
1556 3290 1803 3365 Spiritus
1844 3290 2047 3349 Sancti
2082 3290 2531 3365 supervenientis,
2574 3289 2677 3349 ubi
2716 3286 2920 3364 δίκερας

513 3368 798 3443 effectum,
847 3367 1094 3445 Spiritus
1123 3388 1262 3427 vero
1303 3388 1536 3429 causam
1577 3377 1637 3427 et
1676 3369 2021 3446 principium
2058 3369 2189 3447 ejus
2226 3377 2407 3445 notat,
2442 3369 2757 3427 Personam
2796 3369 2923 3429 scil.

511 3448 624 3507 hac
650 3449 864 3509 virtute
893 3445 1210 3526 proeditam,
1243 3468 1422 3541 quam
1443 3449 1506 3507 in
1532 3448 1679 3507 alios
1706 3448 1997 3507 diffundit.
2406 3452 2411 3457 ’

513 3562 996 3693 Βῑὲἓῑξιῗὲᾇξξω
1036 3527 2767 3685 ..320Sfflffifflmfflffimqsssstffiffiffl
2794 3534 2923 3684 3²3:

513 3678 557 3726 1·
573 3694 634 3725 ⁰¹
707 3680 962 3727 omimbus.
1035 3686 1146 3747 bus
1197 3686 1578 3747 Divinitatem
1635 3687 1854 3747 Christi
1907 3686 2297 3765 probavimus,
2354 3686 2677 3745 firmissime
2732 3694 2925 3763 potest

512 3766 739 3903 §.cr-incy
825 3766 976 3904 Qudia
1016 3766 1282 3859 Nomina,
1329 3766 1648 3906 ἑιιέὼῇιιῗι,
1682 3766 1887 3844 Opera,
1932 3767 2243 3907 ethultgp
2268 3767 2399 3905 ’Pei
2432 3766 2525 3903 {ni
2570 3766 2922 3904 triguuntqf.

511 3865 1408 4001 ..fflpffizsimszsstsstQ
1450 3866 2015 3987 &1533013520
2046 3867 2287 3986 “mmm
2306 3866 2657 4002 ἓὲἐὲὲέὲὶ,
2682 3866 2924 3985 3333}ss

505 4024 621 4080 per
647 4005 865 4063 Isaiam
891 4006 1091 4081 dicens,
1135 4007 1291 4064 Vade
1317 4008 1401 4063 ad
1435 4007 1719 4083 Populum
1750 4007 1925 4081 illum,
1970 4004 2097 4082 &c.,
2144 4015 2204 4067 et
2245 4006 2347 4083 qui
2386 4014 2629 4064 vocatur
2675 4004 2924 4082 Spiritus

519 4082 650 4157 Dei,
683 4082 732 4140 is
770 4082 966 4141 statim
1003 4084 1216 4143 dicitur
1243 4085 1422 4159 Deus,
1467 4093 1526 4143 et
1569 4085 1769 4161 Rupes
1812 4086 2065 4162 Israelis,
2111 4090 2147 4144 2
2194 4086 2349 4146 Sam.
2379 4085 2548 4144 xxiii.
2578 4089 2635 4143 2.
2676 4084 2925 4161 Spiritus

515 4163 750 4223 Jelaovae
789 4165 1002 4221 locum
1041 4172 1120 4221 est
1157 4164 1218 4222 in
1257 4182 1359 4237 me,
1404 4172 1458 4223 et
1493 4184 1679 4222 sermo
1718 4167 1835 4240 eius
1870 4186 1985 4241 per
2032 4167 2282 4243 linquam
2328 4184 2529 4241 meam,
2580 4164 2729 4223 dabit
2762 4167 2925 4223 Deus

511 4242 770 4317 -Israe'lis,
801 4243 938 4300 mihi
963 4245 1147 4301 locuta
1174 4252 1256 4301 est
1278 4244 1473 4318 Rupes
1499 4244 1753 4303 Israelis.
1838 4246 1927 4304 Eo
1960 4246 2209 4323 pertinet
2236 4245 2395 4323 quod
2422 4243 2685 4303 Ananias
2713 4243 2925 4303 dicitur

517 4320 796 4380 mentitus
826 4321 968 4396 Dec,
999 4323 1136 4399 quia
1161 4320 1436 4382 mentitus
1465 4331 1554 4383 est
1597 4323 1840 4400 Spiritui
1884 4325 2114 4400 Sancto,
2145 4334 2211 4385 ut
2238 4345 2414 4402 supra
2439 4324 2649 4398 visum,
2680 4332 2741 4383 et
2766 4322 2925 4399 quod

522 4399 757 4458 Fideles
799 4400 1042 4479 Templa
1085 4400 1356 4462 dicuntur
1397 4422 1524 4463 esse
1570 4404 1683 4462 Dei
1711 4404 1981 4481 viventis,
2022 4406 2159 4483 quia
2202 4413 2339 4464 sunt
2386 4404 2629 4481 Templa
2674 4402 2926 4479 Spiritus

523 4479 739 4553 Sancti,
769 4479 870 4557 qui
911 4480 972 4538 in
999 4481 1140 4558 ipsis
1166 4481 1424 4557 habitat;
1467 4483 1562 4541 An
1587 4484 1805 4542 nescitis
1833 4504 2035 4561 corpus
2060 4494 2303 4543 vestrum
2328 4504 2445 4543 esse
2476 4486 2765 4559 Templum
2789 4481 2922 4559 Dei,

517 4568 574 4619 et
613 4560 890 4636 Spiritum
925 4562 1043 4621 Dei
1079 4562 1333 4621 hahitare
1369 4563 1429 4621 in
1466 4564 1661 4623 vobis.²
1706 4566 1737 4622 1
1780 4563 1911 4623 Cor.
1952 4564 2034 4624 iii.
2078 4567 2171 4641 16,
2206 4572 2267 4624 et
2294 4564 2373 4623 vi.
2417 4566 2511 4622 19.
2597 4564 2743 4622 Cum
2782 4580 2926 4619 vero

519 4640 824 4719 Templum
865 4650 924 4703 et
953 4640 1246 4703 Divinitas
1286 4642 1404 4705 sint
1443 4644 1641 4719 relata,
1685 4662 1803 4703 non
1842 4650 2035 4722 potest
2074 4664 2193 4703 non
2233 4664 2363 4705 esse
2408 4642 2573 4703 Deus
2612 4642 2729 4719 ille,
2760 4642 2931 4720 cujus
