3300 5225
562 369 741 431 xxxii
1446 388 1709 434 ORATIO
1746 388 2116 435 runsnms.

563 546 703 610 dem
737 547 958 623 Gallia,
1009 545 1358 624 Germania,
1401 548 1749 623 Britannia,
1800 547 2111 632 Helvetia,
2160 548 2441 622 Batavia,
2496 548 2753 629 Europa.
2806 555 2965 623 tota,

562 650 734 708 totus
764 645 931 709 orbis
963 645 1372 726 Christianus,
1407 647 1578 709 novit
1603 655 1868 726 quantus
1900 645 2109 713 fuerit.
2170 647 2247 710 In
2276 646 2389 709 hac
2420 647 2671 727 Synodo
2692 647 2967 709 omnium

564 763 833 807 amorem
883 749 950 805 et
996 742 1460 807 admirationem
1532 744 1763 808 meruit
1800 745 2064 826 Magnus
2122 745 2573 820 Turrettinus;
2644 743 2747 807 Ne
2798 745 2969 808 enim

565 841 780 904 credas
819 840 1009 904 solius
1044 840 1429 922 Theologicae
1470 861 1697 905 arcana
1744 849 2088 906 scrutatum
2128 843 2336 916 fuisse,
2368 842 2475 904 vix
2518 842 2641 905 dici
2692 849 2967 922 poterat,

567 937 756 1022 (quod
787 938 864 1002 de
893 938 1202 1002 nonnullis
1223 940 1510 1003 observat
1533 938 1975 1024 Hieronymus)
2009 940 2156 1020 quid
2185 941 2325 1020 plus
2352 939 2419 1001 in
2448 939 2555 1003 illo
2582 940 2967 1002 admiraren-

563 1043 672 1098 tur
704 1036 890 1112 docti,
925 1036 1358 1100 Eruditionem
1393 1039 1600 1114 seculi,
1633 1059 1713 1101 an
1746 1037 2067 1102 scientiam
2092 1037 2589 1118 Scriptus-arum3
2633 1058 2755 1117 qua
2782 1037 2969 1102 lande

563 1131 990 1198 inclaruerunt
1018 1133 1457 1211 Tertullianus,
1487 1134 1827 1213 Arnobius,
1854 1135 2238 1216 Victorinus,
2267 1135 2655 1212 Ambrosius,
2686 1135 2967 1210 Boetius,

565 1231 983 1307 Cassiodorus,
1017 1223 1326 1310 Calvinus,
1361 1233 1544 1308 Beza,
1577 1232 1869 1307 Danaeus,
1900 1233 1947 1296 J
1948 1234 2145 1297 unius.
2226 1233 2348 1296 Vir
2376 1241 2513 1296 erat
2542 1233 2724 1313 cnjus
2752 1253 2967 1298 omnes

564 1329 902 1392 laudabant
948 1331 1207 1394 foelicem
1237 1331 1700 1411 authoritatem,
1746 1331 2051 1394 eruditam
2096 1331 2413 1411 pietatem,
2462 1329 2793 1393 salutarem
2840 1331 2967 1394 elo-

567 1428 900 1506 quentiam,
931 1428 1198 1490 animum
1231 1429 1312 1491 ad
1353 1436 1681 1509 utramque
1708 1430 2016 1491 fortunam
2045 1429 2397 1504 infractum,
2428 1428 2765 1509 simplicem
2794 1428 2967 1492 illam

565 1532 632 1589 et
664 1546 703 1588 a
729 1525 979 1588 Christo
1005 1526 1319 1589 laudatam
1349 1526 1760 1606 prudentiam,
1792 1533 2069 1591 sanctam
2098 1527 2511 1602 tolerantiam,
2538 1528 2708 1605 pacis
2732 1527 2967 1606 ubique

565 1622 898 1686 sarciendae
933 1624 1222 1698 studium,
1253 1624 1406 1688 coelo
1435 1624 1683 1705 dignam
1712 1625 2196 1700 sanctimoniam,
2230 1624 2674 1706 integritatem,
2708 1626 2965 1688 effusam

568 1720 636 1783 in
671 1740 880 1784 omnes
929 1721 1397 1802 benignitatem,
1449 1741 1600 1801 quas
1652 1721 1921 1804 singulas
1956 1721 2221 1785 virtutes
2270 1722 2337 1785 in
2370 1723 2579 1786 Leone
2610 1721 2694 1785 X.
2728 1720 2969 1786 frustra

567 1817 895 1898 aliquando
923 1839 1202 1898 sperasse
1235 1819 1582 1894 Erasmum,
1618 1819 1831 1894 cuivis,
1862 1827 1935 1883 ut
1968 1841 2135 1901 reor,
2172 1827 2387 1884 notum
2419 1827 2535 1883 est.

669 1916 1094 1996 Longaevitate
1124 1916 1344 1997 dignus
1373 1917 1719 1994 videbatur,
1752 1917 1854 1996 qui
1905 1918 2251 1981 immortale
2280 1939 2502 1980 nomen
2545 1919 2661 1981 sibi
2702 1939 2963 1998 pepere-

569 2021 707 2088 rat;
761 2015 860 2076 At
889 2016 1018 2077 fere
1050 2015 1238 2078 terris
1270 2015 1498 2078 nostris
1527 2021 1773 2077 tantum
1814 2016 2215 2078 ostenderunt
2242 2017 2389 2078 fata.
2472 2015 2603 2077 Vix
2638 2016 2965 2096 septimam

569 2132 868 2175 annorum
895 2112 1338 2176 hebdomadam
1369 2113 1697 2194 ingressuS,
1719 2113 2046 2176 durissima
2066 2121 2387 2192 correptus
2414 2115 2604 2188 febre,
2634 2114 2970 2176 immatura

483 2237 488 2242 ·
568 2216 766 2273 morte
795 2216 1046 2290 ereptus
1079 2217 1195 2286 est,
1227 2219 1292 2274 et
1320 2211 1489 2274 velut
1517 2231 1556 2273 a
1577 2211 1916 2275 visceribus
1948 2211 2169 2292 patriae
2200 2210 2465 2274 avulsus.
2539 2210 2733 2274 Vivas
2754 2218 2967 2275 tamen

567 2314 634 2372 et
685 2327 1006 2388 expressas
1061 2309 1157 2372 sui
1211 2309 1507 2390 imagines
1559 2309 1851 2390 reliquit;
1916 2308 2205 2372 Duxerat
2262 2329 2513 2372 uxorem
2568 2309 2966 2373 lectissimam

569 2412 636 2469 et
681 2407 1120 2472 nobilissimam
1169 2407 1486 2488 virginem,
1519 2407 1685 2470 omni
1746 2427 1931 2470 sexus
1988 2407 2169 2470 laude
2222 2407 2567 2487 praeditam,
2598 2429 2677 2470 ex
2734 2406 2966 2470 illustri

567 2503 1037 2568 Michoeliomm
1097 2505 1388 2585 prosapia
1444 2504 1785 2578 oriundam,
1838 2524 1997 2567 anno
2062 2506 2270 2569 1616.
2374 2505 2477 2568 Ex
2534 2505 2643 2568 illa
2702 2497 2968 2594 (praeter

567 2607 766 2675 natas,
803 2621 954 2681 quas
983 2602 1180 2664 adhuc
1205 2602 1270 2664 in
1295 2601 1447 2665 vivis
1479 2622 1612 2664 esse
1643 2602 1879 2683 gratias
1908 2603 2144 2685 agimus
2178 2603 2315 2667 Deo
2348 2612 2611 2683 quantas
2639 2624 2965 2685 possumus

575 2698 895 2775 maximas,
933 2706 998 2762 et
1028 2699 1104 2761 de
1135 2700 1354 2778 quibus
1383 2701 1496 2762 hoc
1531 2719 1720 2761 unum
1750 2700 1953 2764 dicere
1984 2702 2228 2777 sufficit,
2258 2709 2523 2782 utroque
2554 2708 2809 2782 parente
2840 2722 2967 2765 non

571 2816 705 2859 esse
740 2795 1050 2880 indignas)
1085 2797 1290 2877 plures
1323 2798 1544 2860 habuit
1583 2804 1782 2873 natos,
1819 2818 2075 2878 quorum
2107 2799 2229 2862 duo
2260 2801 2596 2863 etiamnum
2646 2800 2831 2863 hodie
2864 2820 2965 2863 su—

569 2894 884 2975 perstites,
909 2893 1052 2956 Viri
1080 2894 1462 2975 integritate,
1493 2896 1747 2975 pietate,
1782 2896 2065 2972 candore,
2094 2896 2421 2977 multiplici
2451 2918 2657 2961 rerum
2678 2918 2813 2973 usu,
2848 2918 2965 2961 nec

570 2992 806 3073 vulgari
837 2992 1205 3072 cognitione,
1241 2992 1574 3072 conspicui.
1650 2991 1924 3056 Medium
1960 2994 2125 3057 inter
2153 3014 2259 3058 eos
2288 2996 2544 3059 tenebat
2572 2995 2965 3059 desideratis-

571 3090 764 3152 simus
809 3088 1044 3153 Noster
1075 3090 1479 3154 Franciscus.
1579 3089 1735 3155 Dies
1784 3092 1876 3154 illi
1927 3092 2151 3155 natalis
2200 3092 2318 3156 fuit
2356 3092 2445 3159 17
2484 3092 2770 3157 Octobris
2820 3092 2967 3156 anni

571 3203 645 3250 M.
683 3203 790 3249 Dc,
822 3204 1049 3263 XXIII„
1083 3188 1188 3267 qui
1238 3187 1592 3251 emortualis
1640 3192 1847 3253 fuerat
1883 3190 2189 3272 Philippo
2236 3190 2533 3254 Mornaeo
2578 3192 2864 3267 PlessaeO,
2900 3199 2968 3254 et

569 3285 784 3347 Paulo
818 3286 1050 3348 Veneto
1083 3285 1332 3349 Ordinis
1367 3284 1767 3363 Servitarum,
1792 3286 1968 3350 Viris
1997 3288 2295 3366 majorum
2329 3289 2720 3371 Maginibus,
2756 3296 2821 3351 et
2855 3309 2969 3353 sua

569 3380 804 3445 virtute
834 3404 905 3447 ac
939 3384 1286 3447 eruditione
1314 3383 1583 3465 inclytiS,
1617 3392 1816 3449 metas
1842 3384 2073 3467 ingenii
2096 3392 2161 3449 et
2184 3385 2387 3448 laudis
2412 3386 2709 3468 egressis3
2764 3386 2827 3447 N
2832 3386 2967 3449 imi-

571 3500 706 3541 rum
741 3479 898 3542 sicut
948 3480 1113 3545 inter
1139 3481 1336 3543 Astra
1367 3482 1506 3545 aliis
1554 3484 1940 3547 horizontem
1970 3490 2251 3546 nostrum
2286 3485 2712 3560 subeuntibus,
2744 3484 2867 3546 alia
2899 3486 2965 3547 in

570 3578 826 3641 adverso
875 3578 1306 3659 hemisphaerio
1351 3588 1687 3661 emergunt.
1790 3581 2026 3645 Eodem
2058 3601 2219 3644 anno
2250 3581 2583 3663 Gregorius
2615 3581 2765 3644 XV.
2802 3582 2964 3645 Pon-

571 3677 728 3740 tifex
761 3683 1040 3739 extremo
1061 3698 1174 3741 sua
1199 3678 1332 3739 fata
1359 3679 1460 3741 die
1493 3678 1734 3757 clausit,
1766 3686 1832 3743 et
1855 3678 2223 3743 Franciscus
2252 3678 2635 3743 Contarenus
2666 3680 2735 3741 in
2765 3678 2969 3743 locum

573 3774 839 3838 Antonii
873 3774 1064 3838 Prioli
1099 3774 1506 3839 Venetiarum
1533 3776 1838 3859 Principis
1872 3779 2241 3856 subrogat-us
2272 3784 2386 3841 est.
2478 3778 2732 3851 Eodem,
2768 3776 2967 3857 Syno-

467 3908 488 3929 .
571 3872 684 3933 dus
715 3872 1189 3937 Carentonensis
1211 3874 1444 3951 habita,
1471 3881 1538 3938 et
1567 3876 1849 3939 Ecclesia
1870 3874 2243 3939 Genevensis
2266 3876 2455 3955 coepit
2478 3875 2543 3937 in
2570 3874 2971 3938 Eucharistia

570 3970 940 4057 fermentato
967 3970 1062 4033 uti
1091 3992 1268 4051 pane,
1295 3972 1485 4051 juxta
1520 3980 1795 4037 veterum
1828 3972 2316 4036 Christianorum
2344 3972 2605 4053 praxim.

672 4067 1013 4129 ORIENTIS
1060 4068 1220 4131 Solis
1243 4068 1431 4148 jubar
1459 4069 1853 4145 admiramur,
1886 4076 1953 4133 et
1982 4069 2059 4132 de
2086 4070 2287 4133 culmo
2320 4076 2647 4151 segeteque
2694 4071 2968 4133 futuram

572 4163 928 4243 conjicimus
978 4185 1253 4229 messem.
1359 4168 1466 4229 Ab
1517 4168 1769 4231 ineunte
1798 4174 1983 4229 aetate
2032 4174 2241 4230 noster
2279 4166 2687 4234 Turrettinus
2734 4168 2967 4249 ingenii

573 4262 671 4324 sui
699 4261 896 4324 edidit
924 4263 1276 4343 specimina,
1303 4263 1464 4327 unde
1492 4264 1673 4327 facile
1697 4271 1836 4328 erat
1864 4264 2182 4345 augurium
2214 4268 2291 4329 ab
2322 4266 2421 4327 his
2450 4265 2799 4329 carceribus
2830 4286 2969 4328 eum

573 4360 654 4421 ad
701 4378 938 4422 summa
970 4381 1224 4441 quaeque
1255 4367 1715 4441 perventurum.
1818 4361 1943 4424 Suo
1976 4364 2381 4427 confirmabat
2410 4363 2692 4443 exemplo
2720 4370 2967 4426 senten-

573 4456 728 4519 tiam
757 4456 1092 4538 Scriptoris
1122 4458 1557 4537 sapientissimi
1589 4459 1775 4523 Probi
1822 4460 2225 4539 Imperatoris
2257 4460 2523 4524 indolem
2570 4460 2827 4540 primam
2858 4481 2968 4524 ex-

573 4555 849 4618 tollentis
885 4577 900 4616 :
971 4562 1009 4593 “
1032 4556 1097 4618 N
1099 4552 1298 4636 emo,'‘
1359 4555 1583 4637 inquit,
1642 4565 1681 4593 “
1700 4578 1967 4638 unquam
2019 4560 2096 4623 ad
2145 4561 2441 4623 virtutem
2494 4559 2778 4639 pervenit
2834 4560 2970 4639 jam

573 4660 874 4726 maturus,
928 4653 1043 4715 nisi
1097 4652 1200 4731 qui
1263 4672 1417 4731 puer
1463 4652 1763 4719 virtutum
1822 4656 2147 4721 seminario
2207 4656 2595 4739 generosiore
2646 4662 2974 4721 concretus
