3300 5225
487 361 607 419 250
1383 375 1567 417 Locus
1595 375 1866 417 'ran-rme.
2432 352 2685 434 [otmar.
2716 371 2907 415 xxvn.

1058 516 1178 576 IX.
1210 517 1282 574 In
1309 535 1379 576 ea
1405 516 1752 595 explicanda
1778 517 1895 576 duo
1913 521 2174 576 extrema
2192 511 2433 573 vitanda
2452 520 2605 590 sunt,
2627 532 2756 591 quse
2778 533 2908 592 gra-

492 583 974 688 Iutffigffiss‘ffifflg
1015 598 1386 656 vissimarum
1411 598 1718 657 haeresium
1749 597 1913 675 origo
1940 596 2187 654 fuerunt.
2246 593 2405 652 Hinc
2432 593 2906 672 Sabelhhnismus,

549 717 723 747 narum
765 702 896 746 intor
921 715 972 746 se
1015 697 1050 736 a
1081 677 1335 737 Sabellio
1393 677 1853 755 Pentapolitano,
1884 695 1961 736 ex
1990 673 2347 734 Ptolemaide
2376 673 2631 752 AEgypti
2672 674 2909 735 civitate

551 760 780 830 (it-‚gadas
818 760 982 806 Sabel-
1023 757 1267 818 oriundo
1295 757 1659 817 introductus
1686 757 1839 816 circa
1858 775 1991 814 ann.
2021 757 2157 830 260,
2187 773 2360 832 quem
2389 755 2573 813 secuti
2616 763 2751 814 sunt
2776 775 2909 832 pos-

549 819 818 864 ¹¹⁸¹²¹⁸¹¹¹¹¹³·
1021 845 1118 897 tea
1131 838 1388 896 Praxeas
1411 837 1725 913 Asiaticus,
1750 844 1809 895 et
1832 837 2233 912 Hermogenes
2252 833 2414 909 Afer,
2438 842 2498 894 et
2518 853 2691 910 quem
2714 835 2909 894 seculo

494 917 774 996 superiori
801 919 888 977 M.
919 917 1180 977 Ser-venas
1222 918 1542 992 renovavit,
1594 917 1697 995 qui
1746 915 2173 975 distinctionem
2220 921 2445 974 tantum
2492 914 2735 972 rationis
2761 914 2913 974 inter

496 998 782 1058 Personas
811 999 1028 1074 statuit,
1059 1005 1126 1057 ut
1151 997 1323 1056 unica
1349 1004 1574 1056 tantum
1602 997 1679 1056 sit
1708 996 1980 1069 Persona,
2011 1015 2141 1073 quae
2168 1002 2402 1088 propter
2426 993 2620 1088 varios
2652 993 2910 1072 effectus,

521 1137 592 1183 Et
614 1136 951 1182 Trifflessmus·
1019 1073 2685 1233 3330351523330pffl33mss030&tat-sset&
2703 1073 2837 1231 {113¹
2836 1075 2915 1213 ἒξ

495 1235 682 1372 tribdus
713 1236 984 1294 Personis
1011 1241 1130 1295 tres
1155 1235 1327 1314 fingit
1358 1235 1612 1314 Spiritus
1634 1245 1883 1296 aeternos
1908 1243 1967 1295 et
1994 1234 2325 1314 inaequales,
2356 1233 2740 1294 essentialiter
2764 1235 2919 1295 inter

497 1333 560 1374 se
633 1315 910 1374 ‘stinctos.

580 1394 664 1452 X.
711 1394 1037 1455 Orthodoxi
1079 1395 1335 1455 medium
1381 1403 1617 1456 tenent:
1660 1403 1862 1455 contra
1910 1393 2223 1454 Sabellium
2276 1392 2458 1452 solam
2485 1392 2915 1453 distinctionem

495 1474 736 1534 rationis
762 1475 859 1534 hic
885 1475 1080 1536 locum
1105 1476 1320 1535 habere
1347 1483 1581 1553 negant,
1612 1477 1751 1554 quia
1780 1476 1955 1534 Pater
1980 1475 2131 1533 alius
2164 1481 2254 1533 est
2280 1493 2317 1532 a
2344 1473 2515 1548 Filio,
2560 1480 2620 1532 et
2654 1473 2841 1534 Filius
2880 1495 2918 1533 a

499 1554 672 1613 Patre
700 1575 737 1612 a
778 1563 940 1632 parte
983 1556 1085 1630 rei,
1133 1556 1280 1614 citra
1321 1565 1634 1634 conceptus
1680 1556 1863 1615 nostri
1906 1555 2329 1632 operationem3
2374 1561 2573 1612 contra
2599 1553 2918 1614 Trithei'tas

497 1637 712 1692 realem
739 1653 842 1693 seu
869 1635 1236 1695 essentialem
1283 1635 1569 1713 rejiciunt,
1621 1636 1761 1713 quia
1800 1634 1939 1694 licet
1986 1634 2100 1692 sint
2142 1633 2339 1710 plures
2367 1633 2637 1692 Personae
2666 1633 2816 1692 inter
2856 1654 2919 1693 se

499 1713 807 1789 distinctae,
856 1716 1031 1774 unica
1071 1723 1269 1774 tamen
1313 1723 1403 1775 est
1448 1715 1736 1775 Essentia.
1840 1714 1958 1773 Sed
2010 1716 2290 1772 modalem
2343 1721 2619 1788 statuunt,
2664 1713 2801 1790 quia
2852 1722 2921 1773 ut

503 1793 775 1852 Personae
801 1795 1250 1872 proprietatibus
1277 1795 1679 1872 personalibus
1706 1803 1979 1872 tanquam
2006 1793 2196 1853 modis
2224 1791 2576 1852 subsistendi
2603 1792 2917 1854 incommu-

501 1873 849 1933 nicabilibus
877 1875 1321 1951 constituuntur,
1353 1875 1436 1934 ita
1460 1894 1566 1952 per
1591 1874 1826 1934 eosdem
1856 1874 2139 1951 distingui
2163 1874 2313 1933 bene
2341 1872 2630 1933 dicuntur.

585 1953 707 2011 XI.
752 1954 918 2013 Licet
944 1963 1137 2015 autem
1165 1955 1451 2032 Theologi
1490 1955 1799 2014 videantur
1840 1953 2265 2032 quodammodo
2306 1952 2405 2011 hic
2430 1953 2582 2012 inter
2609 1973 2670 2012 se
2698 1951 2919 2012 dissen-

506 2032 636 2108 tire,
667 2032 805 2091 dum
835 2034 934 2092 alii
976 2034 1207 2110 realem,
1249 2035 1350 2093 alii
1391 2035 1682 2094 modalem
1722 2043 1951 2094 tantum
1998 2033 2426 2093 distinctionem
2472 2041 2717 2110 urgent;
2761 2033 2929 2092 facile

507 2121 702 2172 tamen
730 2114 1124 2190 conciliantur,
1176 2115 1314 2193 quia
1340 2115 1442 2192 qui
1469 2114 1671 2174 dicunt
1696 2113 1926 2173 differre
1966 2114 2212 2189 realiter,
2256 2113 2463 2172 nolunt
2488 2121 2791 2191 propterea
2826 2134 2929 2173 no-

506 2199 629 2251 tare
659 2193 1059 2254 distinctionem
1083 2199 1298 2254 realem
1323 2197 1600 2271 mqy’orem
1625 2215 1757 2272 quse
1784 2203 1875 2254 est
1900 2194 2052 2253 inter
2076 2213 2171 2252 res
2198 2201 2258 2252 et
2284 2213 2395 2268 res,
2439 2193 2609 2270 quasi
2648 2194 2711 2250 in
2821 2193 2835 2208 “
2883 2193 2929 2240 ’-

503 2280 624 2331 tate
652 2283 806 2332 esset
833 2276 997 2333 aliud
1020 2282 1077 2333 et
1105 2275 1282 2350 aliud,
1309 2293 1412 2333 seu
1439 2275 1554 2334 alia
1581 2283 1640 2333 et
1667 2274 1782 2333 alia
1810 2273 2095 2348 Essentia,
2126 2272 2284 2350 quod
2312 2272 2667 2350 simplicitati
2711 2281 2773 2332 et
2796 2273 2925 2332 nni-

503 2351 612 2411 tati
641 2353 925 2412 Essentiae
956 2355 1189 2413 Divinae
1215 2364 1504 2432 repugnat
1525 2378 1541 2430 ς
1587 2353 1691 2413 sed
1710 2362 1937 2413 tantum
1964 2354 2369 2412 distinctionem
2394 2357 2607 2412 realem
2632 2353 2921 2430 minorem,

503 2441 572 2490 nt
598 2442 812 2493 vocant
842 2433 1201 2511 Scholastici,
1249 2455 1380 2511 quae
1429 2442 1520 2493 est
1564 2434 1717 2492 inter
1762 2453 1885 2492 rem
1912 2441 1972 2493 et
1998 2432 2235 2492 modum
2260 2433 2362 2508 rei,
2406 2433 2505 2492 vel
2544 2433 2694 2492 inter
2719 2432 2925 2492 modos

505 2512 681 2588 ipsos,
725 2533 856 2588 quse
894 2514 1168 2573 coincidit
1211 2533 1343 2572 cum
1387 2513 1757 2573 distinctione
1804 2513 2038 2588 modali,
2085 2533 2259 2590 quam
2307 2513 2406 2571 alii
2450 2520 2741 2588 statuunt3
2785 2512 2925 2589 quia

507 2593 618 2651 etsi
644 2592 708 2650 in
737 2593 862 2651 Deo
890 2612 1010 2651 non
1038 2593 1114 2653 sit
1141 2595 1307 2651 aliud
1329 2600 1390 2653 et
1417 2593 1592 2669 aliud,
1623 2593 1688 2653 id
1716 2602 1807 2653 est
1842 2593 1957 2654 alia
2004 2601 2063 2654 et
2100 2593 2217 2653 alia
2260 2592 2544 2669 Essentia,
2591 2599 2683 2653 est
2726 2599 2923 2653 tamen

510 2673 659 2730 alius
687 2679 744 2730 et
771 2674 936 2746 alius,
968 2673 1083 2731 alia
1111 2681 1170 2732 et
1196 2674 1312 2731 alia
1341 2673 1613 2732 Persona.

591 2751 748 2809 XII.
793 2751 894 2809 Ad
921 2752 1333 2811 adstruendam
1361 2751 1789 2813 distinctionem
1831 2752 2001 2813 istam
2030 2752 2091 2811 in
2122 2752 2373 2829 Divinis,
2416 2772 2535 2811 non
2560 2769 2797 2811 necesse
2838 2759 2930 2811 est

509 2830 636 2890 dari
679 2830 917 2907 aliquod
959 2831 1291 2908 exemplum
1333 2850 1438 2909 par
1481 2833 1579 2891 vel
1631 2832 1851 2909 aequale
1896 2833 1958 2891 in
2000 2833 2298 2893 creaturis.
2387 2832 2611 2892 Sufficit
2654 2832 2705 2890 si
2740 2831 2929 2891 simile

511 2909 733 2988 aliquid
760 2910 944 2985 detur,
975 2910 1072 2969 vel
1099 2911 1428 2988 analogum,
1457 2930 1564 2989 pro
1589 2912 1965 2971 fundamento
1991 2934 2007 2971 ε
2048 2914 2165 2972 imo
2198 2912 2297 2972 vel
2344 2912 2419 2970 ad
2460 2912 2615 2990 ipsas
2644 2912 2933 2970 Personas

511 2990 809 3050 attendere
837 2991 978 3049 satis
1005 2998 1112 3065 est,
1141 3010 1272 3068 quae
1319 2990 1606 3051 distinctae
1637 3011 1772 3052 -non
1798 3000 1967 3051 erunt
1992 2992 2107 3051 nisi
2152 2994 2383 3051 nomine
2410 3000 2598 3068 tenus,
2633 2999 2701 3051 ut
2731 2990 2929 3050 Sabel-

513 3069 630 3128 lius
657 3070 912 3146 volebat,
941 3070 1056 3128 nisi
1083 3068 1380 3129 distinctio
1407 3072 1580 3130 realis
1605 3072 1853 3131 modalis
1880 3072 2217 3145 intercedat.

597 3148 789 3207 XIII.
835 3149 978 3224 Quae
1007 3157 1144 3209 sunt
1169 3153 1414 3216 ἀλλήλοις
1439 3151 2020 3228 incommunicabilia,
2050 3158 2295 3229 possunt
2342 3150 2459 3209 dici
2506 3149 2735 3209 differre
2763 3149 2929 3208 reali-

511 3236 617 3304 ter,
649 3228 711 3287 id
737 3238 828 3288 est
853 3248 971 3289 non
1016 3230 1142 3289 sola
1182 3232 1437 3307 ratione3
1481 3231 1587 3291 sed
1629 3252 1749 3290 non
1793 3232 1989 3291 statim
2033 3231 2248 3291 debent
2270 3226 2525 3290 ‘differre
2552 3229 2934 3289 essentialiter

515 3318 575 3367 et
603 3309 888 3385 specifice.
937 3359 946 3373 .
971 3311 1242 3370 Personae
1269 3311 1456 3389 primo
1483 3311 1659 3370 modo
1686 3311 1836 3371 inter
1863 3332 1925 3370 se
1953 3310 2241 3387 differunt,
2272 3330 2388 3369 non
2418 3309 2690 3370 secundo.

595 3388 779 3448 XIV.
810 3388 998 3469 'rgbaeu
1027 3394 1292 3471 ὑπάςξως,
1325 3410 1428 3450 seu
1453 3390 1611 3449 modi
1639 3391 1739 3450 isti
1768 3390 2136 3467 subsistendi,
2158 3390 2370 3468 quibus
2400 3390 2667 3449 Personae
2686 3388 2835 3448 inter
2868 3407 2931 3447 se
3012 3402 3017 3405 “

513 3466 965 3547 distinguuntur,
995 3472 1179 3531 reales
1197 3472 1346 3531 bene
1375 3471 1646 3531 dicuntur
1672 3470 1811 3549 quia
1835 3490 1953 3529 non
1976 3478 2111 3530 sunt
2132 3490 2277 3547 opus
2302 3470 2559 3545 rationis,
2592 3468 2695 3528 sed
2711 3489 2747 3526 a
2772 3478 2935 3545 parte

417 3624 424 3629 .
511 3548 597 3606 rei
624 3548 846 3627 aliquid
871 3550 1109 3628 positivi
1149 3552 1413 3627 innuunt,
1445 3571 1561 3628 quo
1591 3553 1863 3611 Personae
1902 3550 2345 3626 constituuntur,
2377 3557 2436 3609 et
2462 3550 2613 3607 inter
2640 3568 2701 3607 se
2730 3548 2935 3606 distin-

513 3636 786 3706 guuntur,
830 3648 949 3688 non
988 3638 1184 3690 tamen
1222 3632 1318 3691 vel
1361 3632 1764 3707 substantiales,
1798 3630 1895 3689 vel
1922 3632 2308 3705 accidentales,
2338 3630 2487 3688 bene
2514 3628 2629 3686 dici
2656 3637 2935 3705 possunt3

513 3728 646 3767 cum
666 3708 780 3769 ista
797 3709 872 3769 sit
889 3711 1038 3769 entis
1058 3710 1208 3771 finiti
1227 3720 1454 3771 tantum
1471 3711 1700 3788 divisio,
1722 3719 1781 3771 et
1797 3710 2033 3787 quidem
2052 3730 2259 3786 rerum,
2284 3729 2401 3767 non
2418 3708 2719 3767 modorum
2733 3728 2749 3783 3
2778 3706 2939 3783 quod

515 3788 566 3845 si
608 3789 1016 3849 substantiales
1057 3791 1404 3869 quandoque
1453 3791 1741 3867 dicuntur,
1787 3792 1900 3850 hoc
1942 3790 2010 3849 fit
2052 3788 2361 3869 improprie
2406 3796 2673 3865 respectu
2714 3788 2943 3863 subjecti

513 3868 835 4003 mocgficati,
867 3868 918 3927 si
943 3869 1027 3927 ita
1051 3868 1141 3928 fas
1167 3870 1346 3948 loqui,
1377 3888 1496 3929 non
1521 3890 1663 3931 vero
1690 3870 1913 3930 ratione
1944 3873 2164 3946 forma·
2189 3868 2287 3928 vel
2314 3867 2655 3946 quidditatis
2680 3866 2939 3944 ipsorum

520 3964 616 4003 mo
661 3966 844 4004 orum.

599 4024 744 4082 XV.
789 4023 1068 4098 Quamvis
1095 4046 1236 4086 vero
1263 4026 1422 4087 modi
1449 4027 1547 4085 isti
1572 4028 1847 4105 negative
1874 4035 1941 4087 ut
1966 4028 2277 4106 plurimum
2306 4025 2555 4104 exprimi
2582 4024 2807 4086 soleant
2833 4044 2940 4102 per

516 4102 1221 4164 incommunicabilitatem
1245 4128 1260 4183 ;
1305 4107 1438 4165 Non
1483 4108 1747 4183 sequitur
1798 4107 1944 4165 nihil
1998 4108 2237 4185 positivi
2290 4106 2545 4181 innuere,
2594 4104 2698 4164 sed
2746 4104 2937 4163 dicere

516 4202 734 4240 meram
762 4190 986 4241 tantum
1007 4185 1373 4261 negationem
1401 4186 1827 4262 conjunctionis
1854 4187 2139 4245 Essentiae
2169 4186 2402 4245 Divinae
2446 4204 2577 4245 cum
2606 4185 2723 4243 alia
2761 4202 2823 4242 re
2864 4182 2941 4241 ad

518 4261 986 4322 constituendum
1029 4278 1210 4322 unum
1266 4264 1627 4343 suppositum
1652 4288 1668 4342 ;
1724 4264 1872 4343 ‘quia
1912 4268 2193 4327 terminus
2236 4266 2349 4325 iste
2402 4262 2713 4341 negativus
2766 4262 2943 4321 infert

516 4349 711 4401 tamen
765 4341 1015 4419 positive
1059 4344 1346 4420 ejusmodi
1388 4344 1659 4404 ultimum
1706 4346 2191 4425 complementum
2230 4364 2336 4423 per
2383 4344 2541 4421 quod
2588 4362 2683 4402 res
2726 4342 2809 4401 ita
2848 4348 2940 4401 est

517 4421 804 4498 completa
829 4422 892 4479 in
921 4440 1000 4497 se,
1029 4431 1098 4481 ut
1123 4442 1255 4482 cum
1281 4424 1397 4483 alia
1421 4424 1665 4485 ulterius
1690 4426 1844 4485 uniri
1872 4435 1932 4485 et
1958 4425 2369 4485 communicari
2409 4431 2679 4500 nequeat.
2764 4421 2946 4482 Unde

515 4502 630 4562 ista
657 4498 1212 4562 communicabilitas
1237 4504 1300 4561 in
1343 4504 1536 4583 aliquo
1564 4506 1835 4583 positivo,
1867 4506 2025 4584 quod
2051 4506 2371 4564 formaliter
2396 4522 2658 4583 personae
2688 4510 2777 4561 est
2802 4521 2941 4560 con·

516 4582 864 4657 stitutivum,
893 4600 1012 4641 non
1039 4602 1181 4641 vero
1209 4586 1484 4661 negativo
1512 4585 1805 4646 fundatur.
1892 4586 2063 4644 Alias
2090 4584 2393 4645 Trinitatis
2434 4590 2749 4661 conceptus
2790 4587 2945 4640 esset

513 4681 655 4739 pure
683 4662 1009 4741 negativus,
1039 4671 1099 4723 et
1125 4670 1244 4723 tres
1273 4664 1542 4725 Personae
1571 4665 1873 4725 Trinitatis
1914 4665 1975 4722 in
2004 4684 2109 4725 suo
2138 4684 2267 4725 esse
2295 4662 2588 4742 personali
2628 4661 2941 4723 constitue·
