3300 5225
539 370 658 427 396
1067 358 1070 363 ’
1561 385 1747 427 mens
1774 384 2046 441 Qum-rus,
2614 362 2867 444 [Qnaesr.
2900 380 2981 421 v.

537 527 770 606 scripsit
801 526 1122 587 creationis
1163 526 1498 605 historiam3
1542 527 1757 607 quippe
1788 525 1891 587 Sol
1919 526 2119 585 debuit
2146 544 2375 585 cursum
2406 542 2575 584 suum
2602 523 2857 601 incipere
2887 522 2977 581 ab

535 608 732 685 aliquo
751 627 828 667 ex
849 607 1154 667 duodecim
1182 608 1378 685 Signis
1391 606 1646 685 zodiaci,
1664 607 1760 666 vel
1781 607 1856 665 ab
1870 606 2073 666 Ariete
2085 605 2258 680 Vere,
2272 604 2368 663 vel
2386 625 2422 664 a
2439 604 2617 662 Libra
2634 602 2970 662 Autumno.

619 687 705 746 X.
749 686 916 747 Licet
943 688 1066 746 Ver
1092 687 1304 747 habeat
1331 688 1643 766 imaginem
1688 686 1979 745 nascentis
2009 686 2235 761 Mundi,
2282 694 2343 744 et
2376 686 2505 762 ejus
2534 682 2743 743 referat
2770 682 2967 740 infan-

535 766 714 843 tiam;
759 786 876 826 non
904 766 1038 826 inde
1066 768 1212 827 bene
1242 767 1536 846 colligitur
1564 767 1721 826 Vere
1764 766 2061 826 conditum
2088 765 2283 841 fuisse,
2334 765 2471 841 quia
2514 771 2580 823 ut
2629 764 2743 821 Dei
2782 782 2971 839 opera

541 856 676 905 sunt
702 846 974 925 perfecta,
1026 848 1208 905 creari
1251 847 1452 907 debuit
1489 848 1550 905 in
1597 856 1754 907 statu
1796 846 2067 924 perfecto,
2114 854 2287 922 atque
2326 843 2470 903 adeo
2518 863 2635 902 non
2678 842 2851 901 modo
2900 852 2973 903 ut

535 946 798 1001 nascens,
831 926 934 985 sed
961 935 1027 986 ut
1054 927 1316 1004 partibus
1343 928 1465 987 suis
1493 927 1761 987 omnibus
1807 926 2143 1001 absolutus3
2188 933 2379 1003 potest
2406 942 2545 1001 ergo
2598 922 2715 981 dici
2762 923 2967 999 imago

535 1007 826 1065 nascentis
855 1006 1055 1065 mundi
1083 1007 1144 1065 in
1172 1015 1379 1067 natura
1405 1008 1736 1084 constituta,
1778 1015 1837 1066 et
1862 1006 1923 1064 in
1963 1006 2063 1064 via
2089 1004 2377 1064 ordinaria
2402 1002 2811 1081 generationis,
2854 1000 2967 1061 sed

535 1104 654 1143 non
681 1086 743 1143 in
770 1085 869 1143 via
896 1086 1350 1145 extraordinaria
1380 1087 1717 1163 CreationiS,
1749 1093 1809 1145 et
1835 1086 1897 1143 in
1924 1094 2132 1144 natura
2159 1084 2575 1143 constituenda.

617 1166 738 1223 XI.
784 1164 954 1239 Quod
983 1166 1144 1225 Deus
1165 1167 1336 1243 jubet
1363 1166 1602 1225 Terram
1630 1166 1954 1245 germinare
1980 1164 2190 1224 herbas
2218 1174 2279 1223 et
2298 1164 2575 1242 gramina,
2594 1182 2713 1221 non
2738 1161 2967 1220 evincit

533 1244 860 1304 necessario
901 1246 1014 1304 hoc
1057 1245 1214 1305 Vere
1261 1246 1477 1305 factum
1525 1266 1692 1323 esse;
1735 1266 1871 1305 nam
1912 1253 1971 1304 et
1998 1244 2233 1303 arbores
2259 1242 2565 1303 fructiferae
2596 1244 2779 1319 jussae
2820 1250 2967 1301 sunt

458 1373 468 1379 .
533 1323 756 1383 fructus
783 1323 930 1383 ferre
961 1324 1278 1384 secundum
1327 1326 1576 1403 speciem
1621 1346 1802 1401 suam,
1848 1324 2005 1403 quod
2052 1323 2409 1383 commodius
2444 1322 2571 1382 fieri
2609 1342 2728 1380 non
2766 1321 2967 1399 potuit

534 1424 708 1481 quam
770 1404 1110 1481 Autumno;
1157 1406 1236 1465 Et
1293 1406 1344 1463 si
1399 1406 1711 1465 absurdum
1754 1414 1843 1465 est
1888 1405 2125 1463 Terram
2166 1404 2488 1483 germinare
2528 1402 2591 1460 in
2629 1401 2959 1476 Autumn0‚

535 1482 692 1561 quod
719 1490 914 1543 tamen
959 1504 1112 1561 saepe
1158 1485 1262 1561 fit;
1307 1484 1614 1544 absurdius
1656 1494 1745 1545 est
1772 1485 2007 1545 arbores
2035 1484 2325 1561 quaslibet
2350 1484 2573 1543 fructus
2598 1480 2764 1557 ferre,
2808 1500 2965 1559 quos

535 1564 839 1623 Autumno
868 1564 1099 1623 demum
1128 1562 1452 1623 debuerunt
1479 1565 1813 1642 producere.

624 1642 779 1700 XII.
825 1643 957 1702 Non
985 1642 1318 1720 negandum
1347 1652 1436 1703 est
1464 1644 1771 1721 plerosque
1800 1644 2081 1703 Veterum
2120 1642 2388 1702 retulisse
2428 1640 2712 1719 originem
2742 1638 2963 1700 Mundi

535 1721 613 1779 ad
638 1722 901 1781 Vernnm
929 1730 1175 1800 tempus,
1207 1743 1322 1800 quo
1350 1723 1667 1802 respiciunt
1694 1724 1795 1781 illa
1832 1724 2059 1801 Vir-qiua·
2082 1722 2141 1781 ii.
2174 1723 2445 1799 Georgic.

855 1882 994 1941 Non
1021 1882 1166 1941 alios
1181 1884 1382 1959 prima
1409 1882 1683 1941 nascentis
1710 1883 1926 1959 origine
1952 1884 2152 1941 mundi

857 1963 1125 2021 Illuxe’sse
1154 1962 1288 2039 dies,
1319 1963 1560 2021 aliumve
1587 1963 1840 2021 kabuiase
1868 1973 2113 2022 tenorem

863 2041 1220 2101 Crediderim
1240 2066 1264 2115 ;
1317 2044 1430 2101 Ver
1456 2044 1602 2101 illud
1625 2052 1769 2119 erat,
1805 2044 1919 2102 Ver
1944 2062 2181 2119 magnus
2207 2042 2409 2118 ayebat

865 2122 1045 2198 Orbis,
1077 2132 1132 2181 et
1155 2124 1439 2199 Hyberm's
1457 2125 1776 2199 parcebant
1782 2124 2017 2199 flatibus
2042 2120 2213 2181 Euri.

539 2278 634 2338 Ita
662 2279 967 2359 Astrologi
994 2282 1374 2341 communiter
1399 2282 1721 2342 coelestium
1748 2290 2010 2341 motuum
2038 2281 2203 2341 initia
2218 2302 2253 2340 a
2278 2280 2464 2360 primo
2494 2280 2715 2339 Arietis
2740 2288 2959 2358 puncto

534 2359 896 2437 inchoarunt.
1011 2362 1274 2439 Scaliger
1335 2362 1459 2441 ipse
1523 2363 1737 2423 fatetur
1784 2360 2028 2441 (praefat.
2087 2363 2150 2421 in
2198 2360 2441 2439 Euseb.)
2500 2362 2746 2420 Veteres
2792 2380 2955 2437 mag-

535 2459 675 2497 num
728 2441 1007 2500 honorem
1062 2442 1333 2501 habuisse
1389 2442 1507 2502 diei
1562 2446 1638 2501 25
1696 2442 1939 2521 Aprilis,
1996 2442 2059 2501 in
2112 2462 2227 2520 quo
2284 2441 2571 2501 Mundum
2639 2439 2952 2515 conditum,

539 2518 832 2579 Christum
889 2531 1229 2599 conceptum
1274 2531 1332 2580 et
1379 2542 1630 2599 passum,
1690 2522 1989 2600 putabant.
2074 2521 2331 2599 Ideoque
2376 2521 2532 2580 diem
2574 2521 2729 2579 hunc
2776 2520 2955 2601 rges-0¹—

533 2627 560 2656 κ
573 2625 736 2658 ree-ro·
776 2599 862 2676 ἑμῖ
891 2628 952 2659 m
995 2601 1300 2678 vocabant,
1333 2602 1490 2680 quod
1518 2603 1592 2662 ab
1621 2623 1692 2662 ea
1720 2601 2017 2663 crederent
2043 2602 2327 2681 incepisse
2351 2602 2600 2682 primum
2630 2600 2952 2678 AEquinoc-

537 2680 714 2739 tium:
761 2680 836 2739 Se
906 2681 957 2740 si
983 2700 1058 2740 ex
1089 2761 1104 2774 ·
1135 2681 1384 2741 ndantur
1411 2682 1786 2742 fundamenta
1812 2683 2024 2760 quibus
2050 2683 2328 2757 nituntur,
2373 2682 2595 2762 patebit
2638 2683 2787 2740 hanc
2832 2682 2950 2760 opi·

535 2759 767 2819 nionem
811 2761 1047 2821 multitu

653 2839 694 2898 d
1149 2781 1182 2820 c
1237 2762 1569 2823 Authorum
1623 2763 1820 2842 potius
1874 2783 1937 2823 se
1984 2761 2403 2839 commendare,
2452 2783 2627 2841 quam
2668 2761 2953 2822 rationum

535 2858 652 2916 pon
695 2858 807 2899 ere.

1492 3081 1882 3157 QUAESTIO
1923 3083 2001 3142 v.

534 3237 630 3295 An
657 3238 911 3296 Mundus
937 3239 1100 3298 unico
1143 3247 1416 3300 momento
1444 3250 1667 3300 creatus
1692 3243 1779 3318 sit,
1809 3243 1905 3301 An
1942 3263 2075 3302 vcro
2100 3263 2204 3302 sex
2231 3243 2419 3302 diebus
2434 3245 2463 3302 ‚²
2544 3243 2629 3302 Et
2652 3244 2744 3302 An
2774 3263 2949 3320 opera

614 3317 837 3394 sinyula
859 3320 1121 3396 cujusque
1139 3321 1468 3380 hexae'meri
1490 3323 1697 3398 absque
1716 3331 1869 3381 motu
1886 3331 1941 3382 et
1964 3324 2300 3382 successione
2328 3324 2591 3399 temporis
2610 3332 2805 3382 creata
2824 3324 2946 3400 sint,

613 3398 710 3456 An
735 3417 868 3457 vero
896 3399 1323 3478 uniuscujusque
1338 3403 1709 3478 productioni
1733 3403 2013 3481 inteqrum
2040 3403 2187 3462 diem
2212 3405 2374 3462 Deus
2401 3403 2735 3480 impenderit
2754 3404 2783 3461 3

1141 3560 1192 3618 Ι.
1238 3560 1617 3638 Creationem,
1664 3581 1783 3620 non
1832 3582 1939 3622 sex
1987 3561 2211 3621 dierum
2258 3561 2583 3639 intervallo,
2630 3561 2734 3622 sed
2780 3561 2949 3622 unico

535 3634 746 3681 Mundus
767 3651 862 3682 '¹0¹¹
877 3638 1020 3683 ¹²¹¹¹⁶⁰
1061 3649 1354 3700 momento
1382 3641 1594 3701 factam
1621 3659 1749 3701 esse
1778 3642 2003 3702 censuit
2028 3644 2371 3718 Augustinus
2398 3663 2572 3720 super
2600 3643 2813 3703 Genes.
2842 3641 2881 3700 l.
2908 3642 2946 3701 i.

639 3701 890 3800 32:3¹2&
942 3701 1018 3744 θ’*
1059 3741 1108 3781 c.
1133 3724 1225 3797 15,
1257 3731 1317 3780 et
1341 3721 1403 3780 li.
1435 3722 1518 3782 xi.
1546 3720 1620 3781 de
1652 3721 1715 3781 C.
1742 3721 1815 3780 D.
1846 3743 1897 3781 c.
1922 3724 1976 3797 9,
2008 3731 2068 3781 et
2096 3742 2227 3780 cum
2256 3741 2324 3780 eo
2346 3723 2494 3780 varii
2522 3743 2597 3781 ex
2616 3720 2945 3797 Veteribus,

1057 3821 1204 3878 quos
1236 3801 1542 3860 Caietam-3
1579 3801 1860 3878 sequitur,
1892 3810 1957 3861 ut
1984 3821 2113 3878 qnae
2142 3800 2341 3860 Moses
2369 3801 2441 3860 de
2484 3821 2587 3860 sex
2630 3800 2836 3860 diebus
2860 3821 2945 3860 re-

532 3875 660 3952 fert,
691 3877 1000 3955 allegorice
1031 3879 1146 3940 sint
1186 3880 1568 3958 intelligenda
1608 3881 1681 3939 de
1724 3881 2153 3958 cognitionibus
2182 3879 2520 3957 Angelicis;
2563 3880 2732 3957 quasi
2761 3879 2947 3941 omnia

535 3953 748 4013 idcirco
777 3965 968 4016 creata
996 3959 1260 4017 dicantur
1289 3978 1394 4018 sex
1423 3959 1646 4033 diebuS,
1679 3961 1815 4037 quia
1855 3960 2097 4020 totidem
2138 3960 2361 4018 notitiis
2400 3959 2720 4019 intellectui
2750 3959 2944 4037 Ange·

533 4033 722 4090 lorum
750 4033 980 4094 fuerunt
1021 4046 1448 4114 repraesentata,
1479 4039 1562 4096 ita
1587 4047 1655 4098 ut
1681 4045 2041 4118 unaquaeque
2070 4039 2327 4118 cognitio
2355 4039 2645 4118 Angelica
2686 4039 2811 4098 dies
2851 4059 2943 4118 ap·

533 4112 796 4189 pelletur,
829 4123 887 4174 et
925 4115 1139 4175 habere
1184 4117 1410 4176 dicatur
1451 4137 1620 4175 mane
1662 4126 1722 4176 et
1749 4138 2005 4196 vespere,
2035 4121 2191 4179 unde
2232 4129 2359 4180 orta
2385 4121 2619 4180 videtur
2658 4118 2943 4180 distinctio

534 4193 858 4267 cognitionis
885 4194 1189 4272 Angelicae
1217 4196 1278 4252 in
1307 4196 1640 4254 nmtutinam
1668 4205 1727 4256 et
1752 4201 2142 4273 vespertinam.

1139 4275 1224 4333 II.
1273 4275 1391 4334 Sed
1417 4276 1552 4335 huic
1581 4277 1881 4336 sententiae
1910 4278 2119 4354 obstat,
2149 4282 2200 4338 1.
2219 4279 2471 4340 narratio
2490 4279 2677 4338 Mosis
2704 4278 2943 4356 simplex

1055 4361 1115 4412 et
1141 4355 1432 4432 historica,
1457 4376 1586 4432 quae
1615 4376 1721 4416 sex
1750 4356 1874 4416 dies
1902 4367 2195 4434 memorat,
2228 4369 2287 4418 et
2316 4359 2561 4436 singulis
2588 4358 2795 4418 diebus
2820 4379 2941 4437 pro-

531 4427 722 4506 prium
749 4448 894 4507 opus
921 4429 1214 4492 adscribit.
1299 4438 1355 4495 2.
1376 4435 1534 4511 quod
1560 4444 1713 4495 terra
1740 4436 1953 4496 dicitur
1978 4437 2157 4498 fuisse
2184 4438 2372 4496 inanis
2400 4448 2459 4497 et
2485 4458 2687 4514 vacua,
2708 4447 2767 4498 ct
2792 4448 2941 4498 tene-

530 4507 650 4568 brae
679 4529 851 4587 super
877 4512 1234 4590 superficiem
1277 4514 1490 4592 abyssi,
1523 4516 1681 4593 quod
1722 4517 1840 4576 dici
1878 4538 1995 4576 non
2033 4518 2335 4596 potuisset,
2368 4519 2417 4578 si
2460 4518 2652 4577 omnia
2686 4539 2803 4578 uno
2832 4537 2942 4578 mo-

529 4598 725 4648 mento
753 4601 1150 4652 consummata
1175 4593 1438 4654 fuissent.
1505 4597 1562 4654 3.
1592 4595 1752 4674 quod
1779 4597 1838 4655 in
1906 4606 2074 4657 uarto
2101 4607 2408 4676 praecepte,
2440 4597 2513 4656 ad
2544 4597 2939 4658 sanctificatio-

529 4688 660 4726 nem
688 4668 804 4728 diei
833 4672 1060 4748 septimi
1087 4673 1621 4750 commendandam,
1654 4675 1866 4735 dicitur
1952 4697 2057 4736 eus
2085 4697 2311 4736 creasse
2343 4697 2447 4736 sex
2478 4676 2702 4752 dicbus,
2735 4687 2793 4736 et
2824 4697 2939 4754 scp-

583 4321 678 4368 Sed
698 4335 784 4369 sex
803 4325 985 4372 diebus.
