3300 5225
537 302 656 361 338
1463 313 1646 356 Locus
1674 313 1965 363 omarus.
2536 289 2795 375 [quaer.
2824 307 2959 358 xm.

537 459 732 539 gratia
759 454 874 518 Dei
900 475 1028 518 esse
1055 455 1258 534 novit3
1299 455 1468 517 novit
1491 464 1689 516 autem
1714 455 1981 534 quisquis
2007 451 2193 514 credit
2218 459 2278 512 et
2316 451 2659 531 poeniteutia
2684 451 2957 528 ducitur;

539 543 596 602 is
622 541 800 600 etiam
827 545 986 598 certo
1015 545 1267 597 statuere
1293 545 1501 616 potest,
1533 556 1596 596 se
1624 537 1873 597 electum
1900 555 2029 596 esse
2068 554 2105 593 a
2146 533 2291 610 Deo,
2322 542 2381 593 et
2420 533 2655 592 tandem
2680 532 2957 592 infallibi-

545 621 681 681 liter
707 620 782 679 ab
809 639 879 678 eo
907 617 1376 697 glorificandum3
1408 625 1581 694 atque
1608 617 1693 676 ita
1714 616 1997 678 certitudo
2021 613 2242 689 salutis,
2295 633 2387 674 uss
2413 613 2525 673 tria
2550 612 2812 689 includit,
2836 632 2961 672 eer-

541 700 853 761 titudinem
884 698 1183 758 electionis
1210 695 1532 777 praeteritae,
1563 697 1765 776 gratiae
1793 694 2111 774 praesentis,
2142 703 2203 753 et
2228 715 2271 772 g
2292 694 2429 754 orise
2456 693 2682 771 futurae,
2712 713 2831 755 non
2851 693 2956 752 ali-

543 781 700 842 unde
727 787 919 857 potest
945 778 1147 838 haberi
1173 799 1348 856 quam
1375 799 1451 838 ex
1479 797 1655 836 sensu
1684 777 1886 855 gratiae
1912 775 2233 854 praesentis.

629 859 820 920 XXI.
865 859 1032 918 Licet
1057 879 1197 918 vero
1225 857 1508 918 certitudo
1553 857 1757 934 gratiae
1794 855 2099 934 praesentis
2126 861 2413 932 supponat
2452 873 2528 913 ex
2569 861 2733 933 parte
2758 860 2959 912 nostra

543 939 945 1017 impletionem
973 938 1367 998 conditionum
1408 957 1553 1014 quas
1582 936 1747 995 Deus
1780 935 1952 994 nobis
1990 934 2328 1012 praescribit,
2357 942 2501 1011 puta
2526 933 2663 994 fidei
2689 942 2749 994 et
2774 934 2957 1012 poeni-

547 1020 747 1080 tentiae
771 1042 786 1080 ε
831 1019 965 1079 Non
989 1027 1294 1096 propterea
1319 1015 1609 1077 censenda
1634 1024 1725 1076 est
1751 1014 2127 1093 impossibilis
2147 1037 2163 1091 3
2206 1014 2345 1092 quia
2363 1013 2475 1074 etsi
2500 1014 2723 1074 incerta
2748 1013 2825 1073 sit
2850 1013 2957 1072 im-

546 1099 728 1179 pletio
755 1099 958 1158 talium
986 1098 1379 1158 conditionum
1407 1117 1444 1156 a
1473 1104 1636 1174 parte
1664 1094 1881 1172 nostri;
1937 1115 2056 1153 non
2084 1103 2173 1154 est
2212 1103 2405 1154 tamen
2432 1114 2469 1153 a
2493 1101 2657 1171 parte
2687 1094 2819 1170 Dei,
2858 1092 2962 1171 qui

541 1181 656 1240 has
684 1179 840 1256 ipsas
869 1178 1228 1238 conditiones
1255 1198 1318 1237 se
1344 1177 1516 1236 nobis
1543 1176 1813 1235 daturum
1839 1173 2139 1253 promisit;
2181 1174 2319 1234 licet
2346 1175 2489 1233 certi
2515 1193 2643 1234 esse
2670 1193 2789 1234 nou
2827 1193 2959 1251 pos-

549 1260 734 1320 simus
762 1258 834 1318 de
861 1257 1196 1335 impletione
1221 1257 1492 1335 perfecta,
1523 1265 1584 1315 et
1623 1256 1893 1315 omnibus
1932 1254 2188 1314 numeris
2228 1254 2511 1329 absoluta,
2542 1273 2849 1332 possumus
2873 1261 2961 1312 ta-

548 1359 685 1400 men
711 1338 1030 1399 auxiliante
1063 1338 1282 1416 Spiritu
1327 1337 1540 1396 Sancto
1579 1336 1917 1413 persuaderi
1958 1335 2031 1394 de
2072 1334 2406 1412 impletione
2432 1353 2589 1410 vera,
2620 1334 2860 1409 sincera,
2904 1342 2965 1392 et

548 1420 772 1497 absque
797 1418 1131 1496 hypocrisi3
1175 1416 1320 1477 sJias
1347 1437 1456 1476 nec
1485 1414 1761 1493 Apostoli
1798 1414 2057 1492 profiteri
2096 1423 2335 1493 possent
2360 1435 2425 1474 se
2464 1413 2714 1487 credere,
2743 1414 2788 1474 J
2790 1414 2963 1474 ohan.

549 1500 631 1560 vi.
663 1501 759 1575 69,
790 1518 898 1558 nec
927 1498 1246 1557 Eunuchus
1290 1495 1578 1575 potuisset
1617 1495 1969 1574 respondere
2010 1495 2280 1573 Philippo
2322 1515 2383 1555 se
2423 1497 2652 1582 credere
2682 1493 2965 1556 C‘Im'sm

449 1647 460 1656 ,
549 1599 670 1640 esse
697 1579 912 1638 Filium
937 1579 1096 1636 illum
1119 1576 1252 1653 Dei,
1281 1577 1420 1636 Act.
1449 1574 1575 1633 viii.
1605 1577 1703 1635 37.

636 1658 862 1718 XXII.
926 1658 1179 1716 Tantum
1222 1657 1389 1716 abest
1433 1663 1502 1715 ut
1527 1655 1792 1715 doctrina
1831 1654 1905 1714 de
1932 1653 2275 1715 certitudine
2303 1654 2505 1733 gratiae
2534 1654 2612 1714 sit
2638 1652 2966 1714 securitatis

551 1747 758 1815 mater,
787 1745 848 1798 et
875 1737 1160 1798 obstetrix
1184 1736 1453 1811 licentiis,
1483 1744 1550 1794 ut
1573 1735 1801 1794 nullum
1828 1735 1906 1794 ad
1931 1754 2131 1794 veram
2156 1734 2431 1812 pietatem
2458 1735 2535 1794 sit
2552 1735 2743 1812 majus
2768 1734 2965 1792 ineen-

551 1820 760 1895 tivum,
790 1837 968 1895 quam
991 1817 1232 1876 vividus
1259 1835 1464 1876 sensus
1491 1816 1705 1874 amoris
1734 1815 1863 1892 Dei,
1894 1823 1955 1875 et
1981 1835 2180 1874 eorum
2207 1834 2339 1893 quae
2367 1815 2529 1874 Deus
2555 1815 2725 1874 nobis
2746 1813 2965 1892 gratifi-

551 1907 721 1958 catus
749 1907 856 1974 est,
887 1896 989 1974 qui
1015 1897 1098 1956 ita
1123 1905 1391 1974 potenter
1414 1895 1568 1974 rapit
1594 1904 1655 1954 et
1693 1895 1951 1954 incendit
1992 1895 2264 1971 animum,
2292 1904 2361 1954 ut
2400 1903 2559 1954 totus
2596 1895 2797 1954 ardeat
2822 1893 2967 1952 reci-

555 1997 732 2056 proco
780 1977 940 2036 illius
987 1995 1198 2053 amore,
1229 1997 1266 2036 a
1292 1995 1410 2053 quo
1457 1983 1685 2035 tantum
1731 1974 2076 2035 beneficium
2115 1974 2310 2052 habet,
2342 1983 2403 2034 et
2436 1975 2615 2035 habet
2641 1973 2822 2052 gratis
2848 1993 2969 2052 pro

553 2058 690 2118 aliis
715 2059 777 2116 in
805 2057 1094 2117 communi
1119 2055 1460 2134 perditionis
1485 2073 1680 2115 massa
1694 2055 1940 2115 relictis.

638 2136 900 2196 XXIII.
947 2137 1032 2196 Ut
1057 2136 1275 2214 duplex
1315 2144 1406 2195 est
1449 2134 1641 2195 fidelis
1668 2143 1861 2211 statuas,
1907 2134 2007 2194 vel
2054 2137 2231 2210 luctoe,
2275 2135 2373 2194 vel
2416 2134 2677 2210 victorioe,
2704 2133 2805 2194 vel
2832 2133 2972 2194 dum

595 2225 778 2295 ugnat
805 2224 864 2276 et
889 2234 1095 2276 manus
1121 2236 1253 2276 cum
1280 2217 1451 2276 hoste
1477 2216 1745 2292 conserit,
1775 2215 1875 2274 vel
1916 2214 2055 2273 dum
2101 2221 2389 2292 prostrato
2428 2215 2595 2274 hoste
2622 2213 2973 2291 triumphat3

553 2238 654 2358 Ita
681 2295 1068 2356 diversimode
1106 2315 1168 2354 se
1193 2295 1372 2354 habet
1409 2295 1472 2354 in
1513 2303 1759 2373 utroque
1800 2293 1963 2371 fides,
1994 2301 2054 2354 et
2080 2295 2365 2354 certitudo
2393 2315 2523 2374 quae
2550 2315 2629 2354 ex
2654 2313 2725 2353 ea
2750 2293 2933 2352 oritur
2953 2314 2972 2352 t

557 2377 634 2438 In
661 2377 764 2436 illo
790 2375 1071 2453 languida
1105 2383 1211 2452 est,
1241 2375 1305 2434 in
1331 2375 1446 2434 isto
1474 2374 1710 2450 vivida3
1754 2374 1831 2432 In
1850 2373 2036 2453 primo
2060 2374 2229 2433 timet
2256 2383 2315 2434 et
2341 2374 2599 2450 fluctuat,
2628 2373 2693 2432 in
2720 2373 2976 2434 secundo

553 2456 800 2516 confidit
825 2464 884 2514 et
909 2455 1176 2531 latetur-3
1223 2455 1296 2514 In
1323 2455 1510 2532 primo
1539 2454 1787 2532 suspiria
1829 2462 1890 2513 et
1932 2453 2185 2532 gemitus
2212 2453 2403 2514 fundit
2426 2475 2505 2515 ex
2532 2473 2705 2514 sensu
2730 2454 2833 2512 irae
2862 2453 2977 2512 Dei

558 2545 619 2596 et
646 2535 950 2615 gravitatis
977 2543 1362 2615 peccatorum,
1393 2535 1454 2592 in
1483 2535 1665 2594 altero
1710 2534 1988 2613 gaudium
2030 2533 2321 2593 ineffabile
2370 2535 2613 2613 percipit
2656 2554 2733 2592 ex
2774 2532 2977 2612 gratim

557 2614 906 2679 liberatricis
933 2616 1238 2675 suavitate.
1324 2614 1490 2674 Licet
1515 2634 1657 2693 ergo
1682 2614 1873 2675 fidelis
1900 2615 1961 2673 in
1986 2614 2147 2675 lucta
2172 2634 2289 2673 non
2322 2615 2506 2693 possit
2544 2614 2753 2675 elicere
2780 2622 2975 2673 actum

559 2694 958 2771 certitudinis3
1001 2696 1136 2754 Non
1181 2693 1376 2753 obstat
1402 2695 1711 2772 quominus
1755 2704 2021 2773 superata
2064 2695 2400 2773 tentatione,
2446 2702 2507 2755 et
2536 2694 2849 2773 resumptis
2872 2712 2981 2771 per

557 2776 808 2853 gratiam
835 2775 1076 2852 viribus,
1107 2774 1312 2833 fortior
1336 2782 1396 2834 et
1422 2774 1811 2834 confirmatior
1830 2782 2105 2852 emergat.

643 2855 895 2914 XXIV.
939 2854 1227 2932 Exempla
1273 2853 1632 2929 Sanctorum,
1684 2854 1787 2933 qui
1828 2854 2167 2914 dubitarunt
2192 2854 2267 2913 de
2312 2874 2507 2914 amore
2556 2853 2669 2913 Dei
2712 2873 2851 2931 erga
2894 2872 2977 2929 se,

559 2936 809 3017 probant
835 2934 1068 3011 quidem
1097 2933 1460 2993 certitudinis
1486 2942 1681 2993 aetum
1707 2954 1824 2993 non
1852 2954 1979 2994 esse
2005 2943 2347 3013 perpetuum
2372 2934 2435 2993 in
2462 2934 2623 3013 ipsis,
2654 2932 2757 2993 sed
2784 2933 2978 2992 diver-

555 3015 784 3079 simode
810 3014 1182 3091 interrumpi3
1227 3011 1332 3074 scd
1355 3032 1476 3073 non
1502 3014 1780 3073 evincunt
1806 3014 1881 3073 ab
1924 3014 2045 3073 illis
2092 3032 2317 3091 semper
2352 3015 2573 3089 abesse,
2618 3033 2729 3073 nec
2768 3012 2830 3071 in
2855 3012 2978 3071 ullo

559 3102 720 3155 statu
747 3112 848 3155 eos
873 3113 1044 3171 posse
1071 3093 1237 3153 iilum
1263 3093 1492 3153 elicere.
1573 3094 1704 3153 Imo
1730 3093 1907 3153 iidem
1934 3093 2037 3171 qui
2062 3093 2375 3171 aliquando
2422 3094 2689 3154 dubitant
2727 3090 2977 3168 attoniti,

557 3174 704 3235 dum
731 3174 899 3253 gravi
925 3174 1243 3233 tentatione
1269 3181 1625 3251 premuntur,
1658 3174 1798 3233 alibi
1824 3174 2093 3233 exultant
2120 3182 2180 3233 et
2225 3173 2497 3234 laetantur
2522 3172 2729 3233 securi.
2813 3170 2979 3231 Idem

560 3252 762 3317 David
789 3254 891 3331 qui
915 3253 980 3313 in
1005 3272 1250 3313 excessu
1277 3254 1490 3314 mentis
1515 3253 1777 3331 queritur
1818 3274 1883 3313 se
1928 3274 1965 3312 a
2015 3253 2141 3312 Deo
2186 3250 2525 3313 derelictum
2554 3253 2711 3313 Psal.
2740 3252 2887 3311 xxii.
2920 3254 2975 3310 1.

557 3342 624 3394 et
648 3354 685 3393 a
711 3334 858 3393 facie
883 3332 1014 3410 ejus
1037 3333 1378 3412 projectum,
1411 3333 1566 3393 Psal.
1593 3334 1764 3393 xxxi.
1794 3336 1891 3409 22,
1922 3332 2063 3392 alibi
2088 3341 2283 3393 tamen
2308 3333 2515 3410 plenus
2540 3333 2657 3392 fide
2676 3340 2739 3391 et
2764 3331 2981 3409 gaudio

559 3413 676 3477 sibi
701 3412 1012 3492 persuadet
1037 3432 1100 3474 se
1127 3431 1246 3473 non
1272 3412 1576 3474 confusum
1601 3414 1690 3490 iri,
1720 3422 1781 3473 et
1806 3412 1955 3486 nihil
1994 3412 2107 3474 sibi
2152 3412 2497 3489 nociturum,
2542 3414 2682 3473 licet
2722 3411 2982 3471 ambulet

561 3493 624 3552 in
650 3494 806 3554 valle
831 3494 1051 3553 umbrae
1079 3494 1298 3570 mortis,
1330 3494 1470 3572 quia
1497 3495 1660 3553 Deus
1686 3494 1774 3552 illi
1804 3512 2030 3571 semper
2055 3492 2237 3569 adest,
2270 3492 2426 3551 Psal.
2454 3493 2623 3554 xxiii.
2645 3496 2701 3554 4.
2732 3500 2793 3551 et
2820 3490 2977 3550 Psal.

559 3574 762 3634 cxviii.
793 3575 849 3633 5.
894 3574 1062 3633 Idem
1091 3574 1312 3634 Paulus
1339 3574 1442 3651 qui
1467 3594 1530 3633 se
1559 3574 1849 3634 carnalem
1874 3582 1935 3633 et
1960 3572 2359 3633 venundatum
2386 3573 2497 3633 sub
2522 3580 2761 3651 peccato
2786 3570 2977 3650 queri-

559 3662 673 3732 tur,
703 3662 764 3715 et
788 3654 1080 3713 miseriam
1107 3672 1272 3714 suam
1299 3653 1577 3732 deplorat,
1605 3655 1792 3713 Miser
1834 3673 1935 3730 eqo
1960 3654 2141 3729 home,
2188 3653 2313 3729 quis
2352 3672 2443 3711 me
2488 3653 2740 3713 hta-abit
2776 3671 2853 3711 ex
2876 3652 2985 3709 Ιιοσ

557 3754 801 3813 corpore
825 3735 1023 3807 morth
1039 3736 1071 3795 ‚²
1113 3734 1284 3794 Rom.
1311 3734 1416 3793 vii.
1443 3738 1542 3809 24,
1570 3734 1746 3812 paulo
1793 3741 1927 3811 post
1970 3733 2191 3811 gratias
2237 3732 2367 3791 Deo
2392 3732 2519 3811 agit
2558 3732 2728 3810 quasi
2752 3732 2827 3791 de
2853 3730 2977 3789 vic-

557 3814 711 3875 toria
733 3821 1041 3891 reportata,
1064 3833 1187 3873 ver.
1215 3816 1313 3889 25,
1333 3821 1394 3873 et
1419 3832 1619 3873 secure
1639 3813 1908 3874 omnibus
1932 3813 2200 3873 hostibus
2224 3810 2483 3889 insultat,
2520 3813 2661 3881 Quis
2686 3832 2788 3873 noe
2812 3830 2976 3889 sepa·

559 3894 716 3953 rabit
738 3912 779 3953 a
804 3894 1093 3953 delectione
1118 3894 1238 3952 Dei
1250 3895 1278 3953 ,²
1321 3892 1492 3952 Rom.
1519 3892 1643 3952 viii.
1674 3896 1771 3953 35.

645 3970 862 4031 XXV.
905 3972 1052 4031 Cum
1081 3972 1366 4032 certitudo
1393 3972 1636 4033 actualis
1662 3971 1923 4032 fidelium
1948 3992 2067 4032 non
2092 3970 2279 4050 possit
2304 3970 2365 4031 in
2402 3979 2596 4033 actum
2623 3971 2784 4032 exire
2810 3977 2979 4030 extra

563 4070 736 4113 usum
759 4050 1098 4125 mediorum,
1127 4051 1344 4111 frustra
1367 4060 1719 4128 quaereretur
1744 4052 1847 4111 illa
1872 4071 2005 4112 cum
2030 4052 2305 4112 continuo
2344 4052 2623 4147 peccandi
2661 4050 2976 4130 proposito,

559 4140 626 4192 et
651 4130 712 4189 in
740 4130 1018 4207 gravibus
1047 4130 1390 4191 Sanctorum
1417 4131 1696 4210 lapsibus.
1778 4132 2029 4191 Tantum
2076 4132 2242 4192 abest
2284 4152 2456 4208 emm,
2504 4141 2573 4192 ut
2617 4132 2682 4192 in
2722 4150 2794 4191 eo
2822 4139 2979 4190 statu

564 4210 710 4271 certi
735 4228 864 4270 esse
889 4209 1116 4290 possint
1141 4230 1206 4271 se
1233 4230 1360 4271 esse
1387 4210 1450 4270 in
1475 4212 1666 4290 gratia
1694 4212 1822 4288 Dei,
1852 4221 1920 4272 ut
1946 4220 2147 4272 cont-ra
2188 4212 2437 4273 debeant
2478 4211 2594 4272 sibi
2632 4210 2977 4289 persuadere

549 4310 630 4353 -se
655 4309 785 4351 esse
811 4289 874 4351 in
900 4290 1246 4368 gravissimo
1271 4300 1452 4369 reatu,
1502 4300 1562 4352 et
1588 4291 1975 4352 damnationis
2002 4300 2175 4369 statu,
2210 4291 2272 4351 in
2298 4312 2417 4371 quo
2444 4292 2830 4353 certissimum
2866 4290 2977 4349 im-

561 4369 748 4433 minet
771 4369 916 4449 ipsis
943 4369 1202 4448 exitium,
1233 4370 1347 4431 nisi
1372 4392 1478 4451 per
1499 4372 1899 4451 poenitentiam
1925 4370 2001 4431 ad
2028 4392 2091 4432 se
2116 4371 2373 4433 redeant.

647 4449 900 4513 XXVI.
945 4448 1168 4529 Magna
1193 4470 1334 4530 ergo
1361 4472 1492 4512 cum
1537 4452 1803 4513 cautione
1850 4451 2133 4511 Doctrina
2176 4452 2291 4512 ista
2316 4452 2587 4513 salutaris
2614 4458 2705 4511 est
2730 4466 2977 4530 propon-

565 4530 751 4609 enda;
787 4530 864 4593 ad
890 4529 1148 4591 solamen
1167 4532 1648 4593 conscientiarum
1666 4532 2023 4608 afflictarum,
2046 4551 2162 4591 non
2178 4531 2257 4590 ad
2282 4531 2591 4592 fovendam
2614 4530 2981 4591 securitatem

567 4612 952 4691 profanorum,
983 4620 1050 4673 ut
1077 4612 1155 4671 sit
1181 4612 1498 4673 remedium
1533 4613 1819 4672 adversus
1845 4610 2323 4691 desperationem,
2352 4612 2457 4671 sed
2498 4630 2615 4671 non
2642 4619 2709 4671 ut
2736 4610 2814 4669 sit
2850 4608 2980 4688 pul-
