3300 5225
618 259 736 317 486
1540 269 1726 313 meus
1753 270 2060 313 sumnus.
2751 247 3040 329 [quw.
3066 265 3102 305 ι.

1224 412 1303 473 V.
1347 411 1629 491 Angelos,
1659 431 1777 473 non
1803 431 1930 472 esse
1960 412 2087 471 Deo
2113 417 2446 487 coaeternos,
2475 418 2539 471 ut
2575 408 2923 469 volebant
2953 406 3106 465 Peri-

626 480 1105 597 A'ssffigssmffi‘f’
1144 491 1415 588 patetici3
1439 492 1563 585 ’sed
1589 512 1624 551 a
1655 493 1783 552 Deo
1810 499 2050 568 creatos,
2093 510 2210 550 non
2252 491 2424 550 modo
2457 491 2624 550 ratio
2677 488 2948 583 Prpbat,
2981 506 3104 565 quae

630 653 809 715 Entia
835 672 961 713 esse
989 572 1263 729 mincii?
1285 572 1744 729 ggdmgegpssorg
1777 572 2501 729 gripeggengssleliliff’lpin
2531 577 3106 728 ffisszpagisseg

630 732 845 794 coelum
886 741 946 794 et
983 740 1211 808 terram,
1254 739 1315 791 et
1353 730 1594 809 proinde
1633 738 1920 809 quotquot
1959 731 2022 789 in
2053 750 2124 789 eo
2151 739 2302 807 sunt,
2334 737 2524 789 ereata
2550 750 2590 789 a
2627 730 2796 788 Deo
2827 726 3102 799 affirmat,

635 814 849 874 Genea.
880 812 918 873 i.
953 814 1007 871 1.
1072 816 1131 871 2.
1162 812 1237 870 In
1262 811 1472 889 speeie,
1501 830 1682 888 quum
1698 810 2176 887 perfectoefiabee
2200 813 2378 884 coelos,
2409 819 2464 869 et
2487 829 2743 869 omnem
2774 807 3099 867 exa-dm

634 913 829 953 eorum
855 892 997 951 dicit
1026 890 1239 952 Genes.
1268 891 1329 950 ii.
1362 894 1426 967 13
1475 890 1623 949 nihil
1649 909 1790 949 vero
1831 898 1921 949 est
1946 889 2285 951 familiarius
2316 888 2662 967 Scripturae,
2701 906 2914 965 quam
2945 884 3096 964 quod

635 970 857 1049 Angeli
883 972 1008 1031 coeli
1029 972 1305 1031 exerciaae
1330 978 1630 1047 vocantur,
1661 970 1817 1030 Psal.
1845 969 1961 1030 eiii.
1983 973 2080 1047 20,
2111 973 2207 1047 21,
2236 976 2297 1029 et
2323 968 2544 1029 cxlviii.
2566 973 2606 1028 2
2631 992 2656 1046 3
2715 968 2890 1026 Luc.
2914 966 2981 1025 ii.
3007 968 3094 1024 13.

638 1051 813 1113 Unde
858 1054 1020 1111 Deus
1062 1050 1273 1111 dieitur
1311 1052 1577 1126 zebaoth,
1626 1069 1730 1110 seu
1773 1050 2166 1127 Exci-cinam,
2211 1049 2464 1108 maxime
2507 1048 2582 1108 ab
2628 1046 2958 1125 Angelis,
3003 1044 3094 1123 qui

634 1130 825 1210 ipsum
854 1130 1243 1207 circumstant,
1276 1130 1426 1189 Dan.
1453 1130 1556 1189 vii.
1591 1132 1684 1189 10.
1768 1126 1908 1188 Nec'
1919 1129 2110 1189 dicere
2145 1137 2346 1209 posset
2375 1128 2590 1205 David,
2621 1128 2752 1188 Ps.
2787 1127 2921 1187 civ.
2951 1129 3009 1201 4,
3037 1132 3091 1184 et

634 1219 769 1291 post
808 1230 941 1271 eum
969 1210 1183 1289 Apost.
1212 1210 1367 1270 Heb.
1395 1210 1437 1269 i.
1464 1213 1523 1287 7,
1553 1210 1745 1268 Deum
1784 1207 1972 1269 facere
1999 1210 2244 1286 Angelos
2280 1229 2410 1269 auos
2444 1218 2656 1285 ventos,
2697 1216 2770 1267 et
2793 1206 3090 1265 minna-oc

634 1311 765 1351 suos
791 1291 973 1368 iynem
983 1293 1389 1369 flammantem,
1419 1299 1614 1349 etms
1636 1289 1870 1367 spiritus
1893 1289 2340 1365 mintha-afflet,
2371 1289 2472 1367 qui
2497 1288 2857 1349 mittuntur
2881 1285 2966 1345 ad
2999 1302 3086 1343 sa-
3228 1326 3234 1479 1

635 1370 819 1431 lutem
843 1369 1119 1445 fidelium,
1149 1390 1208 1429 v.
1241 1372 1333 1445 14,
1356 1368 1471 1429 nisi
1498 1389 1533 1428 a
1560 1369 1690 1427 Deo
1717 1369 1895 1428 creati
1919 1376 2133 1429 essent.

720 1449 835 1509 VI.
877 1450 1095 1509 Paulus
1136 1447 1453 1509 clarissime
1490 1449 1605 1507 hoc
1643 1448 1907 1525 adstruit,
1952 1449 2174 1510 Coloss.
2215 1446 2256 1507 i.
2287 1449 2384 1515 16,
2414 1451 2507 1525 17,
2551 1465 2757 1526 quum
2791 1444 2890 1505 ait
2919 1445 2960 1478 ‘⁴
2981 1442 3088 1501 Per

641 1528 935 1589 Christum
964 1528 1197 1589 condita
1224 1548 1351 1588 esse
1378 1527 1589 1604 omnia,
1617 1548 1749 1605 quse
1775 1528 1838 1587 in
1865 1528 2028 1587 coelis
2049 1535 2202 1605 sunt,
2230 1536 2291 1587 et
2309 1548 2440 1605 quse
2466 1528 2528 1586 in
2547 1537 2716 1587 terra
2743 1549 2766 1605 3
2798 1523 3080 1597 visibilia,

640 1616 701 1668 ct
743 1608 1075 1684 invisibilia,
1124 1608 1249 1667 sive
1290 1608 1545 1683 thronos,
1590 1608 1716 1667 sive
1756 1606 2029 1683 dominia,
2077 1608 2202 1667 sive
2243 1608 2502 1685 imperia,
2544 1607 2674 1667 sive
2721 1610 3077 1685 potestates,

642 1687 837 1747 omnia
880 1706 987 1765 per
1029 1688 1222 1765 ipsum
1260 1687 1493 1746 condita
1538 1706 1688 1747 esse.
1771 1687 1857 1747 Ut
1896 1687 2050 1747 enim
2096 1708 2202 1766 per
2237 1687 2474 1748 visibilia
2512 1696 2836 1747 creaturas
2881 1700 3073 1743 omnes

642 1785 963 1843 corporeas,
993 1766 1119 1826 sive
1154 1766 1435 1842 eoelestes,
1466 1766 1592 1828 sive
1628 1766 1970 1827 sublunares
1997 1768 2302 1845 complecti
2324 1766 2553 1829 voluit:
2597 1768 2700 1827 Ita
2743 1784 2868 1844 per
2897 1761 3074 1822 amsi-

641 1846 777 1905 ὀιῖἰα
820 1854 1112 1905 creaturas
1158 1844 1485 1925 spirituales
1532 1854 1592 1906 et
1632 1844 2041 1925 intelligentes,
2083 1855 2227 1926 puta
2265 1846 2552 1925 Angelos,
2579 1844 2876 1907 denotati
2925 1850 3072 1901 eerto

642 1924 859 1986 certius
885 1934 993 1985 est.

889 2069 902 2083 .
1245 2004 1397 2065 VII.
1425 2005 1616 2066 Creati
1633 2012 1826 2065 autem
1843 2012 1981 2065 sunt
1995 2004 2094 2065 An
2097 2005 2235 2085 geli,
2254 2025 2372 2065 non
2387 2013 2522 2066 ante
2549 2004 2928 2084 principium
2945 1999 3068 2059 Μο-

666 2070 726 2116 Ῑ“
746 2070 983 2175 Ρῆεᾟξῗο
1004 2069 1109 2117 ΜΟ·
1165 2087 1407 2161 saieum,
1418 2094 1485 2146 ut
1500 2086 1724 2147 vellent
1737 2085 2042 2161 Secivtioeni,
2059 2094 2120 2146 et
2133 2105 2252 2145 non
2270 2086 2442 2164 pauei
2457 2086 2903 2160 exVeteribus,
2925 2100 3060 2160 prse-

1164 2164 1363 2225 sertim
1406 2165 1631 2227 Graecis
1673 2166 1960 2243 Patribus,
2001 2175 2070 2225 ut
2116 2166 2582 2243 Chrysostomus,
2625 2166 3062 2233 Nazianzenus,

646 2243 921 2320 Basilius,
950 2250 1010 2305 et
1036 2243 1136 2303 alii
1163 2244 1325 2307 citati
1361 2246 1571 2323 Ῡοεσίο,
1598 2244 1704 2305 lib.
1743 2245 1785 2306 i.
1814 2244 1888 2305 ds
1915 2245 2061 2323 orig.
2090 2244 2243 2305 Idol.
2270 2264 2324 2305 c.
2355 2248 2448 2322 17,
2477 2245 2690 2323 quibus
2729 2243 3056 2319 stiffi-agan-

644 2330 742 2384 tur
766 2344 845 2383 ex
873 2323 1098 2384 Latinis
1134 2324 1338 2385 Hiero.
1367 2344 1649 2385 commen.
1689 2324 1752 2385 in
1780 2324 1967 2403 Epist.
2009 2324 2086 2384 ad
2125 2324 2339 2399 Titum,
2370 2334 2432 2386 et
2456 2325 2838 2401 Ambrosius,
2883 2322 2988 2381 lib.
3021 2318 3057 2376 i-

646 2423 774 2481 eap.
794 2405 850 2478 5,
875 2403 1203 2467 Hexaema
1242 2424 1570 2483 quanquam
1612 2424 1730 2463 non
1759 2402 1967 2481 desint,
1997 2404 2098 2483 qui
2125 2424 2225 2464 eos
2251 2405 2474 2482 volunt,
2503 2425 2624 2466 non
2647 2414 2776 2465 tam
2807 2403 2888 2463 de
2915 2399 3065 2488 prin3
3212 2339 3228 2457 i

644 2482 801 2559 eipio
828 2482 1093 2541 Mosaieo
1118 2482 1297 2561 loqui,
1327 2504 1501 2563 quam
1528 2483 1687 2561 quod
1711 2484 1772 2541 in
1799 2483 2082 2562 principio
2107 2492 2242 2543 ante
2262 2492 2499 2545 caeteras
2519 2492 2822 2545 creaturas
2851 2478 3062 2541 conditi

646 2560 877 2639 fuerint,
906 2567 974 2623 ut
1000 2562 1021 2620 i
1062 2581 1255 2622 sorum
1283 2562 1627 2626 sententiam
1655 2563 1911 2644 explieat
1949 2566 2360 2642 Dama-scenas,
2397 2564 2501 2624 lib.
2527 2564 2590 2626 ii.
2618 2565 2692 2624 de
2723 2564 2944 2626 Orthe.
2967 2556 3060 2618 fid.

648 2661 717 2704 ea
760 2685 773 2698 .
804 2645 842 2700 2
867 2661 884 2702 ε
928 2641 1005 2702 Se
1072 2643 1135 2704 in
1160 2641 1289 2722 ipso
1313 2644 1517 2707 mundi
1542 2644 1827 2726 prineipio
1853 2663 1984 2704 eum
2013 2646 2236 2706 caeteris
2263 2645 2530 2705 omnibus
2557 2645 2864 2705 creaturis.

789 2721 914 2782 III.
958 2721 1237 2785 Rationes
1264 2730 1419 2800 sunt,
1464 2727 1518 2785 1.
1544 2723 1684 2803 quia
1721 2724 2066 2806 principium
2107 2725 2438 2785 Mosai'cum
2477 2733 2569 2785 est
2606 2722 2980 2803 principium,
3005 2723 3060 2776 et

646 2801 942 2880 temporis,
971 2810 1033 2862 et
1056 2802 1245 2864 omnis
1274 2803 1581 2878 Creatnrae,
1612 2811 1748 2863 ante
1788 2803 1963 2880 quod,
2007 2823 2084 2864 ex
2125 2804 2279 2882 stylo
2319 2805 2495 2864 etiam
2539 2805 2880 2883 Scripturas,
2921 2795 3057 2858 nihil

648 2879 876 2958 concipi
901 2887 1097 2958 potest
1120 2889 1331 2959 praeter
1356 2881 1631 2975 abyssum
1661 2883 2016 2942 aeternitatis.
2099 2883 2261 2961 Ergo
2287 2884 2376 2942 illi
2401 2883 2686 2962 principio
2710 2904 2836 2943 non
2861 2887 3053 2960 potue-

648 2967 787 3019 runt
807 2959 1195 3036 praeextitisse
1222 2959 1459 3038 Angeh,
1489 2960 1631 3039 quin
1672 2959 1971 3022 extiterint
1996 2962 2072 3021 ab
2099 2971 2334 3023 aeterno.
2375 2967 2433 3023 2.
2467 2963 2620 3040 Quia
2645 2959 2932 3042 quiequid
2955 2955 3056 3017 fuit

648 3045 786 3096 ante
808 3037 1109 3114 mundum,
1138 3037 1201 3102 id
1241 3046 1332 3102 est
1359 3039 1539 3116 Deus,
1578 3040 1718 3119 quia
1742 3040 1868 3104 hm
1892 3043 2280 3122 praerogativa
2305 3043 2393 3101 illi
2417 3043 2748 3103 vindicatur
2773 3043 2840 3102 in
2873 3037 3049 3113 Serip-

648 3124 801 3192 tura,
848 3116 947 3176 Ps.
974 3136 1069 3176 xe.
1108 3121 1187 3196 23
1232 3118 1512 3179 Proverb.
1537 3120 1664 3180 viii.
1704 3124 1817 3198 223
1861 3121 2078 3182 Johan.
2121 3122 2162 3181 i.
2194 3126 2250 3183 1.
2327 3125 2384 3182 3.
2415 3121 2565 3198 Quia
2605 3123 2812 3182 Moses
2849 3121 3052 3181 diserte

650 3194 813 3271 dicit,
839 3196 916 3256 In
947 3197 1237 3274 prmetpt'o
1263 3199 1453 3260 Deum
1478 3216 1700 3260 creatae
1725 3203 1920 3260 eoelum
1946 3211 2003 3260 et
2027 3211 2258 3278 ten-am,-
2299 3202 2412 3261 hoc
2439 3211 2546 3278 est,
2575 3211 2636 3262 et
2670 3203 2776 3262 illa
2801 3215 3046 3278 corpora,

644 3281 711 3334 -et
738 3275 931 3334 omnia
958 3295 1088 3353 quae
1114 3276 1175 3335 in
1203 3278 1351 3338 eoelo
1377 3286 1437 3340 et
1461 3278 1525 3340 in
1550 3287 1708 3342 tem
1732 3281 2137 3358 eontinentnr;
2181 3281 2256 3340 In
2278 3281 2564 3361 principio
2591 3280 2814 3342 scilieet
2839 3291 3048 3354 tempo·

648 3354 747 3430 ris,
779 3362 839 3414 et
866 3355 1189 3434 creationis,
1217 3363 1285 3419 ut
1310 3357 1585 3437 exprimit
1607 3361 1898 3436 Lyranus.
1954 3361 2116 3438 Ergo
2135 3360 2357 3438 Angeli
2383 3369 2515 3422 ante
2542 3361 2691 3422 illud
2715 3358 3052 3440 principium

649 3435 829 3494 creati
868 3455 988 3496 non
1026 3435 1275 3514 fuerunt,
1318 3437 1477 3518 quod
1515 3439 1843 3500 evidentius
1883 3441 2175 3516 asseritur,
2221 3440 2412 3501 Exod.
2440 3461 2544 3500 xx.
2581 3444 2674 3517 11,
2711 3443 2838 3502 Sa
2874 3437 3049 3500 dieb-³

642 3515 884 3594 perfecit
906 3519 1068 3576 Deua
1092 3519 1287 3577 coelum
1314 3527 1371 3577 et
1394 3527 1627 3594 terram,
1657 3529 1713 3578 et
1735 3520 2004 3597 quicquid
2025 3529 2109 3578 eat
2131 3521 2191 3579 t'n
2217 3521 2287 3578 iis
2299 3543 2327 3594 ,·
2369 3521 2530 3598 Ergo
2557 3529 2617 3581 et
2643 3520 2932 3598 Angelos.

732 3595 857 3654 IX.
898 3595 1179 3671 Quamvis
1217 3597 1419 3658 Moses
1460 3597 1779 3658 Creationis
1821 3599 2182 3676 Angelorum
2223 3619 2496 3677 expresse
2535 3620 2654 3660 non
2691 3593 3044 3667 meminerim

649 3693 769 3733 non
808 3684 1114 3754 propterea
1140 3673 1400 3755 sequitur
1477 3677 1611 3738 lane
1636 3678 1712 3737 de
1737 3678 1857 3738 illis
1885 3679 2132 3753 siluisse,
2161 3698 2310 3756 cum,
2339 3687 2408 3738 nt
2433 3679 2654 3740 dietum
2681 3689 2786 3756 est,
2815 3699 2918 3738 eos
2943 3671 3042 3734 sub

650 3753 911 3813 exercitu
938 3755 1231 3830 coelorum,
1256 3756 1354 3814 vel
1374 3775 1444 3815 su
1510 3756 1639 3816 luee
1667 3757 2026 3836 primigenia,
2049 3758 2146 3817 vel
2174 3758 2284 3818 sub
2311 3758 2460 3818 eoelo
2487 3767 2547 3819 et
2571 3767 2726 3818 terra
2751 3750 3043 3836 complecti

648 3831 921 3967 potuerit.
1004 3834 1193 3892 Causa
1222 3831 1433 3894 silentii
1476 3836 1682 3912 Mosis,
1711 3855 1830 3895 non
1855 3837 1981 3913 fuit,
2011 3837 2110 3896 vel
2147 3837 2446 3914 ingenium
2475 3838 2868 3898 Israelitarum
2895 3830 3038 3910 φιλεί·

682 3923 805 3967 αλιι
830 3909 905 3968 ad
930 3909 1313 3971 idololatriam
1340 3914 1869 3990 propensissimum,
1901 3916 2037 3993 quia
2063 3917 2148 3976 sic
2174 3917 2394 3976 nullam
2431 3919 2647 3995 pariter
2673 3937 2870 3978 eorum
2895 3932 3040 3976 men-

650 3987 868 4047 tionem
908 3987 1099 4049 faeere
1136 3989 1432 4051 debuisset
1469 3993 1532 4050 in
1569 3992 1736 4051 libris
1773 3995 1910 4068 suis,
1953 3995 2112 4073 quod
2149 4005 2344 4056 tamen
2383 3995 2524 4057 faeit
2551 3998 2900 4076 stepissim03
2939 3989 3041 4052 Vel

650 4065 894 4125 tarditas
920 4069 1137 4144 populi,
1167 4069 1263 4128 eui
1282 4077 1659 4148 attemperata
1679 4072 1986 4150 scriptione
2008 4075 2290 4152 originem
2309 4077 2681 4154 aspectabilis
2699 4077 2902 4136 mundi
2925 4091 3040 4154 pro·

646 4163 863 4238 ponere
890 4146 1157 4222 voluerit,
1188 4147 1475 4227 siquidem
1501 4149 1786 4212 Israelitis
1811 4153 2120 4214 traditione
2160 4155 2366 4216 saltem
2405 4157 2707 4234 majorum,
2750 4175 2868 4227 non
2895 4157 3042 4216 erant

647 4233 839 4300 ignoti
866 4223 1103 4302 Angeli,
1133 4245 1243 4286 nee
1278 4244 1425 4306 opus
1464 4226 1577 4290 fuit
1614 4229 1747 4292 rudi
1785 4234 2002 4310 populo
2039 4241 2304 4294 naturam
2333 4234 2682 4314 Angelicam
2723 4235 2852 4296 fuse
2879 4250 3040 4310 expo·

650 4303 2456 4469 2¹52·ss“ffiffffl‘ztffimssssssffffififflffi{225122‘2222‘31'38
2474 4315 3040 4470 ffiffifflfflsst

650 4467 809 4539 tere3
836 4456 969 4523 ideo
996 4461 1279 4541 originem
1305 4467 1526 4543 mundi,
1555 4489 1633 4528 ex
1661 4489 1778 4546 quo
1797 4435 2064 4531 lieelesia
2087 4472 2372 4550 originem
2401 4473 2578 4550 ducit,
2599 4474 2890 4534 delineare
2916 4467 3039 4532 satin

650 4539 871 4617 habuit,
900 4539 973 4601 de
994 4541 1247 4620 Angelis
1272 4543 1449 4604 etiam
1474 4566 1592 4607 non
1620 4549 1845 4609 silendo
1873 4549 2134 4628 subinde,
2165 4561 2340 4628 prout
2364 4553 2697 4631 postulabat
2721 4551 2966 4614 instituti
2987 4548 3038 4607 in
