3300 5225
368 358 594 409 Qnfflsr.
626 340 718 422 x.]
1228 364 1308 403 nn
1336 362 1453 434 imo
1481 362 1619 422 mic,
1650 364 1727 405 m·
1753 364 1950 407 ritmo.
2669 350 2784 409 183

367 508 640 560 oetemum
658 499 887 577 dicitur,
908 500 1059 563 Gen.
1082 504 1226 564 xvii.
1249 503 1329 564 id.
1352 512 1641 581 constans,
1663 505 1822 583 quod
1843 504 2044 567 debuit
2063 502 2272 564 dui-are
2291 522 2476 583 usque
2497 504 2574 566 ad
2591 526 2783 568 rerum

366 582 627 641 omnium
652 577 907 662 >sigona-u,
938 589 998 642 et
1028 582 1212 643 Colles
1238 586 1448 659 aeterni,
1480 586 1657 645 Deut.
1687 585 1898 645 xxxiii.
1933 587 2024 661 15,
2056 604 2093 643 a
2133 584 2300 646 Mose
2328 585 2614 663 dicuntur,
2645 588 2784 665 quia

365 668 603 739 propter
618 661 1057 722 diuturnitatem
1078 671 1136 723 et
1156 672 1514 725 constantem
1542 665 1904 725 durationem
1929 664 2204 725 videntur
2229 665 2502 725 accedere
2518 666 2595 724 ad
2617 676 2779 726 eeter-

366 742 646 801 nitatem:
687 742 787 801 vel
812 752 1121 821 usurpatur
1147 743 1221 803 de
1248 764 1317 803 eo
1344 744 1503 821 quod
1528 744 1704 805 finem
1729 764 1850 803 non
1874 744 2066 821 habet,
2098 745 2210 805 etsi
2235 744 2464 805 initium
2491 746 2776 823 habuerit,

365 828 433 883 ut
461 820 682 899 Angeli
720 829 781 881 et
816 822 1023 883 animae
1050 831 1187 883 sunt
1212 832 1481 885 aeternae:
1534 823 1654 884 Sed
1693 824 1767 885 de
1807 824 2128 887 aeternitate
2153 824 2421 886 absoluta
2451 833 2511 887 et
2550 827 2780 906 proprie

365 901 540 978 dicta,
569 910 690 961 tam
716 921 753 963 a
778 911 941 981 parte
970 910 1104 962 ante
1131 923 1305 980 quam
1332 923 1369 962 a
1392 912 1555 981 parte
1581 911 1733 981 post.

972 982 1093 1045 ΙΙΙ.
1126 982 1255 1041 Deo
1280 982 1457 1043 talem
1477 983 1894 1044 AEternitatem
1913 990 2236 1062 competere
2269 984 2567 1063 Scriptura
2586 984 2775 1063 docet,

366 1044 533 1150 ”2¹:²¹2
552 1048 845 1163 &affifi
884 1081 1003 1120 non
1030 1060 1203 1121 modo
1231 1062 1463 1139 quando
1489 1065 1680 1122 Deum
1699 1072 1872 1123 vocat
1898 1073 2183 1139 oetermcm,
2215 1064 2366 1125 Gen.
2394 1066 2520 1123 xxi.
2550 1068 2647 1143 33,
2677 1064 2782 1144 qui

886 1142 1103 1201 habitat
1136 1143 1514 1219 oeterviitatem,
1562 1142 1679 1202 Isa.
1720 1143 1847 1204 lvii.
1895 1145 1990 1203 15.
2057 1146 2270 1221 Reyem
2305 1147 2634 1221 seculorum,
2675 1148 2778 1205 im-
2823 1162 2836 1175 ·

363 1222 675 1296 mortalem,
699 1220 1037 1297 invisibilem,
1072 1224 1102 1280 1
1128 1222 1277 1282 Tim.
1306 1222 1345 1281 i.
1373 1226 1465 1281 17.
1496 1224 1727 1299 quifuit
1749 1232 2052 1300 antequam
2075 1226 2316 1283 mundus
2343 1234 2482 1283 esset
2505 1227 2776 1303 conditu,

366 1300 565 1359 Psalm
592 1321 685 1359 xc.
721 1303 773 1375 1,
806 1305 861 1377 2,
892 1322 932 1361 a
956 1304 1139 1361 seculo
1166 1311 1221 1361 et
1245 1302 1304 1361 in
1328 1305 1589 1361 seculum.
1677 1301 1794 1362 Sed
1834 1303 2010 1363 etiam
2043 1322 2222 1379 quum
2264 1302 2351 1362 illi
2383 1323 2584 1364 omnes
2612 1314 2776 1365 aeter-

360 1380 561 1440 nitatis
586 1382 967 1458 proprietates
984 1382 1205 1457 tribuit,
1233 1382 1330 1441 Ps.
1354 1382 1446 1443 cii.
1470 1386 1566 1458 26,
1598 1386 1696 1458 27,
1721 1385 1818 1442 28.
1888 1384 2039 1442 Tum
2065 1382 2333 1460 divisim3
2363 1383 2522 1459 quod
2549 1385 2625 1444 sit
2651 1386 2777 1447 sine

362 1460 545 1535 initio,
577 1460 715 1537 quia
740 1460 850 1520 fuit
876 1471 1009 1522 ante
1032 1462 1425 1521 fundationem
1444 1471 1631 1539 terrie,
1659 1482 1716 1521 v.
1741 1466 1837 1539 26,
1869 1462 1994 1523 sine
2019 1462 2152 1538 fine,
2176 1463 2277 1538 qui
2299 1463 2359 1521 in
2375 1466 2618 1522 seculum
2634 1486 2775 1541 per-

360 1549 565 1617 manet,
596 1550 650 1599 et
672 1543 830 1617 cujus
856 1543 997 1601 anni
1019 1562 1133 1601 non
1159 1544 1435 1622 deficiunt,
1464 1562 1523 1602 v·
1552 1544 1649 1618 25,
1683 1545 1778 1619 28,
1817 1543 1940 1602 sine
1983 1542 2362 1618 successione,
2399 1542 2536 1619 quia
2565 1544 2777 1604 dicitur

350 1640 694 1697 permanere
721 1621 866 1681 citra
892 1641 1120 1681 omnem
1148 1622 1541 1699 mutationem,
1565 1641 1623 1680 v.
1655 1626 1752 1699 27,
1783 1631 1843 1682 et
1867 1642 2086 1698 semper
2111 1622 2258 1683 idem
2285 1643 2416 1698 esse,
2440 1642 2499 1682 v.
2530 1625 2626 1698 28,
2654 1643 2775 1683 non

360 1701 515 1759 enim
544 1720 771 1778 semper
797 1700 951 1759 idem
980 1709 1069 1760 est
1088 1702 1183 1761 cui
1210 1702 1458 1779 singulis
1484 1721 1632 1780 pene
1653 1702 1960 1761 momentis
1984 1721 2090 1779 per
2114 1703 2276 1780 prius
2298 1702 2518 1780 aliquid
2545 1703 2776 1764 decedit

357 1788 419 1840 et
458 1800 563 1858 pei·
601 1780 888 1859 posterius
928 1781 1149 1859 aliquid
1190 1781 1429 1842 accedit.
1513 1781 1914 1859 Conjunctim3
1958 1782 2192 1858 quando
2233 1782 2544 1860 opponitur
2582 1802 2774 1843 rerum

358 1860 612 1919 maxime
640 1861 1027 1920 constantium
1054 1861 1441 1937 mutabilitati,
1471 1881 1602 1939 quae
1628 1862 1847 1923 habent
1871 1860 2234 1940 principium,
2263 1862 2439 1921 finem
2467 1870 2526 1922 et
2537 1880 2772 1923 ,succes-

360 1940 601 2015 sionem,
632 1960 693 1999 v.
726 1943 819 2016 13,
854 1944 947 2017 14,
976 1949 1256 2019 perpetua
1283 1942 1395 1999 Dei
1436 1941 1499 1999 in
1524 1941 1730 2000 eodem
1759 1949 1913 2001 statu
1939 1941 2281 2019 permansiO,
2317 1942 2461 2002 Oceli
2483 1944 2769 2020 peribunt,

358 2028 421 2081 tu
447 2030 635 2079 autem
662 2040 985 2097 permanes,
1016 2030 1071 2079 et
1096 2041 1283 2079 omnes
1308 2031 1372 2080 ut
1398 2022 1561 2079 vestis
1599 2030 1954 2097 veterascent,
1995 2030 2051 2080 et
2081 2024 2233 2080 velut
2253 2022 2632 2081 vestimentum
2659 2024 2770 2081 cir-

358 2103 665 2159 cumvolves
709 2121 816 2177 coc,
862 2110 916 2159 et
953 2102 1317 2159 mutabuntur
1331 2123 1352 2159 .·
1397 2103 1484 2159 Tu
1506 2120 1641 2159 vero
1669 2103 1816 2159 idem
1845 2121 1918 2177 es,
1953 2110 2010 2159 et
2045 2102 2187 2159 anm'
2217 2102 2303 2160 tui
2338 2122 2453 2160 non
2492 2102 2770 2180 deficiunt.

359 2178 485 2239 Nec
512 2180 626 2239 alio
653 2180 899 2239 tendunt
925 2181 1029 2239 illa
1053 2181 1097 2240 J
1100 2180 1266 2240 acobi
1292 2180 1331 2241 i.
1358 2184 1451 2256 17,
1481 2181 1716 2259 quando
1745 2180 1826 2239 ait
1851 2198 2029 2258 penes
2053 2180 2242 2239 Deum
2269 2200 2387 2238 non
2409 2200 2536 2239 esse
2557 2197 2772 2262 πηιλ-

358 2263 540 2331 membr,
567 2258 603 2328 ὅ
626 2286 659 2319 τ
688 2266 805 2327 οπὶἷς
826 2261 1183 2337 ἀποσπῶν-μα,
1214 2261 1589 2335 mutationem,
1618 2264 1709 2320 vel
1737 2260 2056 2319 mutationis
2084 2261 2554 2319 obumbrationem
2568 2285 2592 2333 ;
2634 2282 2771 2321 nam

357 2341 609 2417 partium
684 2342 982 2416 urationis,
1028 2360 1160 2419 quse
1202 2340 1482 2418 paulatim
1524 2340 1654 2399 alise
1695 2348 1830 2419 post
1873 2340 2019 2399 alias
2056 2339 2331 2414 existunt,
2381 2341 2670 2399 successio
2711 2349 2772 2401 et

358 2420 553 2481 fluxus
594 2420 844 2498 speciem
884 2420 1174 2499 quandam
1212 2440 1333 2500 prae
1377 2440 1441 2481 se
1486 2419 1599 2481 fert
1640 2429 1851 2497 motus,
1902 2419 2005 2497 qui
2051 2418 2114 2477 in
2163 2419 2354 2478 Deum
2401 2418 2606 2479 cadere
2653 2440 2770 2480 non

438 2508 569 2560 test.

358 2520 550 2641 PoIV.
594 2581 819 2641 Eodem
852 2580 1119 2660 pertinet,
1154 2580 1313 2660 quod
1352 2578 1563 2641 dicitur
1592 2580 1820 2658 primus
1847 2588 1902 2641 et
1934 2579 2259 2640 novissimus
2299 2577 2456 2658 apud
2498 2578 2612 2640 Isa.
2642 2600 2768 2659 cap.

355 2659 461 2720 xli.
484 2665 541 2738 4,
565 2670 625 2721 et
650 2661 806 2739 apud
825 2663 869 2722 J
871 2681 1001 2721 oan.
1020 2661 1207 2740 Apoc.
1227 2683 1277 2722 c.
1300 2661 1339 2736 i,
1358 2662 1551 2737 Alpha
1570 2669 1630 2720 et
1659 2663 1872 2738 Omeqa
1886 2685 1911 2733 ,·
1947 2660 2292 2738 principium
2321 2661 2446 2720 sine
2467 2660 2766 2739 principie,

356 2741 493 2818 quia
520 2761 653 2802 cum
681 2742 757 2801 sit
790 2741 1047 2800 omnium
1088 2762 1279 2802 rerum
1316 2741 1678 2820 principium,
1722 2741 1845 2818 ipse
1885 2739 2167 2818 principio
2195 2748 2368 2815 caret,
2400 2748 2458 2799 et
2483 2740 2617 2799 finis
2645 2740 2770 2800 sine

356 2821 488 2898 fine,
532 2821 670 2898 quia
697 2841 829 2881 cum
858 2822 934 2881 sit
972 2821 1106 2880 finis
1133 2821 1209 2879 ad
1249 2841 1422 2898 quein
1458 2821 1655 2879 omnia
1688 2820 2029 2897 referuntur,
2072 2819 2298 2879 nullum
2337 2828 2530 2898 potest
2555 2820 2769 2880 habere

356 2901 564 2978 finem,
615 2903 773 2980 quod
813 2909 1005 2962 autem
1048 2910 1137 2960 est
1178 2901 1301 2960 sine
1341 2901 1640 2979 principio,
1686 2909 1776 2960 est
1815 2902 1992 2959 etiam
2033 2900 2156 2960 sine
2199 2899 2580 2975 successione,
2632 2901 2771 2978 quia

354 2982 643 3041 successio
664 2981 879 3061 pendet
898 3001 974 3041 ex
1000 2981 1300 3059 principie,
1324 2989 1383 3040 et
1410 2981 1670 3040 ordinem
1691 2979 1834 3040 dicit
1855 2980 2170 3039 secundum
2198 2981 2357 3058 prius
2378 2987 2436 3038 et
2463 2979 2767 3056 posterius.

358 3060 531 3120 Hanc
560 3062 975 3122 AEternitatem
1000 3081 1213 3120 nomen
1238 3062 1459 3120 Jehova
1484 3061 1809 3120 necessario
1850 3060 2110 3135 includit,
2143 3060 2280 3136 quia
2305 3067 2372 3119 ut
2398 3059 2634 3136 dictum,
2667 3058 2766 3118 de-

358 3141 554 3280 eff:
575 3139 2766 3298 esmmmfflwms,

356 3299 497 3376 quia
523 3299 609 3357 illi
637 3300 747 3358 soli
774 3301 1099 3360 AEternitas
1125 3301 1241 3358 m·
1268 3301 1433 3377 ἐξοχὴ
1460 3299 1752 3376 competit.

436 3377 514 3438 V.
557 3379 883 3439 AEternitas
911 3380 1025 3439 Dei
1050 3400 1167 3439 non
1201 3389 1395 3459 potest
1432 3379 1647 3438 habere
1675 3377 2114 3453 successionem,
2146 3377 2283 3454 quia
2310 3376 2597 3452 Essentia,
2629 3396 2764 3437 cum

356 3477 475 3534 qua
513 3457 901 3520 identificatur
940 3460 1186 3534 realiter,
1229 3460 1450 3518 nullam
1490 3457 1775 3533 admittit3
1818 3465 1944 3516 tum
1985 3457 2122 3533 quia
2163 3476 2384 3515 summe
2427 3456 2674 3533 simplex
2702 3465 2764 3515 et

355 3535 731 3598 immutabilis
758 3548 865 3616 est,
896 3558 1138 3618 quaeque
1166 3538 1298 3598 ideo
1324 3538 1702 3612 mutationem
1741 3537 1948 3614 prioris
1976 3536 2037 3592 in
2065 3535 2368 3611 posterius,
2397 3535 2676 3611 praeteriti
2703 3534 2766 3592 in

356 3635 629 3693 praesens,
658 3620 959 3696 praesentis
995 3620 1057 3677 in
1083 3618 1357 3693 futurum,
1388 3636 1563 3693 quam
1587 3615 1878 3674 successio
1905 3613 2172 3688 involvit,
2204 3614 2449 3691 respuit;
2479 3620 2603 3671 tum
2630 3613 2770 3690 quia

354 3693 857 3773 immensurabilis,
885 3705 1087 3776 utpote
1126 3698 1313 3775 prima
1340 3703 1400 3755 et
1438 3693 1870 3772 independens;
1913 3702 1976 3754 at
2001 3691 2160 3771 quod
2199 3692 2370 3752 durat
2406 3711 2514 3769 per
2539 3711 2766 3756 succes-

354 3775 593 3853 sionem,
624 3776 1049 3854 quodammodo
1076 3784 1470 3867 mensuratur..
1512 3853 1525 3866 ·
1934 3848 1950 3866 ⁸
2241 3851 2255 3864 ι
2303 3850 2318 3864 ·
2692 3851 2706 3865 ⁸

437 3856 552 3915 VI.
596 3856 733 3916 Huc
760 3855 899 3917 facit
924 3857 1083 3935 quod
1110 3876 1147 3914 a
1180 3855 1561 3916 Scholasticis
1586 3871 1728 3910 vera
1755 3859 2046 3912 aetermtas
2073 3850 2322 3912 describi
2363 3849 2512 3911 solet
2549 3870 2654 3928 pei·
2680 3872 2765 3910 m-

355 3936 761 3996 temninabilem
794 3937 921 3996 υἱέας
957 3945 1131 3996 totam
1165 3936 1331 3994 sivnul
1368 3943 1424 3994 et
1451 3934 1765 4010 perfectam
1794 3931 2214 4009 possessionem,
2243 3938 2312 3990 ut
2339 3930 2463 3991 scil.
2493 3931 2768 3992 excludat

354 4016 779 4076 successionem
819 4035 941 4076 non
978 4015 1172 4075 minus
1204 4035 1273 4075 ac
1298 4014 1625 4087 terminum,
1657 4019 1716 4072 et
1754 4031 1859 4090 per
1883 4031 2031 4070 nunc
2055 4021 2227 4087 stam,
2271 4030 2390 4070 non
2414 4030 2556 4070 vero
2580 4013 2768 4088 fluens

356 4096 584 4174 concipi
626 4095 851 4156 debeat.
936 4095 1112 4154 Ratio
1140 4103 1247 4172 est,
1276 4095 1415 4173 quia
1454 4092 1528 4152 de
1554 4092 1680 4152 vita
1707 4092 1838 4167 Dei,
1883 4090 2035 4152 sicut
2075 4090 2149 4150 de
2188 4098 2404 4167 nostra,
2445 4091 2595 4150 nihil
2635 4111 2768 4150 cum

352 4181 611 4254 tempore
638 4173 835 4253 effluit,
867 4175 973 4236 sed
1012 4176 1177 4236 Deus
1202 4175 1412 4254 quovis
1451 4181 1744 4254 momento
1786 4171 1959 4233 simul
1997 4171 2175 4230 habet
2214 4170 2492 4248 quiequid
2533 4171 2768 4230 divisim

351 4273 457 4332 per
512 4275 843 4316 successum
899 4256 1175 4334 temporis
1230 4255 1531 4320 habemus.
1644 4251 1819 4313 Unde
1875 4250 2215 4329 Philosophi
2270 4250 2420 4310 bene
2472 4249 2761 4326 dixerunt,

352 4353 461 4395 nec
507 4335 765 4396 futurum
806 4355 917 4396 nec
958 4335 1328 4415 praeteritum,
1374 4335 1482 4394 erit
1519 4331 1617 4392 vel
1647 4333 1786 4408 ficit,
1833 4331 1939 4392 sed
1977 4331 2167 4392 solum
2205 4349 2462 4408 praesens
2501 4329 2626 4388 sive
2668 4339 2764 4406 est,

353 4413 426 4474 de
468 4435 539 4476 eo
579 4416 689 4476 rite
728 4415 848 4476 dici
885 4436 1091 4496 posse;
1133 4416 1273 4494 quia
1307 4423 1523 4474 aeterna
1560 4413 1674 4472 Dei
1711 4411 1940 4472 duratio
1978 4411 2171 4471 omnia
2209 4409 2446 4488 quidem
2483 4417 2761 4488 tempora,

350 4495 721 4574 praeteritum,
749 4516 1007 4576 praesens
1038 4505 1099 4557 et
1133 4495 1391 4556 futurum
1418 4492 1836 4571 complectitur,
1867 4491 1972 4552 sed
2010 4490 2157 4550 nihil
2195 4489 2260 4548 in
2295 4509 2365 4550 eo
2401 4497 2600 4567 potest
2637 4506 2768 4548 esse

351 4575 703 4651 praeteritum
731 4585 833 4638 aut
872 4576 1145 4653 futui-um,
1188 4575 1327 4654 quia
1352 4574 1475 4634 vita
1514 4574 1644 4652 ejus
1685 4571 1886 4633 eadem
1929 4589 2154 4649 semper
2191 4578 2252 4630 et
2287 4569 2588 4628 immutata
2629 4585 2756 4646 pei·-

354 4664 601 4718 severat.
