3300 5225
345 367 575 418 QUAEST.
604 345 739 430 xxm]
1368 365 1447 406 DE
1476 331 1760 409 Pn'cCA'm.
2651 355 2766 412 591

344 529 503 570 mum
532 517 867 588 peccatum3
914 508 993 568 Et
1018 517 1214 568 tamen
1239 507 1349 568 fuit
1374 527 1548 586 poena
1574 530 1625 568 a·
1655 510 1783 570 Deo
1811 509 2070 569 immissa
2097 509 2174 570 ad
2216 531 2348 570 eum
2375 512 2770 590 perdendum:

349 593 387 625 ‘⁴
406 590 549 666 Quis
570 589 881 668 pelliciat,”
902 589 1093 668 inquit
1116 589 1295 664 DeuS,
1329 592 1367 622 ‘⁶
1387 589 1716 666 Achabum,
1739 600 1807 651 ut
1833 590 2109 650 ascendat
2130 601 2189 651 et
2215 601 2444 652 corruat
2469 594 2626 671 apud
2655 595 2770 653 Ra·

346 670 510 728 moth
540 669 753 730 Gilead
768 671 834 743 P’j
892 689 951 730 v.
975 673 1071 747 23,
1090 671 1125 702 “
1141 669 1330 744 Quare
1357 689 1513 729 nunc
1538 670 1750 730 indidit
1777 671 1821 732 J
1825 671 2052 730 ehovah
2081 672 2344 750 spiritum
2369 674 2658 733 mendacii
2686 675 2772 734 ori

348 750 605 810 omnium
636 748 1055 826 Prophetarum
1082 758 1353 809 tuorum:
1398 750 1714 828 Propterea
1757 759 1958 810 contra
2003 760 2063 811 te
2106 753 2150 812 J
2153 753 2380 811 ehovah
2406 753 2636 814 locutus
2683 762 2774 815 est

347 830 625 906 malum,’'
656 849 787 907 quae
814 830 995 889 verba
1021 831 1104 889 ita
1132 829 1287 888 clara
1314 839 1450 890 sunt
1476 839 1543 890 ut
1580 832 1802 892 Vorstio
1830 832 1928 890 vel
1955 832 2138 891 invito
2181 835 2544 894 extorserint*
2557 835 2770 894 verita·

346 911 425 970 tis
454 909 890 985 confessionem,
909 911 1057 970 Ami.
1079 912 1255 988 dupli.
1285 931 1332 968 c.
1356 911 1544 970 Pisca.
1574 932 1625 971 c.
1654 911 1736 970 iii.
1790 913 1827 946 “
1846 911 2106 989 Serm0,’'
2136 913 2342 990 inquit,
2371 915 2407 947 “
2424 915 2556 974 istic
2585 924 2674 974 est
2701 915 2774 975 de

338 989 626 1069 judiciali,
678 990 802 1048 sive
830 991 1018 1050 mavis
1044 990 1263 1069 poenali
1288 988 1539 1068 quadam
1571 991 1686 1050 Dei
1730 991 2026 1069 punientis
2074 994 2316 1069 actione,
2349 1013 2531 1072 eaque
2558 1015 2688 1054 rara
2716 1004 2775 1055 et

346 1069 819 1146 extraordinaria,
850 1089 981 1148 quae
1007 1071 1367 1130 voluntatem
1398 1071 1513 1128 Dei
1540 1077 1989 1149 consffllentem
2019 1092 2244 1150 semper
2271 1075 2480 1151 arguit,
2526 1094 2642 1153 qua
2667 1076 2773 1133 im—

348 1151 510 1228 pium
539 1150 779 1242 Regem,
800 1230 813 1256 ,
821 1169 1151 1257 gravesque
1195 1169 1397 1229 poenas
1424 1152 1822 1212 commeritum
1859 1151 2048 1231 decipi
2087 1154 2366 1232 permisit,
2408 1155 2526 1214 imo
2553 1156 2776 1234 aliqua-

348 1239 837 1408 :2322sssssssp
956 1310 1105 1371 VII.
1150 1311 1387 1387 Quart0,
1420 1311 1518 1369 Ex
1555 1311 1688 1371 aliis
1730 1310 1878 1372 locis
1921 1312 2250 1390 Scripturas,
2300 1333 2432 1391 quae
2481 1313 2543 1372 in
2569 1313 2773 1372 eadem

408 1411 571 1453 catum
580 1411 632 1453 et
646 1419 836 1465 poenam
876 1390 1103 1450 actione
1128 1391 1409 1450 rationem
1436 1392 1662 1469 peccati
1683 1401 1742 1452 et
1767 1411 1955 1471 poenae
1983 1395 2352 1471 conjunctam
2379 1394 2612 1452 habent.
2659 1394 2776 1454 De-

407 1468 722 1524 conjungunt.
873 1470 1047 1530 sectio
1074 1469 1273 1532 decem
1312 1471 1593 1531 Tribuum
1641 1472 1752 1532 fuit
1799 1491 1979 1550 grave
2025 1483 2330 1550 peccatum
2372 1473 2770 1550 proculdubio,

352 1551 458 1613 sed
485 1552 660 1611 simul
685 1568 858 1628 poena
884 1550 1225 1610 idololatriae
1260 1551 1603 1627 Solomonia,
1639 1555 1670 1610 1
1694 1553 1844 1631 Reg.
1873 1553 1954 1612 xi.
1976 1555 2071 1631 31,
2095 1557 2191 1614 33.
2236 1554 2548 1632 Oppressio
2573 1555 2774 1632 populi

393 1652 455 1691 er
481 1631 763 1710 Assyrios
790 1639 850 1690 et
880 1630 1183 1690 Chaldaeos
1211 1630 1321 1691 fuit
1347 1631 1700 1690 horrendum
1727 1643 2029 1710 peccatum
2057 1653 2092 1692 a
2111 1643 2274 1712 parte
2295 1634 2777 1713 hostium-populi

348 1653 485 1789 bei,
518 1712 635 1771 Isa.
664 1731 725 1770 x.
756 1714 811 1788 7,
842 1719 903 1771 et
927 1711 1051 1770 xiv.
1083 1715 1141 1786 3,
1170 1711 1214 1772 J
1218 1731 1391 1771 erem.
1421 1712 1461 1788 1,
1494 1714 1549 1787 6,
1581 1715 1637 1788 7,
1670 1714 1743 1791 83
1794 1712 1997 1772 eadem
2023 1722 2217 1773 tamen
2258 1734 2293 1773 a
2334 1723 2496 1792 parte
2526 1715 2640 1774 Dei
2668 1714 2778 1774 fuit

348 1812 525 1871 poena
551 1789 891 1851 defectionis
919 1800 979 1850 et
1004 1791 1346 1851 idololatriae
1372 1792 1591 1869 populi,
1640 1792 1722 1852 Is.
1767 1792 1868 1852 vii.
1905 1796 1997 1869 17,
2033 1796 2124 1870 18,
2177 1802 2236 1854 et
2283 1795 2494 1853 xxxix.
2543 1798 2598 1872 6,
2630 1798 2686 1871 7,
2719 1797 2775 1854 8.

351 1873 479 1933 Jer.
508 1872 547 1931 i.
582 1873 674 1947 12,
710 1873 803 1946 13,
840 1874 933 1929 14.
1016 1871 1194 1931 Judae
1222 1875 1427 1949 αὖτοχυ
1454 1874 1509 1944 ᾀι
1534 1872 1647 1932 fuit
1671 1873 2030 1932 teterrimum
2072 1875 2277 1951 scelus,
2309 1883 2369 1934 et
2409 1874 2584 1934 simul
2616 1876 2779 1952 justa

392 1971 524 2010 cena
566 1951 910 2030 proditionis
954 1950 1292 2010 SalvatoriS.
1377 1952 1408 2009 I
1452 1971 1545 2010 em
1574 1952 1646 2011 de
1688 1953 2054 2014 induratione
2085 1955 2420 2031 Pharaonis,
2453 1955 2644 2014 Exod.
2673 1955 2774 2032 iv.,

350 1971 719 2092 {accensione
746 2030 963 2109 populi,
995 2035 1031 2089 2
1066 2031 1221 2090 Sam.
1248 2031 1415 2089 xxiv.
1449 2036 1501 2107 1,
1532 2039 1592 2092 et
1634 2033 2046 2092 Excoecatione
2073 2034 2432 2110 Judaeorum,
2465 2035 2581 2094 Isa.
2611 2035 2690 2093 vi.
2721 2045 2781 2095 et

355 2111 399 2172 J
403 2133 531 2172 oan.
560 2112 665 2170 xii.
693 2113 790 2187 40,
823 2120 882 2170 et
900 2111 981 2169 ix.
1014 2113 1109 2186 39,
1140 2111 1256 2170 dici
1280 2119 1492 2189 potest.
1520 2110 1778 2189 August.
1807 2113 1908 2172 lib.
1938 2133 1996 2172 v.
2025 2121 2178 2173 cont.
2207 2115 2354 2174 Juli.
2385 2134 2509 2191 cap.
2537 2114 2620 2173 iii.
2648 2115 2780 2174 loca

353 2191 680 2253 istiusmodi
708 2190 877 2269 plura
904 2190 1145 2267 colligit,
1196 2191 1257 2249 in
1306 2191 1517 2268 quibus
1560 2201 1933 2252 recensentur
1977 2202 2232 2271 peccata,
2278 2215 2408 2271 quae
2438 2203 2574 2253 sunt
2599 2195 2776 2254 etiam

354 2291 561 2352 poenae.
608 2271 875 2330 “Annon
892 2279 1192 2348 peccatum
1212 2279 1302 2330 est
1318 2278 1376 2330 et
1391 2291 1564 2348 poena
1578 2271 1822 2349 peccati,
1843 2273 1946 2331 ubi
1965 2273 2182 2351 legitur
2211 2277 2226 2308 ‘
2240 2275 2526 2333 Dominus
2543 2275 2777 2335 miscuit

356 2353 443 2412 eis
472 2353 736 2431 spiritum
764 2351 973 2410 erroris
983 2352 1029 2410 P’
1062 2348 1169 2410 ἕω.
1216 2351 1350 2410 Non
1377 2361 1468 2411 est
1492 2360 1796 2430 peccatum
1813 2361 1872 2412 et
1927 2373 2060 2411 oena
2086 2354 2325 2431 peccati,
2348 2355 2453 2414 ubi
2476 2353 2602 2412 Deo
2632 2353 2776 2414 dicit

356 2433 665 2511 Propheta,
700 2435 717 2466 ‘
746 2429 901 2507 Quid
928 2450 1116 2490 errare
1142 2430 1333 2491 fecisti
1358 2452 1466 2491 nos
1496 2432 1817 2492 Domine?'
1922 2454 1970 2493 c.
2016 2434 2133 2494 Isa.
2162 2435 2311 2493 lxiii.
2344 2437 2439 2494 17.
2524 2435 2657 2492 Non
2685 2443 2776 2494 est

352 2522 649 2592 peccatum
683 2521 742 2572 et
786 2531 961 2590 poena
986 2511 1226 2589 peccati,
1256 2512 1359 2570 ubi
1384 2512 1601 2589 legitur
1640 2512 1714 2571 de
1743 2514 2018 2590 gentibus
2044 2534 2189 2591 quas
2230 2514 2545 2574 debellavit
2571 2516 2615 2575 J
2619 2519 2772 2589 osuii,

353 2594 492 2671 quia
517 2614 623 2671 per
650 2592 966 2653 Dominum
992 2591 1209 2653 factum
1254 2600 1342 2651 est
1385 2592 1698 2653 confortari
1741 2614 1841 2653 cor
1883 2614 2099 2671 eorum,
2147 2603 2214 2655 ut
2261 2595 2494 2655 obviam
2519 2595 2672 2655 irent
2699 2596 2775 2655 ad

353 2674 574 2733 bellum
603 2682 803 2733 contra
830 2673 1011 2732 Israe'l
1052 2681 1119 2733 ut
1159 2674 1678 2733 exterminarentur
1695 2677 1726 2733 Ρ
1764 2674 1809 2733 J
1812 2694 1895 2735 os.
1925 2675 2006 2735 xi.
2037 2678 2133 2751 20,
2179 2674 2287 2735 &c.
2372 2676 2563 2735 Multa
2603 2676 2776 2752 alia,”

354 2754 561 2832 inquit,
597 2757 633 2788 “
651 2772 985 2814 enumerare
1011 2773 1330 2831 possemne,
1360 2754 1423 2811 in
1464 2754 1678 2832 quibus
1719 2754 1943 2831 liquido
1973 2765 2261 2833 appareat,
2305 2756 2532 2815 occulto
2554 2757 2778 2835 judicio

354 2834 482 2894 fieri
506 2836 945 2913 perversitatem
973 2834 1181 2909 cordis,
1210 2842 1277 2893 ut
1296 2852 1414 2892 non
1442 2834 1710 2894 audiatur
1737 2834 1895 2911 quod
1920 2855 2124 2895 verum
2151 2836 2378 2915 dicitur,
2402 2845 2461 2896 et
2479 2836 2615 2896 inde
2641 2858 2774 2916 pec·

354 2924 533 2991 cetur,
566 2924 625 2975 et
651 2916 727 2975 sit
754 2916 945 2993 ipsum
970 2922 1271 2993 peccatum
1299 2913 1679 2991 praecedentis
1706 2935 1878 2992 poena
1904 2917 2186 2995 peccati.’'

435 2996 619 3055 VIII.
665 2996 897 3071 Quint0,
929 2994 1079 3068 Quia
1108 2995 1271 3053 Deus
1317 2996 1379 3052 in
1406 3014 1636 3073 poenam
1681 2996 2156 3073 transgressionis
2185 2996 2364 3073 Legis
2405 3016 2523 3055 non
2550 2997 2772 3057 denun-

354 3076 471 3134 ciat
496 3084 723 3135 tantum
771 3075 1128 3135 calamitates
1156 3083 1215 3134 et
1242 3093 1543 3152 aerumnas,
1572 3095 1705 3153 quae
1733 3084 1869 3136 sunt
1893 3096 2080 3154 poenae
2129 3077 2435 3155 simplices,
2487 3078 2592 3137 sed
2615 3080 2780 3136 varia

353 3155 530 3212 etiam
556 3163 809 3231 peccata,
862 3162 1003 3231 puta
1046 3155 1370 3213 coecitatem
1412 3156 1639 3233 mentis,
1672 3157 2037 3235 vertiginem,
2070 3157 2494 3218 indurationem
2536 3167 2596 3218 et
2623 3159 2769 3235 sim„

356 3234 531 3294 Deut.
560 3234 771 3292 xxviii.
802 3236 899 3309 28,
932 3236 1031 3309 29,
1064 3242 1123 3292 et
1154 3234 1343 3293 Lavit.
1374 3236 1560 3310 xxvi„
1592 3254 1724 3312 quse
1751 3247 1888 3297 sunt
1913 3257 2101 3316 poenae
2129 3240 2346 3298 mixtae.

439 3313 559 3373 IX.
608 3314 805 3389 SextO,
838 3312 987 3388 Quia
1007 3313 1239 3390 justitia
1264 3322 1325 3372 et
1352 3314 1628 3373 sanctitas
1655 3324 1848 3391 potest
1874 3318 2086 3378 habere
2115 3320 2394 3379 rafionem
2422 3319 2561 3378 boni
2587 3338 2772 3378 mora—

353 3394 429 3452 lis
477 3402 536 3453 et
562 3394 825 3471 physici:
874 3394 1032 3469 Ergo
1071 3392 1219 3450 nihil
1261 3392 1453 3453 obstat
1479 3394 1541 3451 in
1580 3404 1818 3470 peccato
1863 3395 2008 3457 duas
2035 3399 2210 3458 hasce
2254 3402 2443 3475 σχίσεις
2481 3399 2666 3478 culpae
2715 3410 2775 3460 et

354 3493 542 3552 poenae
572 3474 867 3552 conjungi.
932 3472 1019 3533 Ut
1056 3481 1331 3531 creaturae
1360 3492 1647 3532 summum
1673 3473 1891 3534 bonum
1919 3485 2010 3534 est
2037 3477 2165 3537 Deo
2191 3480 2344 3536 uniri
2371 3499 2476 3556 per
2502 3481 2772 3539 sanctita-

357 3564 477 3615 tem
499 3577 514 3632 ;
561 3554 656 3613 Ita
677 3572 964 3613 summum
985 3552 1201 3610 malum
1230 3552 1359 3630 ejus
1386 3561 1477 3612 est
1502 3574 1538 3612 a
1567 3554 1696 3612 Deo
1723 3556 1976 3632 separari
2001 3576 2105 3633 per
2130 3566 2448 3633 peccatum.

966 3632 1051 3692 X.
1083 3632 1217 3691 Non
1238 3640 1327 3691 est
1345 3632 1660 3693 absurdum
1677 3642 1744 3694 ut
1763 3635 1936 3695 unius
1962 3635 2337 3713 ejusdemque
2363 3638 2448 3695 rei
2477 3638 2776 3697 contrarias

882 3714 999 3773 sint
1016 3710 1371 3789 differentiae,
1395 3714 1445 3772 si
1465 3714 1739 3773 contrarii
1759 3724 1894 3775 sunt
1915 3723 1974 3775 et
1994 3716 2211 3775 diversi
2230 3734 2324 3776 res
2365 3726 2544 3793 ectus,
2566 3728 2788 3777 secun-'

882 3793 1020 3853 dum
1044 3812 1191 3871 quos
1215 3794 1336 3852 κατ’
1354 3788 1499 3851 ἄλλο
1516 3799 1605 3853 καὶ
1626 3794 1766 3853 ἄλλο
1780 3796 1967 3873 possit
1985 3805 2292 3874 utrumque
2355 3797 2426 3855 ‘ci
2443 3797 2516 3857 de
2545 3816 2640 3856 ea:
2687 3798 2772 3859 Ut

354 3872 529 3932 homo
546 3879 739 3950 potest
751 3870 867 3931 dici
883 3874 1143 3933 mortalis
1160 3881 1219 3933 et
1235 3874 1576 3934 immortalis
1592 3876 1825 3936 diverso
1843 3886 2125 3953 respectu.
2170 3878 2268 3937 Sic
2285 3877 2487 3937 eadem
2499 3878 2650 3937 actio
2667 3898 2766 3956 po-

353 3962 471 4012 test
488 3952 605 4011 dici
632 3960 691 4012 et
705 3952 1015 4013 laudabilis
1034 3962 1091 4013 et
1111 3954 1275 4032 justa
1292 3976 1327 4013 a
1342 3963 1505 4032 parte
1525 3955 1638 4014 Dei
1657 3976 1784 4015 eam
1805 3957 2168 4017 decernentis
2190 3958 2250 4016 in
2268 3978 2514 4035 poenam,
2537 3967 2596 4017 et
2615 3960 2768 4030 vitu-

350 4033 607 4111 peranda
623 4041 683 4092 et
698 4033 917 4110 injusta
933 4055 968 4092 a
984 4042 1145 4111 parte
1162 4035 1414 4095 hominis
1432 4056 1559 4095 eam
1576 4037 1987 4097 committentis
2004 4046 2069 4096 ut
2085 4048 2404 4116 peccatum.
2489 4038 2769 4099 Nefandae

359 4113 639 4173 Gentium
664 4113 939 4173 libidines
962 4116 1139 4192 justae
1168 4125 1305 4175 sunt
1330 4125 1597 4194 respectu
1642 4117 1772 4193 Dei,
1803 4126 2091 4196 quatenus
2121 4119 2342 4178 Gentes
2375 4119 2493 4179 illis
2534 4118 2775 4179 tradidit

356 4193 421 4251 in
448 4194 757 4269 ἀντιμισθίαν
781 4206 1149 4271 peccatorum
1176 4196 1641 4274 praecedentium,
1673 4197 1830 4257 unde
1871 4197 2106 4258 additur
2131 4218 2232 4259 eos
2273 4202 2582 4277 oportuisse
2609 4201 2768 4259 illam

356 4274 497 4351 pati,
532 4274 636 4333 sed
676 4274 911 4334 fuerunt
951 4276 1184 4354 injustae
1224 4285 1489 4353 respectu
1533 4278 1830 4353 Gentium,
1860 4279 2015 4339 unde
2055 4279 2328 4340 dicuntur
2353 4280 2558 4341 fecisse
2599 4284 2666 4339 τὰ
2699 4284 2768 4357 μὲ

359 4356 650 4429 καθέηκα,
684 4375 808 4431 quae
852 4356 1075 4415 minime
1111 4358 1373 4433 oportuit.
1458 4356 1714 4435 August.
1761 4360 1894 4418 adv.
1940 4359 2122 4420 Julia.
2165 4360 2268 4420 lib.
2311 4380 2370 4420 v.
2414 4382 2538 4439 cap.
2571 4364 2625 4436 3,
2657 4363 2768 4421 hoc

356 4434 803 4513 Pelagianorum
832 4445 1238 4513 argumentum
1265 4436 1441 4495 refert
1468 4445 1528 4496 et
1556 4435 1783 4515 refellit,
1815 4439 1953 4499 dum
1985 4441 2068 4500 ait
2096 4442 2286 4500 Deum
2329 4441 2404 4499 ad
2444 4441 2768 4519 puniendos

356 4515 621 4575 homines
655 4515 884 4574 Satanae
926 4525 985 4576 et
1023 4517 1322 4579 hominum
1364 4517 1585 4577 malitia
1624 4519 1728 4595 uti,
1759 4539 1934 4598 quam
1974 4540 2144 4580 nemo
2183 4530 2378 4579 tamen
2416 4520 2770 4581 laudabilem

358 4594 607 4673 dixerit;
654 4595 793 4655 nim.
839 4596 1239 4655 admirabilem
1285 4597 1398 4656 Dei
1442 4598 1782 4675 sapientiam
1823 4620 1900 4659 ex
1940 4601 2194 4661 tenebris
2232 4602 2422 4660 lucem
2465 4620 2680 4677 cruere,
2713 4610 2772 4662 et

357 4684 753 4738 creaturarum
779 4685 1017 4757 peccata
1044 4677 1341 4739 materiam
1381 4677 1569 4740 facere
1604 4678 1959 4759 judiciorum
2001 4700 2253 4743 suorum.
2337 4680 2438 4770 Sic
2470 4691 2771 4761 peccatum

377 3694 559 3739 Fontes
600 3693 811 3740 Salutio-

532 3767 665 3805 num,
