3300 5225
266 300 501 351 qums-r.
534 280 671 364 νει]
1136 302 1216 343 ns
1246 300 1652 345 rnovmnum
1681 300 1802 345 nst.
2571 290 2686 347 467

260 462 307 501 a
332 442 551 503 Satana
570 450 951 519 excaecentur,
970 446 1007 505 2
1026 441 1231 506 Thess.
1252 444 1313 505 ii.
1338 445 1394 520 9,
1420 447 1513 521 11,
1540 449 1576 503 2
1590 446 1722 505 Cor.
1743 444 1824 505 iv.
1847 448 1904 521 4,
1928 444 2112 505 velut
2131 440 2479 521 Accusatore,
2505 466 2685 524 quum

262 523 805 663 Ξῖἓίὠῖῡὴῖωἱέἕ
811 523 1463 683 ἕὲᾮῗέἷῖἳῗένῗ
1471 525 1654 683 13:²⁰2}
1671 525 1864 667 ἶιῗὲιῗ
1883 524 2303 665 ἷῖῗιῑῆῗέἕᾶῑξὲὲ
2321 526 2682 667 ῗθζὲἓᾙ

440 644 456 661 .
550 646 567 663 .
636 646 655 677 ,

262 690 333 741 et
362 702 599 760 corpore
626 691 687 743 et
712 681 934 761 spiritu,
964 702 1080 761 quo
1108 702 1283 743 sensu
1308 684 1708 779 incestuosus-a
1737 685 1920 745 Paulo
1947 686 2198 747 tar-adim
2215 686 2467 763 satam,
2497 688 2527 744 1
2553 651 2686 745 Cor:

264 782 332 821 v·
360 762 829 905 ξξθιΙΙΗγὸἲΐέἴ
825 762 1323 905 gdtgiiiAbliei'ffi
1324 767 1455 921 1tigit
1468 764 1846 921 Tnmllrorlinigs,
1868 845 1967 905 vel
1991 854 2237 922 oxma,
2267 844 2548 905 tentando
2567 863 2686 920 cor,

265 920 451 981 modo
465 1002 478 1015 ⁶
490 943 594 1001 per
621 924 977 1002 objectorum
1014 923 1175 985 carni
1214 932 1511 1001 gratorum
1549 924 2018 1003 propositionem,
2059 934 2130 987 ut
2167 926 2244 985 ad
2289 925 2582 986 licentiam
2630 932 2691 985 et

268 1000 653 1063 rebellionem
680 1003 955 1081 impellat,
986 1012 1053 1064 ut
1080 1003 1272 1063 visum
1296 1003 1361 1065 in
1394 1003 1599 1082 primis
1632 1005 2006 1082 parentibus3
2049 1004 2224 1071 modo
2263 1025 2367 1084 per
2393 1004 2688 1065 calamita·

270 1088 405 1141 tum
432 1090 493 1142 et
517 1082 799 1143 malorum
826 1083 1257 1159 immissionem,
1286 1092 1355 1147 ut
1380 1083 1457 1143 ad
1483 1082 1943 1161 desperationem
1969 1084 2308 1163 praecipitet,
2339 1094 2404 1145 ut
2439 1083 2504 1143 in
2529 1084 2574 1145 J
2576 1084 2690 1145 obe

270 1169 339 1221 et
368 1162 499 1221 aliis
527 1163 931 1241 observatum3
971 1163 1087 1223 Vel
1114 1164 1345 1237 interne,
1367 1163 1430 1224 in
1456 1163 1822 1242 phantasiam
1842 1164 2087 1242 agendo,
2111 1173 2172 1223 et
2196 1184 2300 1243 per
2324 1164 2690 1243 phantasiam

272 1240 583 1303 afficiendo
610 1241 983 1318 inteHectum‚
1014 1243 1483 1321 phantasmatum
1508 1262 1710 1305 eorum
1735 1243 2242 1322 repraesentatione
2269 1264 2400 1322 quae
2425 1243 2690 1303 homines

276 1321 575 1398 seducere,
607 1331 667 1383 et
691 1322 931 1382 incitare
958 1322 1035 1382 ad
1060 1323 1295 1397 malum,
1326 1322 1424 1381 vel
1460 1342 1734 1383 revocare
1761 1342 1798 1382 a
1823 1323 1977 1382 bono
2003 1331 2263 1402 possunt,
2294 1324 2392 1384 vel
2418 1324 2691 1383 humores

268 1402 584 1477 movendO,
636 1410 697 1463 et
740 1421 845 1480 per
890 1402 1162 1463 humores
1207 1401 1498 1479 appetitus
1551 1404 1808 1480 corporis
1855 1403 2164 1463 excitando
2208 1402 2305 1463 vel
2345 1404 2422 1463 ad
2467 1402 2692 1463 inflam-

270 1480 549 1540 mandam
576 1481 895 1557 libidinem,
924 1481 1023 1543 vel
1046 1480 1126 1541 ad
1158 1480 1307 1543 iram
1332 1480 1752 1559 concitandam,
1793 1490 1854 1544 et
1888 1483 1965 1542 ad
1999 1482 2115 1542 alia
2152 1482 2434 1559 facienda,
2469 1502 2601 1560 quae
2636 1488 2693 1542 τὶ

264 1564 507 1637 θυμικὸν,
548 1562 649 1620 vel
693 1566 749 1621 τὶ
792 1562 1145 1638 ὶπιθυμκικὸυ,
1187 1580 1434 1639 quorum
1479 1580 1695 1639 magna
1742 1570 1832 1623 est
1871 1562 1966 1621 vis
1999 1562 2064 1621 in
2101 1563 2336 1625 homine
2375 1562 2696 1641 praesertim

272 1640 617 1797 {5333ssss
646 1641 1173 1783 {ffiffliffi
1198 1660 1399 1800 {3¹:33
1410 1640 2698 1802 {Ziffifffflfflsffiiiffupirfflffi‘issffi

2429 1766 2446 1799 2

278 1800 411 1860 xiii.
441 1804 479 1860 2
523 1804 620 1861 27.

455 1845 498 1957 ,’
750 1945 763 1959 ‚
892 1879 1145 1943 XVIII.
1164 1879 1379 1956 Tertio,
1406 1888 1617 1958 praeter
1646 1881 1879 1941 Satanoe
1904 1879 2292 1958 traditionem,
2323 1879 2495 1941 datur
2521 1881 2696 1942 etiam

276 1946 329 1994 8.
360 1945 421 1991 In
452 1948 650 2049 meg-na
672 1944 768 1993 ¹²⁰¹
806 1978 1221 2037 nonnunquam
1248 1960 1472 2021 interna
1498 1959 1766 2038 quaedam
1793 1960 1909 2020 Dei
1943 1960 2006 2019 in
2033 1961 2266 2021 homine
2291 1962 2566 2038 operatio,
2593 1982 2698 2039 per

382 2016 530 2063 090¹*
574 2016 679 2050 ⁰⁸⁶⁰
806 2058 983 2117 quam
1008 2039 1092 2115 fit,
1133 2047 1200 2099 ut
1224 2059 1261 2097 a
1289 2039 1419 2099 Deo
1444 2058 1545 2099 cor
1582 2038 1836 2099 hominis
1876 2039 2141 2101 flectatur
2180 2040 2257 2099 ad
2295 2041 2698 2101 executionem

278 2119 511 2181 consilii
538 2118 645 2195 sui,
675 2137 792 2197 quo
818 2116 1131 2197 respiciens
1162 2118 1395 2178 Salomo
1422 2117 1579 2195 dicit,
1613 2119 1788 2178 Prov.
1817 2118 1942 2179 xxi.
1976 2123 2030 2196 1,
2062 2122 2100 2153 “
2122 2120 2236 2180 Cor
2263 2120 2450 2199 Regis
2475 2138 2605 2180 esse
2635 2120 2699 2179 in

280 2210 461 2261 man‘u
489 2198 743 2274 Domini,
772 2207 839 2261 ut
862 2198 1013 2259 illud
1038 2198 1278 2260 inclinet
1302 2216 1647 2276 quocunque
1676 2198 1984 2259 voluerit.”
2067 2199 2148 2258 Et
2174 2198 2452 2277 Augusti.
2480 2198 2584 2258 lib.
2613 2199 2698 2259 iii.

282 2288 439 2340 cont.
469 2279 514 2340 J
514 2279 617 2339 uli.
647 2298 771 2357 cap.
802 2282 859 2356 3,
894 2280 930 2314 “
954 2280 1117 2338 Deus
1157 2285 1428 2356 operatur
1465 2278 1528 2337 in
1568 2277 1840 2337 cordibus
1881 2277 2178 2338 hominum
2219 2279 2296 2338 ad
2335 2278 2699 2339 inclinandas

282 2380 486 2421 eorum
512 2359 843 2419 voluntates
868 2377 1214 2437 quocunque
1240 2356 1509 2432 voluerit,
1538 2356 1666 2417 sive
1691 2356 1768 2417 ad
1807 2357 1962 2417 bona
1999 2377 2104 2436 pro
2141 2377 2249 2419 sua
2286 2357 2698 2435 misericordia,

284 2441 413 2501 sive
440 2438 518 2500 ad
542 2438 698 2499 mala
722 2456 828 2516 pro
863 2438 1086 2499 meritis
1112 2456 1330 2513 eorum,
1373 2436 1599 2515 judicio
1624 2437 1826 2515 utique
1855 2456 1978 2513 sue,
2007 2436 2321 2516 aliquando
2347 2458 2384 2498 a
2455 2446 2564 2515 rto,
2595 2438 2701 2497 ali-

285 2518 521 2598 quando
548 2519 794 2595 occulte,
825 2536 1051 2595 semper
1076 2525 1271 2579 tamen
1287 2518 1511 2595 justo.”
1597 2516 1733 2577 Hoc
1760 2535 1898 2575 vero
1925 2517 2052 2577 fieri
2075 2524 2285 2596 potest,
2313 2536 2388 2578 ve
2438 2518 2694 2597 objecto·

285 2621 415 2660 rum
442 2599 833 2679 propositione
858 2599 1103 2676 interna,
1130 2617 1263 2676 quae
1288 2604 1542 2658 mentem
1568 2604 1629 2656 et
1655 2597 2014 2658 voluntatem
2041 2618 2274 2658 movere
2313 2606 2575 2678 possunt,
2605 2596 2704 2658 vel

286 2680 705 2760 cogitationum
731 2678 1125 2758 impressione,
1154 2696 1287 2755 quae
1312 2676 1453 2736 licet
1476 2676 1645 2736 bonas
1673 2676 1792 2738 sint
1817 2677 1880 2736 in
1907 2697 1987 2754 se,
2017 2677 2080 2736 in
2105 2679 2322 2738 malum
2341 2687 2538 2738 tamen
2556 2678 2703 2738 vitio

284 2759 537 2822 hominis
566 2760 821 2837 corrupti
847 2765 1263 2822 convertuntur
1286 2775 1391 2836 per
1414 2754 1703 2818 accidens.
1789 2756 1888 2818 Sic
1927 2755 2132 2818 fratres
2157 2757 2203 2818 J
2203 2758 2408 2836 osephi
2443 2759 2705 2837 cogitant

290 2860 423 2900 eum
450 2841 632 2900 amari
658 2858 695 2899 a
718 2839 1075 2918 parentibus,
1103 2845 1165 2896 et
1204 2835 1507 2898 insomniis
1544 2836 1818 2896 honorari
1845 2857 1882 2896 a
1909 2837 2054 2913 Deo,
2085 2857 2218 2915 quse
2244 2837 2521 2916 eogitatio
2547 2839 2704 2898 bona

290 2920 415 2995 fuit,
438 2919 543 2980 sed
603 2939 681 2980 ua
698 2920 874 2998 impie
893 2918 1227 2994 abutuntur,
1251 2915 1391 2978 dum
1410 2934 1539 2976 eam
1560 2915 1955 2996 detorquendo
1975 2917 2052 2976 ad
2077 2915 2376 2994 invidiam,
2399 2917 2704 2978 consilium

292 3000 527 3076 capiunt
594 3019 627 3059 e
654 3019 724 3058 eo
744 2997 1024 3060 tollendo.
1083 2997 1310 3058 Pharao
1336 3005 1471 3076 post
1494 3005 1742 3058 mortem
1762 2997 1806 3056 J
1809 2997 2012 3075 osephi
2031 2995 2252 3074 cogitat
2271 2997 2706 3075 despiciendum

294 3097 436 3154 esse,
467 3097 541 3138 ne
561 3078 705 3154 quid
731 3075 1061 3138 detrimenti
1084 3076 1399 3154 Imperium
1423 3083 1756 3169 pateretur:
1800 3075 2091 3155 Cogitatio
2111 3077 2266 3137 bona
2283 3076 2410 3154 fuit,
2441 3085 2500 3138 et
2519 3097 2558 3136 a
2577 3078 2707 3136 Deo

294 3156 673 3236 proculdubio
688 3158 965 3234 immissa,
990 3155 1095 3216 sed
1151 3175 1243 3216 uae
1262 3155 1469 3216 incidit
1484 3157 1547 3216 in
1566 3157 1784 3216 malum
1804 3157 2078 3233 animum,
2092 3157 2196 3234 qui
2215 3177 2286 3216 ea
2304 3156 2381 3217 ad
2395 3156 2709 3236 perniciem

296 3237 495 3314 populi
520 3236 793 3297 abutitur.
878 3237 975 3296 Ita
1000 3255 1081 3312 qu
1188 3233 1460 3312 Caiaphae.
1486 3234 1549 3293 in
1573 3243 1828 3296 me'ntem
1846 3236 2026 3312 venit,
2057 3237 2100 3295 J
2104 3237 2198 3296 oh.
2227 3237 2310 3297 xi.
2341 3239 2438 3313 50,
2473 3239 2510 3272 ‘⁴
2529 3256 2706 3314 expe·

296 3316 418 3374 dire
446 3323 512 3376 ut
532 3334 682 3376 unus
702 3315 876 3374 homo
896 3313 1176 3374 moriatur
1200 3332 1307 3392 pro
1334 3313 1607 3390 populo,''
1629 3315 1848 3374 bonum
1867 3314 1994 3391 fuit,
2019 3315 2125 3374 sed
2149 3314 2398 3392 pessime
2419 3315 2710 3376 detortum

298 3395 371 3454 ad
410 3394 688 3456 nefariam
715 3394 933 3456 Christi
970 3391 1209 3454 casdem.
1291 3391 1538 3468 Rursus,
1583 3392 1746 3453 Deus
1785 3393 2010 3454 interne
2051 3393 2114 3452 in
2147 3394 2382 3454 homine
2421 3402 2710 3474 operatur,

298 3494 475 3552 quum
502 3473 641 3534 facit
666 3481 733 3535 ut
758 3473 991 3552 objecta
1016 3472 1183 3532 illum
1208 3471 1271 3532 in
1295 3471 1447 3530 hanc
1474 3470 1686 3550 potius,
1716 3491 1892 3548 quam
1919 3470 1982 3532 in
2021 3471 2182 3530 illam
2221 3481 2444 3551 partem
2485 3493 2710 3551 permo-

298 3561 491 3614 veant.
574 3553 723 3614 Cum
748 3554 903 3614 enim
928 3554 1103 3614 homo
1130 3569 1347 3630 pronus
1375 3551 1453 3610 sit
1478 3550 1555 3610 ad
1594 3550 1846 3628 quodvis
1871 3550 2108 3627 malum,
2136 3559 2338 3630 utpote
2363 3553 2467 3630 qui
2493 3553 2715 3611 semina

300 3632 555 3694 omnium
581 3633 855 3694 vitiorum
882 3633 945 3694 in
970 3651 1035 3692 se
1062 3631 1371 3705 contineat,
1392 3628 1550 3708 quod
1577 3638 1773 3690 tamen
1800 3629 1862 3688 in
1885 3630 1998 3690 hoc
2023 3631 2220 3722 potius
2245 3649 2422 3709 qnam
2461 3631 2526 3690 in
2565 3630 2714 3689 illud

302 3713 669 3792 propendeat,
712 3733 831 3772 non
858 3710 1094 3774 aliunde
1132 3711 1217 3786 fit,
1260 3727 1435 3787 quam
1476 3709 1706 3770 occulta
1734 3709 1848 3770 Dei
1885 3707 2270 3787 providentia,
2312 3709 2480 3770 illum
2518 3710 2714 3789 potius

302 3793 412 3852 huc
438 3811 613 3870 quam
652 3793 794 3853 illuc
834 3791 1205 3866 inclinantis;
1248 3808 1367 3848 non
1401 3807 1569 3850 secus
1596 3809 1668 3848 ac
1706 3787 1870 3848 rivus
1895 3788 2166 3849 deorsum
2192 3787 2396 3866 fluens,
2427 3789 2729 3867 aquilegis·

303 3872 584 3932 industria
608 3873 669 3934 in
706 3873 859 3932 hanc
897 3871 1091 3949 potius
1118 3889 1293 3948 quam
1333 3867 1397 3928 in
1436 3867 1599 3930 illam
1636 3877 1860 3948 putem
1887 3869 2278 3946 convertitur,
2322 3868 2584 3947 Cumque
2609 3869 2715 3927 ho·

303 3952 553 4012 minibus
594 3951 670 4012 ad
710 3951 1036 4012 nocendum
1075 3956 1314 4027 pateant
1352 3948 1551 4026 plures
1578 3948 1708 4024 vise,
1753 3948 1934 4024 Deus,
1977 3948 2203 4008 caeteris
2243 3947 2510 4025 occlusis,
2540 3965 2716 4007 unam

302 4039 555 4109 apertam
582 4031 729 4092 relin
769 4031 873 4107 uit,
904 4039 971 4092 ut
996 4029 1059 4090 in
1084 4029 1235 4090 hanc
1253 4037 1476 4108 partem
1502 4037 1880 4104 moveantur3
1923 4034 1990 4088 ut
2017 4028 2100 4086 ita
2123 4027 2372 4106 improbi
2399 4028 2721 4087 inserviant

304 4110 629 4171 executioni
647 4110 718 4189 ju
763 4111 1003 4173 'ciorum
1024 4127 1277 4184 suorum,
1302 4107 1535 4184 quando
1556 4107 1688 4168 vult
1713 4107 1787 4166 iis
1813 4106 1919 4183 uti,
1940 4107 2037 4168 vel
2057 4107 2134 4166 ad
2158 4105 2454 4186 punienda
2471 4107 2718 4185 alicujus

306 4191 534 4268 scelera,
564 4191 664 4250 vel
691 4189 768 4250 ad
794 4186 1211 4269 explorandam
1236 4186 1411 4248 fidem
1438 4187 1685 4267 piorum,
1708 4185 1807 4247 vel
1833 4185 1910 4246 ad
1935 4186 2346 4247 stimulandam
2375 4186 2720 4246 socordiam.

310 4271 483 4347 Cujus
544 4269 875 4348 exemplum
925 4267 1155 4345 insigne
1196 4266 1465 4343 occurrit,
1522 4267 1698 4327 Ezec.
1751 4266 1878 4326 xxi.
1934 4269 2152 4343 21-24,
2196 4267 2257 4326 in
2312 4265 2719 4328 Nebucadnet·

310 4368 429 4410 sare
485 4348 767 4410 adversus
820 4350 863 4408 J
866 4349 1111 4422 udaeam,
1166 4347 1364 4426 potius
1412 4365 1587 4424 quam
1631 4345 1966 4424 AEgyptum
2013 4346 2332 4406 exercitum
2378 4345 2720 4405 deducente.

312 4431 452 4489 Cum
479 4449 620 4506 ergo
647 4423 757 4504 his,
788 4437 849 4488 et
876 4428 1007 4488 aliis
1033 4427 1197 4488 miris
1224 4434 1287 4486 et
1312 4424 1704 4487 ineffabilibus
1729 4424 1920 4486 modis
1947 4424 2110 4486 Deus
2149 4427 2336 4504 possit
2373 4424 2437 4484 in
2475 4425 2720 4484 homini·

308 4508 415 4568 bus
443 4508 668 4587 operari
694 4507 771 4568 ad
797 4505 1143 4586 exequenda
1176 4505 1405 4586 judicia
1431 4526 1554 4584 sua,
1584 4526 1704 4566 non
1731 4504 1856 4566 sine
1881 4504 2104 4566 ratione
2130 4505 2348 4567 efficaci
2377 4504 2510 4566 Dei-
2528 4501 2722 4582 provi·

313 4587 517 4650 dentiae
544 4608 743 4649 eorum
772 4588 1031 4648 actiones
1060 4586 1408 4648 tribuuntur.
2275 4585 2282 4592 '
