<?xml version="1.0" encoding="UTF-8"?>
<!DOCTYPE html PUBLIC "-//W3C//DTD XHTML 1.0 Transitional//EN"
    "http://www.w3.org/TR/xhtml1/DTD/xhtml1-transitional.dtd">
<html xmlns="http://www.w3.org/1999/xhtml" xml:lang="en" lang="en">
 <head>
  <title>
</title>
<meta http-equiv="Content-Type" content="text/html;charset=utf-8" />
  <meta name='ocr-system' content='tesseract 3.04.00' />
  <meta name='ocr-capabilities' content='ocr_page ocr_carea ocr_par ocr_line ocrx_word'/>
</head>
<body>
  <div class='ocr_page' id='page_1' title='image "./institutiotheol00turrgoog_0130.png"; bbox 0 0 3300 5225; ppageno 0'>
   <div class='ocr_carea' id='block_1_1' title="bbox 534 334 2934 417">
    <p class='ocr_par' dir='ltr' id='par_1_1' title="bbox 534 334 2934 417">
     <span class='ocr_line' id='line_1_1' title="bbox 534 334 2934 417; baseline 0 -21"><span class='ocrx_word' id='word_1_1' title='bbox 534 342 609 402; x_wconf 76' lang='grc'><strong>78</strong></span> <span class='ocrx_word' id='word_1_2' title='bbox 1499 354 1684 397; x_wconf 70' lang='lat' dir='ltr'><strong>Locus</strong></span> <span class='ocrx_word' id='word_1_3' title='bbox 1712 346 2034 397; x_wconf 68' lang='lat' dir='ltr'><strong>secuunus.</strong></span> <span class='ocrx_word' id='word_1_4' title='bbox 2587 334 2843 417; x_wconf 61' lang='lat' dir='ltr'><strong>[eumer.</strong></span> <span class='ocrx_word' id='word_1_5' title='bbox 2874 352 2934 397; x_wconf 79' lang='lat' dir='ltr'><strong>v.</strong></span> 
     </span>
    </p>
   </div>
   <div class='ocr_carea' id='block_1_2' title="bbox 406 492 2935 4716">
    <p class='ocr_par' dir='ltr' id='par_1_2' title="bbox 500 492 2935 3040">
     <span class='ocr_line' id='line_1_2' title="bbox 526 492 2935 575; baseline -0.001 -16"><span class='ocrx_word' id='word_1_6' title='bbox 526 498 662 560; x_wconf 88' lang='lat' dir='ltr'><strong>dem</strong></span> <span class='ocrx_word' id='word_1_7' title='bbox 703 498 765 558; x_wconf 89' lang='lat' dir='ltr'><strong>in</strong></span> <span class='ocrx_word' id='word_1_8' title='bbox 814 505 1039 559; x_wconf 84' lang='lat' dir='ltr'><strong>textum</strong></span> <span class='ocrx_word' id='word_1_9' title='bbox 1082 496 1391 575; x_wconf 86' lang='lat' dir='ltr'><strong>irrepserit.</strong></span> <span class='ocrx_word' id='word_1_10' title='bbox 1476 492 1571 555; x_wconf 84' lang='lat' dir='ltr'><strong>Ita</strong></span> <span class='ocrx_word' id='word_1_11' title='bbox 1612 512 1731 553; x_wconf 88' lang='lat' dir='ltr'><strong>non</strong></span> <span class='ocrx_word' id='word_1_12' title='bbox 1762 494 2060 553; x_wconf 81' lang='lat' dir='ltr'><strong>Abraham</strong></span> <span class='ocrx_word' id='word_1_13' title='bbox 2100 492 2204 553; x_wconf 89' lang='lat' dir='ltr'><strong>sed</strong></span> <span class='ocrx_word' id='word_1_14' title='bbox 2244 492 2434 554; x_wconf 85' lang='lat' dir='ltr'><strong>Jacob</strong></span> <span class='ocrx_word' id='word_1_15' title='bbox 2477 494 2687 555; x_wconf 85' lang='lat' dir='ltr'><strong>dicitur</strong></span> <span class='ocrx_word' id='word_1_16' title='bbox 2727 497 2935 556; x_wconf 86' lang='lat' dir='ltr'><strong>emisse</strong></span> 
     </span>
     <span class='ocr_line' id='line_1_3' title="bbox 526 573 2930 657; baseline 0 -20"><span class='ocrx_word' id='word_1_17' title='bbox 526 580 684 639; x_wconf 81' lang='lat' dir='ltr'><strong>hunc</strong></span> <span class='ocrx_word' id='word_1_18' title='bbox 706 598 928 657; x_wconf 86' lang='lat' dir='ltr'><strong>agrum.</strong></span> <span class='ocrx_word' id='word_1_19' title='bbox 1015 576 1137 637; x_wconf 89' lang='lat' dir='ltr'><strong>Nec</strong></span> <span class='ocrx_word' id='word_1_20' title='bbox 1166 580 1221 653; x_wconf 89' lang='grc'><strong>2,</strong></span> <span class='ocrx_word' id='word_1_21' title='bbox 1256 575 1415 654; x_wconf 89' lang='lat' dir='ltr'><strong>quod</strong></span> <span class='ocrx_word' id='word_1_22' title='bbox 1443 575 1647 635; x_wconf 86' lang='lat' dir='ltr'><strong>Patres</strong></span> <span class='ocrx_word' id='word_1_23' title='bbox 1675 574 1947 634; x_wconf 86' lang='lat' dir='ltr'><strong>dicuntur</strong></span> <span class='ocrx_word' id='word_1_24' title='bbox 1986 573 2249 633; x_wconf 71' lang='lat' dir='ltr'><strong>translati</strong></span> <span class='ocrx_word' id='word_1_25' title='bbox 2291 574 2352 631; x_wconf 88' lang='lat' dir='ltr'><strong>in</strong></span> <span class='ocrx_word' id='word_1_26' title='bbox 2383 574 2630 652; x_wconf 88' lang='lat' dir='ltr'><strong>Siehem,</strong></span> <span class='ocrx_word' id='word_1_27' title='bbox 2662 596 2794 635; x_wconf 88' lang='lat' dir='ltr'><strong>cum</strong></span> <span class='ocrx_word' id='word_1_28' title='bbox 2821 577 2866 638; x_wconf 87' lang='lat' dir='ltr'><strong>J</strong></span> <span class='ocrx_word' id='word_1_29' title='bbox 2869 598 2930 637; x_wconf 92' lang='lat' dir='ltr'><strong>o-</strong></span> 
     </span>
     <span class='ocr_line' id='line_1_4' title="bbox 528 652 2930 737; baseline -0.001 -19"><span class='ocrx_word' id='word_1_30' title='bbox 528 660 744 737; x_wconf 86' lang='lat' dir='ltr'><strong>sephus</strong></span> <span class='ocrx_word' id='word_1_31' title='bbox 770 659 1001 735; x_wconf 85' lang='lat' dir='ltr'><strong>legatur</strong></span> <span class='ocrx_word' id='word_1_32' title='bbox 1026 664 1250 716; x_wconf 87' lang='lat' dir='ltr'><strong>tantum</strong></span> <span class='ocrx_word' id='word_1_33' title='bbox 1277 656 1361 714; x_wconf 92' lang='lat' dir='ltr'><strong>ibi</strong></span> <span class='ocrx_word' id='word_1_34' title='bbox 1388 656 1668 732; x_wconf 86' lang='lat' dir='ltr'><strong>sepultus.</strong></span> <span class='ocrx_word' id='word_1_35' title='bbox 1754 652 1904 713; x_wconf 88' lang='lat' dir='ltr'><strong>Nam</strong></span> <span class='ocrx_word' id='word_1_36' title='bbox 1930 654 2069 713; x_wconf 87' lang='lat' dir='ltr'><strong>licet</strong></span> <span class='ocrx_word' id='word_1_37' title='bbox 2099 652 2171 711; x_wconf 89' lang='lat' dir='ltr'><strong>de</strong></span> <span class='ocrx_word' id='word_1_38' title='bbox 2199 653 2324 712; x_wconf 86' lang='lat' dir='ltr'><strong>solo</strong></span> <span class='ocrx_word' id='word_1_39' title='bbox 2351 654 2395 713; x_wconf 87' lang='lat' dir='ltr'>J</span> <span class='ocrx_word' id='word_1_40' title='bbox 2399 656 2615 731; x_wconf 88' lang='lat' dir='ltr'><strong>osepho</strong></span> <span class='ocrx_word' id='word_1_41' title='bbox 2641 655 2746 715; x_wconf 89' lang='lat' dir='ltr'><strong>fiat</strong></span> <span class='ocrx_word' id='word_1_42' title='bbox 2771 676 2930 716; x_wconf 83' lang='lat' dir='ltr'><strong>men-</strong></span> 
     </span>
     <span class='ocr_line' id='line_1_5' title="bbox 528 732 2934 815; baseline -0.001 -17"><span class='ocrx_word' id='word_1_43' title='bbox 528 739 614 798; x_wconf 92' lang='lat' dir='ltr'><strong>tio</strong></span> <span class='ocrx_word' id='word_1_44' title='bbox 641 737 796 815; x_wconf 87' lang='lat' dir='ltr'><strong>apud</strong></span> <span class='ocrx_word' id='word_1_45' title='bbox 823 738 1068 812; x_wconf 90' lang='lat' dir='ltr'><strong>Mosem,</strong></span> <span class='ocrx_word' id='word_1_46' title='bbox 1098 737 1236 813; x_wconf 89' lang='lat' dir='ltr'><strong>quia</strong></span> <span class='ocrx_word' id='word_1_47' title='bbox 1262 735 1422 794; x_wconf 85' lang='lat' dir='ltr'><strong>solus</strong></span> <span class='ocrx_word' id='word_1_48' title='bbox 1458 744 1625 793; x_wconf 79' lang='lat' dir='ltr'><strong>vates</strong></span> <span class='ocrx_word' id='word_1_49' title='bbox 1650 742 1776 793; x_wconf 80' lang='lat' dir='ltr'><strong>erat</strong></span> <span class='ocrx_word' id='word_1_50' title='bbox 1802 742 1863 792; x_wconf 87' lang='lat' dir='ltr'><strong>et</strong></span> <span class='ocrx_word' id='word_1_51' title='bbox 1888 732 2287 791; x_wconf 79' lang='lat' dir='ltr'>liberationem</span> <span class='ocrx_word' id='word_1_52' title='bbox 2313 734 2598 810; x_wconf 69' lang='lat' dir='ltr'><strong>praevidit,</strong></span> <span class='ocrx_word' id='word_1_53' title='bbox 2635 744 2694 793; x_wconf 86' lang='lat' dir='ltr'><strong>et</strong></span> <span class='ocrx_word' id='word_1_54' title='bbox 2721 754 2798 795; x_wconf 84' lang='lat' dir='ltr'><strong>ex</strong></span> <span class='ocrx_word' id='word_1_55' title='bbox 2817 736 2934 795; x_wconf 86' lang='lat' dir='ltr'><strong>fide</strong></span> 
     </span>
     <span class='ocr_line' id='line_1_6' title="bbox 527 808 2930 895; baseline -0.001 -19"><span class='ocrx_word' id='word_1_56' title='bbox 527 818 713 895; x_wconf 88' lang='lat' dir='ltr'><strong>petiit,</strong></span> <span class='ocrx_word' id='word_1_57' title='bbox 744 824 811 876; x_wconf 89' lang='lat' dir='ltr'><strong>ut</strong></span> <span class='ocrx_word' id='word_1_58' title='bbox 838 836 972 875; x_wconf 89' lang='lat' dir='ltr'><strong>ossa</strong></span> <span class='ocrx_word' id='word_1_59' title='bbox 998 817 1059 873; x_wconf 90' lang='lat' dir='ltr'><strong>in</strong></span> <span class='ocrx_word' id='word_1_60' title='bbox 1088 816 1415 874; x_wconf 88' lang='lat' dir='ltr'><strong>Canaanem</strong></span> <span class='ocrx_word' id='word_1_61' title='bbox 1441 814 1902 887; x_wconf 75' lang='lat' dir='ltr'><strong>transferrentur,</strong></span> <span class='ocrx_word' id='word_1_62' title='bbox 1935 808 2118 871; x_wconf 90' lang='lat' dir='ltr'><strong>Hebr.</strong></span> <span class='ocrx_word' id='word_1_63' title='bbox 2149 812 2229 870; x_wconf 80' lang='lat' dir='ltr'><strong>xi.</strong></span> <span class='ocrx_word' id='word_1_64' title='bbox 2259 816 2356 887; x_wconf 98' lang='grc'><strong>22,</strong></span> <span class='ocrx_word' id='word_1_65' title='bbox 2387 812 2547 890; x_wconf 86' lang='lat' dir='ltr'><strong>quod</strong></span> <span class='ocrx_word' id='word_1_66' title='bbox 2571 823 2632 873; x_wconf 88' lang='lat' dir='ltr'><strong>et</strong></span> <span class='ocrx_word' id='word_1_67' title='bbox 2659 814 2816 873; x_wconf 83' lang='lat' dir='ltr'><strong>cavit</strong></span> <span class='ocrx_word' id='word_1_68' title='bbox 2835 817 2930 893; x_wconf 90' lang='lat' dir='ltr'><strong>ju-</strong></span> 
     </span>
     <span class='ocr_line' id='line_1_7' title="bbox 528 891 2930 971; baseline -0.001 -16"><span class='ocrx_word' id='word_1_69' title='bbox 528 905 806 970; x_wconf 85' lang='lat' dir='ltr'><strong>rament0,</strong></span> <span class='ocrx_word' id='word_1_70' title='bbox 838 897 990 955; x_wconf 84' lang='lat' dir='ltr'><strong>Gen.</strong></span> <span class='ocrx_word' id='word_1_71' title='bbox 1018 896 1059 955; x_wconf 91' lang='lat' dir='ltr'><strong>l.</strong></span> <span class='ocrx_word' id='word_1_72' title='bbox 1093 897 1189 971; x_wconf 86' lang='grc'><strong>28,</strong></span> <span class='ocrx_word' id='word_1_73' title='bbox 1226 892 1381 953; x_wconf 89' lang='lat' dir='ltr'><strong>unde</strong></span> <span class='ocrx_word' id='word_1_74' title='bbox 1408 900 1467 952; x_wconf 86' lang='lat' dir='ltr'><strong>et</strong></span> <span class='ocrx_word' id='word_1_75' title='bbox 1493 892 1604 951; x_wconf 89' lang='lat' dir='ltr'><strong>hoc</strong></span> <span class='ocrx_word' id='word_1_76' title='bbox 1642 892 1862 950; x_wconf 85' lang='lat' dir='ltr'><strong>narrari</strong></span> <span class='ocrx_word' id='word_1_77' title='bbox 1883 891 2153 969; x_wconf 88' lang='lat' dir='ltr'><strong>oportuit,</strong></span> <span class='ocrx_word' id='word_1_78' title='bbox 2182 891 2322 968; x_wconf 84' lang='lat' dir='ltr'><strong>quia</strong></span> <span class='ocrx_word' id='word_1_79' title='bbox 2349 910 2412 950; x_wconf 91' lang='lat' dir='ltr'><strong>se</strong></span> <span class='ocrx_word' id='word_1_80' title='bbox 2439 894 2550 950; x_wconf 87' lang='lat' dir='ltr'><strong>hoc</strong></span> <span class='ocrx_word' id='word_1_81' title='bbox 2577 892 2749 953; x_wconf 90' lang='lat' dir='ltr'><strong>modo</strong></span> <span class='ocrx_word' id='word_1_82' title='bbox 2771 895 2930 971; x_wconf 89' lang='lat' dir='ltr'><strong>jura-</strong></span> 
     </span>
     <span class='ocr_line' id='line_1_8' title="bbox 527 970 2934 1069; baseline 0 -35"><span class='ocrx_word' id='word_1_83' title='bbox 527 984 725 1034; x_wconf 83' lang='lat' dir='ltr'><strong>mento</strong></span> <span class='ocrx_word' id='word_1_84' title='bbox 750 976 1067 1034; x_wconf 85' lang='lat' dir='ltr'><strong>liberarunt</strong></span> <span class='ocrx_word' id='word_1_85' title='bbox 1096 974 1387 1048; x_wconf 70' lang='lat' dir='ltr'><strong>Israe&#39;litae,</strong></span> <span class='ocrx_word' id='word_1_86' title='bbox 1432 972 1620 1030; x_wconf 82' lang='lat' dir='ltr'><strong>Exod.</strong></span> <span class='ocrx_word' id='word_1_87' title='bbox 1650 970 1775 1029; x_wconf 79' lang='lat' dir='ltr'><strong>xiii.</strong></span> <span class='ocrx_word' id='word_1_88' title='bbox 1809 973 1902 1047; x_wconf 76' lang='lat'><strong>19,</strong></span> <span class='ocrx_word' id='word_1_89' title='bbox 1945 970 2134 1047; x_wconf 84' lang='lat' dir='ltr'><strong>potuit</strong></span> <span class='ocrx_word' id='word_1_90' title='bbox 2181 976 2376 1029; x_wconf 89' lang='lat' dir='ltr'><strong>tamen</strong></span> <span class='ocrx_word' id='word_1_91' title='bbox 2407 972 2736 1049; x_wconf 76' lang='lat' dir='ltr'><strong>Stephanus</strong></span> <span class='ocrx_word' id='word_1_92' title='bbox 2771 974 2934 1069; x_wconf 69' lang='lat' dir='ltr'><strong>loqui</strong></span> 
     </span>
     <span class='ocr_line' id='line_1_9' title="bbox 528 1049 2934 1209; baseline 0 -17"><span class='ocrx_word' id='word_1_93' title='bbox 528 1054 829 1193; x_wconf 45' lang='lat' dir='ltr'><strong>&amp;5¹⁰¹AE</strong></span> <span class='ocrx_word' id='word_1_94' title='bbox 859 1049 1657 1209; x_wconf 52' lang='lat' dir='ltr'><strong>332533323.t¹31¹¹¹}¹}5</strong></span> <span class='ocrx_word' id='word_1_95' title='bbox 1659 1051 1722 1188; x_wconf 43' lang='grc' dir='ltr'><strong>οὲ</strong></span> <span class='ocrx_word' id='word_1_96' title='bbox 1739 1050 2934 1209; x_wconf 48' lang='lat' dir='ltr'><strong>Wssuffifflssefflmffigsszffipiuffi</strong></span> 
     </span>
     <span class='ocr_line' id='line_1_10' title="bbox 526 1154 2928 1291; baseline 0 -20"><span class='ocrx_word' id='word_1_97' title='bbox 526 1212 600 1271; x_wconf 88' lang='lat' dir='ltr'><strong>de</strong></span> <span class='ocrx_word' id='word_1_98' title='bbox 628 1154 745 1271; x_wconf 60' lang='lat' dir='ltr'><strong>aldo</strong></span> <span class='ocrx_word' id='word_1_99' title='bbox 772 1212 1240 1291; x_wconf 53' lang='lat' dir='ltr'><strong>Juda01scariota</strong></span> <span class='ocrx_word' id='word_1_100' title='bbox 1260 1208 1618 1285; x_wconf 76' lang='lat' dir='ltr'><strong>intelligitur,</strong></span> <span class='ocrx_word' id='word_1_101' title='bbox 1650 1174 1752 1287; x_wconf 73' lang='lat' dir='ltr'><strong>qui</strong></span> <span class='ocrx_word' id='word_1_102' title='bbox 1781 1209 1940 1267; x_wconf 88' lang='lat' dir='ltr'><strong>solus</strong></span> <span class='ocrx_word' id='word_1_103' title='bbox 1967 1208 2377 1285; x_wconf 74' lang='lat' dir='ltr'><strong>indignabatur</strong></span> <span class='ocrx_word' id='word_1_104' title='bbox 2401 1206 2478 1267; x_wconf 90' lang='lat' dir='ltr'><strong>ob</strong></span> <span class='ocrx_word' id='word_1_105' title='bbox 2503 1210 2802 1287; x_wconf 84' lang='lat' dir='ltr'><strong>profusum</strong></span> <span class='ocrx_word' id='word_1_106' title='bbox 2822 1232 2928 1271; x_wconf 89' lang='lat' dir='ltr'><strong>un-</strong></span> 
     </span>
     <span class='ocr_line' id='line_1_11' title="bbox 523 1288 2930 1369; baseline 0 -18"><span class='ocrx_word' id='word_1_107' title='bbox 523 1300 821 1369; x_wconf 85' lang='lat' dir='ltr'><strong>guentum,</strong></span> <span class='ocrx_word' id='word_1_108' title='bbox 862 1298 929 1351; x_wconf 91' lang='lat' dir='ltr'><strong>ut</strong></span> <span class='ocrx_word' id='word_1_109' title='bbox 965 1291 1219 1368; x_wconf 85' lang='lat' dir='ltr'><strong>exponit,</strong></span> <span class='ocrx_word' id='word_1_110' title='bbox 1249 1290 1295 1350; x_wconf 87' lang='lat' dir='ltr'>J</span> <span class='ocrx_word' id='word_1_111' title='bbox 1294 1290 1389 1348; x_wconf 89' lang='lat' dir='ltr'><strong>oh.</strong></span> <span class='ocrx_word' id='word_1_112' title='bbox 1420 1288 1522 1348; x_wconf 84' lang='lat' dir='ltr'><strong>xii.</strong></span> <span class='ocrx_word' id='word_1_113' title='bbox 1558 1292 1649 1364; x_wconf 92' lang='lat'><strong>11,</strong></span> <span class='ocrx_word' id='word_1_114' title='bbox 1696 1297 1756 1347; x_wconf 90' lang='lat' dir='ltr'><strong>et</strong></span> <span class='ocrx_word' id='word_1_115' title='bbox 1797 1288 1967 1348; x_wconf 84' lang='lat' dir='ltr'><strong>Matt.</strong></span> <span class='ocrx_word' id='word_1_116' title='bbox 1999 1288 2184 1347; x_wconf 80' lang='lat' dir='ltr'><strong>xxvii.</strong></span> <span class='ocrx_word' id='word_1_117' title='bbox 2229 1292 2324 1364; x_wconf 83' lang='lat'><strong>44,</strong></span> <span class='ocrx_word' id='word_1_118' title='bbox 2365 1289 2618 1349; x_wconf 87' lang='lat' dir='ltr'><strong>latrones</strong></span> <span class='ocrx_word' id='word_1_119' title='bbox 2660 1288 2930 1351; x_wconf 86' lang='lat' dir='ltr'><strong>dicuntur</strong></span> 
     </span>
     <span class='ocr_line' id='line_1_12' title="bbox 522 1367 2926 1448; baseline 0 -19"><span class='ocrx_word' id='word_1_120' title='bbox 522 1371 825 1448; x_wconf 86' lang='lat' dir='ltr'><strong>obloquuti</strong></span> <span class='ocrx_word' id='word_1_121' title='bbox 864 1370 1095 1430; x_wconf 84' lang='lat' dir='ltr'><strong>Christo</strong></span> <span class='ocrx_word' id='word_1_122' title='bbox 1131 1370 1193 1427; x_wconf 89' lang='lat' dir='ltr'><strong>in</strong></span> <span class='ocrx_word' id='word_1_123' title='bbox 1230 1388 1417 1444; x_wconf 87' lang='lat' dir='ltr'><strong>cruce,</strong></span> <span class='ocrx_word' id='word_1_124' title='bbox 1447 1368 1605 1445; x_wconf 90' lang='lat' dir='ltr'><strong>quod</strong></span> <span class='ocrx_word' id='word_1_125' title='bbox 1643 1367 1721 1426; x_wconf 87' lang='lat' dir='ltr'><strong>ad</strong></span> <span class='ocrx_word' id='word_1_126' title='bbox 1757 1384 1937 1427; x_wconf 88' lang='lat' dir='ltr'><strong>unum</strong></span> <span class='ocrx_word' id='word_1_127' title='bbox 1963 1368 2246 1427; x_wconf 88' lang='lat' dir='ltr'><strong>latronem</strong></span> <span class='ocrx_word' id='word_1_128' title='bbox 2272 1368 2728 1445; x_wconf 84' lang='lat' dir='ltr'><strong>impoenitentem</strong></span> <span class='ocrx_word' id='word_1_129' title='bbox 2753 1372 2926 1430; x_wconf 89' lang='lat' dir='ltr'><strong>refer-</strong></span> 
     </span>
     <span class='ocr_line' id='line_1_13' title="bbox 522 1446 2930 1527; baseline 0 -18"><span class='ocrx_word' id='word_1_130' title='bbox 522 1458 633 1526; x_wconf 84' lang='lat' dir='ltr'><strong>tur,</strong></span> <span class='ocrx_word' id='word_1_131' title='bbox 664 1458 731 1510; x_wconf 88' lang='lat' dir='ltr'><strong>ut</strong></span> <span class='ocrx_word' id='word_1_132' title='bbox 760 1451 951 1510; x_wconf 83' lang='lat' dir='ltr'><strong>Lucas</strong></span> <span class='ocrx_word' id='word_1_133' title='bbox 976 1450 1231 1527; x_wconf 84' lang='lat' dir='ltr'><strong>explicat</strong></span> <span class='ocrx_word' id='word_1_134' title='bbox 1256 1446 1424 1506; x_wconf 81' lang='lat' dir='ltr'><strong>xxiii.</strong></span> <span class='ocrx_word' id='word_1_135' title='bbox 1456 1450 1552 1508; x_wconf 81' lang='lat'><strong>39.</strong></span> <span class='ocrx_word' id='word_1_136' title='bbox 1638 1446 1866 1506; x_wconf 81' lang='lat' dir='ltr'><strong>Deinde</strong></span> <span class='ocrx_word' id='word_1_137' title='bbox 1892 1448 2029 1507; x_wconf 88' lang='lat' dir='ltr'><strong>licet</strong></span> <span class='ocrx_word' id='word_1_138' title='bbox 2069 1464 2342 1525; x_wconf 77' lang='lat' dir='ltr'><strong>expresse</strong></span> <span class='ocrx_word' id='word_1_139' title='bbox 2368 1448 2480 1506; x_wconf 89' lang='lat' dir='ltr'><strong>hoc</strong></span> <span class='ocrx_word' id='word_1_140' title='bbox 2505 1468 2623 1507; x_wconf 89' lang='lat' dir='ltr'><strong>non</strong></span> <span class='ocrx_word' id='word_1_141' title='bbox 2650 1448 2930 1511; x_wconf 83' lang='lat' dir='ltr'><strong>indicavit</strong></span> 
     </span>
     <span class='ocr_line' id='line_1_14' title="bbox 522 1524 2926 1609; baseline 0 -22"><span class='ocrx_word' id='word_1_142' title='bbox 522 1529 739 1607; x_wconf 85' lang='lat' dir='ltr'><strong>Moses,</strong></span> <span class='ocrx_word' id='word_1_143' title='bbox 770 1529 916 1589; x_wconf 84' lang='lat' dir='ltr'><strong>alios</strong></span> <span class='ocrx_word' id='word_1_144' title='bbox 940 1537 1136 1589; x_wconf 84' lang='lat' dir='ltr'><strong>tamen</strong></span> <span class='ocrx_word' id='word_1_145' title='bbox 1162 1528 1369 1587; x_wconf 82' lang='lat' dir='ltr'><strong>fratres</strong></span> <span class='ocrx_word' id='word_1_146' title='bbox 1395 1527 1439 1586; x_wconf 85' lang='lat' dir='ltr'><strong>J</strong></span> <span class='ocrx_word' id='word_1_147' title='bbox 1442 1526 1643 1605; x_wconf 85' lang='lat' dir='ltr'><strong>osephi</strong></span> <span class='ocrx_word' id='word_1_148' title='bbox 1663 1525 1880 1585; x_wconf 87' lang='lat' dir='ltr'><strong>ibidem</strong></span> <span class='ocrx_word' id='word_1_149' title='bbox 1908 1527 2164 1604; x_wconf 88' lang='lat' dir='ltr'><strong>sepultos</strong></span> <span class='ocrx_word' id='word_1_150' title='bbox 2201 1526 2378 1586; x_wconf 87' lang='lat' dir='ltr'><strong>fuisse</strong></span> <span class='ocrx_word' id='word_1_151' title='bbox 2405 1526 2573 1587; x_wconf 79' lang='lat' dir='ltr'><strong>facile</strong></span> <span class='ocrx_word' id='word_1_152' title='bbox 2599 1524 2800 1607; x_wconf 80' lang='lat' dir='ltr'><strong>colligi</strong></span> <span class='ocrx_word' id='word_1_153' title='bbox 2823 1550 2926 1609; x_wconf 90' lang='lat' dir='ltr'><strong>po·</strong></span> 
     </span>
     <span class='ocr_line' id='line_1_15' title="bbox 520 1606 2926 1689; baseline 0 -21"><span class='ocrx_word' id='word_1_154' title='bbox 520 1618 653 1684; x_wconf 85' lang='lat' dir='ltr'><strong>test,</strong></span> <span class='ocrx_word' id='word_1_155' title='bbox 688 1609 827 1687; x_wconf 85' lang='lat' dir='ltr'><strong>quia</strong></span> <span class='ocrx_word' id='word_1_156' title='bbox 862 1627 966 1686; x_wconf 87' lang='lat' dir='ltr'><strong>par</strong></span> <span class='ocrx_word' id='word_1_157' title='bbox 990 1616 1116 1667; x_wconf 85' lang='lat' dir='ltr'><strong>erat</strong></span> <span class='ocrx_word' id='word_1_158' title='bbox 1141 1608 1289 1667; x_wconf 85' lang='lat' dir='ltr'><strong>ratio</strong></span> <span class='ocrx_word' id='word_1_159' title='bbox 1316 1607 1573 1666; x_wconf 88' lang='lat' dir='ltr'><strong>omnium</strong></span> <span class='ocrx_word' id='word_1_160' title='bbox 1603 1606 2064 1665; x_wconf 84' lang='lat' dir='ltr'><strong>Patriarcharum</strong></span> <span class='ocrx_word' id='word_1_161' title='bbox 2091 1606 2248 1683; x_wconf 86' lang='lat' dir='ltr'><strong>apud</strong></span> <span class='ocrx_word' id='word_1_162' title='bbox 2272 1606 2317 1667; x_wconf 86' lang='lat' dir='ltr'><strong>J</strong></span> <span class='ocrx_word' id='word_1_163' title='bbox 2319 1606 2532 1683; x_wconf 80' lang='lat' dir='ltr'><strong>udaeos,</strong></span> <span class='ocrx_word' id='word_1_164' title='bbox 2569 1607 2770 1667; x_wconf 84' lang='lat' dir='ltr'><strong>eadem</strong></span> <span class='ocrx_word' id='word_1_165' title='bbox 2797 1610 2926 1689; x_wconf 86' lang='lat' dir='ltr'><strong>dig-</strong></span> 
     </span>
     <span class='ocr_line' id='line_1_16' title="bbox 522 1685 2927 1765; baseline 0.002 -20"><span class='ocrx_word' id='word_1_166' title='bbox 522 1688 676 1748; x_wconf 88' lang='lat' dir='ltr'><strong>nitas</strong></span> <span class='ocrx_word' id='word_1_167' title='bbox 702 1696 763 1747; x_wconf 89' lang='lat' dir='ltr'><strong>et</strong></span> <span class='ocrx_word' id='word_1_168' title='bbox 788 1688 989 1747; x_wconf 88' lang='lat' dir='ltr'><strong>eadem</strong></span> <span class='ocrx_word' id='word_1_169' title='bbox 1018 1686 1284 1746; x_wconf 85' lang='lat' dir='ltr'><strong>omnibus</strong></span> <span class='ocrx_word' id='word_1_170' title='bbox 1312 1702 1503 1763; x_wconf 85' lang='lat' dir='ltr'><strong>causa,</strong></span> <span class='ocrx_word' id='word_1_171' title='bbox 1532 1700 1666 1763; x_wconf 77' lang='lat' dir='ltr'><strong>quse</strong></span> <span class='ocrx_word' id='word_1_172' title='bbox 1699 1686 2024 1763; x_wconf 87' lang='lat' dir='ltr'><strong>Josephum</strong></span> <span class='ocrx_word' id='word_1_173' title='bbox 2051 1685 2236 1745; x_wconf 83' lang='lat' dir='ltr'><strong>movit</strong></span> <span class='ocrx_word' id='word_1_174' title='bbox 2261 1694 2328 1745; x_wconf 87' lang='lat' dir='ltr'><strong>ut</strong></span> <span class='ocrx_word' id='word_1_175' title='bbox 2367 1686 2478 1745; x_wconf 93' lang='lat' dir='ltr'><strong>hoc</strong></span> <span class='ocrx_word' id='word_1_176' title='bbox 2513 1695 2750 1765; x_wconf 80' lang='lat' dir='ltr'><strong>peteret,</strong></span> <span class='ocrx_word' id='word_1_177' title='bbox 2780 1686 2927 1750; x_wconf 88' lang='lat' dir='ltr'><strong>fides</strong></span> 
     </span>
     <span class='ocr_line' id='line_1_17' title="bbox 520 1765 2927 1845; baseline 0.002 -20"><span class='ocrx_word' id='word_1_178' title='bbox 520 1768 584 1825; x_wconf 91' lang='lat' dir='ltr'><strong>in</strong></span> <span class='ocrx_word' id='word_1_179' title='bbox 609 1766 987 1845; x_wconf 73' lang='lat' dir='ltr'><strong>promissione</strong></span> <span class='ocrx_word' id='word_1_180' title='bbox 1017 1766 1145 1841; x_wconf 85' lang='lat' dir='ltr'><strong>Dei,</strong></span> <span class='ocrx_word' id='word_1_181' title='bbox 1175 1767 1493 1844; x_wconf 84' lang='lat' dir='ltr'><strong>proprietas</strong></span> <span class='ocrx_word' id='word_1_182' title='bbox 1520 1767 1581 1824; x_wconf 88' lang='lat' dir='ltr'><strong>in</strong></span> <span class='ocrx_word' id='word_1_183' title='bbox 1609 1774 1778 1842; x_wconf 85' lang='lat' dir='ltr'><strong>terra,</strong></span> <span class='ocrx_word' id='word_1_184' title='bbox 1808 1774 1869 1824; x_wconf 89' lang='lat' dir='ltr'><strong>et</strong></span> <span class='ocrx_word' id='word_1_185' title='bbox 1896 1782 2027 1843; x_wconf 86' lang='lat' dir='ltr'><strong>spes</strong></span> <span class='ocrx_word' id='word_1_186' title='bbox 2054 1765 2503 1825; x_wconf 86' lang='lat' dir='ltr'><strong>resurrectionis.</strong></span> <span class='ocrx_word' id='word_1_187' title='bbox 2563 1767 2651 1826; x_wconf 89' lang='lat' dir='ltr'><strong>Eo</strong></span> <span class='ocrx_word' id='word_1_188' title='bbox 2677 1769 2927 1845; x_wconf 85' lang='lat' dir='ltr'><strong>pertinet</strong></span> 
     </span>
     <span class='ocr_line' id='line_1_18' title="bbox 518 1842 2924 1923; baseline 0.001 -18"><span class='ocrx_word' id='word_1_189' title='bbox 518 1846 679 1923; x_wconf 89' lang='lat' dir='ltr'><strong>quod</strong></span> <span class='ocrx_word' id='word_1_190' title='bbox 704 1848 907 1906; x_wconf 78' lang='lat' dir='ltr'><strong>Hiero.</strong></span> <span class='ocrx_word' id='word_1_191' title='bbox 936 1847 997 1904; x_wconf 89' lang='lat' dir='ltr'><strong>in</strong></span> <span class='ocrx_word' id='word_1_192' title='bbox 1024 1846 1301 1923; x_wconf 67' lang='lat' dir='ltr'><strong>Epitapk.</strong></span> <span class='ocrx_word' id='word_1_193' title='bbox 1328 1846 1532 1904; x_wconf 72' lang='lat' dir='ltr'><strong>Pauloe</strong></span> <span class='ocrx_word' id='word_1_194' title='bbox 1556 1846 1732 1904; x_wconf 84' lang='lat' dir='ltr'><strong>refert</strong></span> <span class='ocrx_word' id='word_1_195' title='bbox 1771 1862 1899 1903; x_wconf 87' lang='lat' dir='ltr'><strong>eam</strong></span> <span class='ocrx_word' id='word_1_196' title='bbox 1925 1845 1987 1904; x_wconf 91' lang='lat' dir='ltr'><strong>in</strong></span> <span class='ocrx_word' id='word_1_197' title='bbox 2019 1844 2250 1904; x_wconf 86' lang='lat' dir='ltr'><strong>Sichem</strong></span> <span class='ocrx_word' id='word_1_198' title='bbox 2277 1842 2675 1923; x_wconf 79' lang='lat' dir='ltr'><strong>divertentem,</strong></span> <span class='ocrx_word' id='word_1_199' title='bbox 2706 1847 2924 1908; x_wconf 82' lang='lat' dir='ltr'><strong>vidisse</strong></span> 
     </span>
     <span class='ocr_line' id='line_1_19' title="bbox 515 1922 2922 2003; baseline 0.002 -20"><span class='ocrx_word' id='word_1_200' title='bbox 515 1925 733 1986; x_wconf 86' lang='lat' dir='ltr'><strong>ibidem</strong></span> <span class='ocrx_word' id='word_1_201' title='bbox 760 1926 1065 1985; x_wconf 86' lang='lat' dir='ltr'><strong>duodecim</strong></span> <span class='ocrx_word' id='word_1_202' title='bbox 1095 1926 1555 1985; x_wconf 79' lang='lat' dir='ltr'><strong>Patriarchanun</strong></span> <span class='ocrx_word' id='word_1_203' title='bbox 1584 1924 1920 2002; x_wconf 83' lang='lat' dir='ltr'><strong>sepulchra3</strong></span> <span class='ocrx_word' id='word_1_204' title='bbox 1963 1924 2123 2001; x_wconf 89' lang='lat' dir='ltr'><strong>quod</strong></span> <span class='ocrx_word' id='word_1_205' title='bbox 2147 1922 2540 1984; x_wconf 86' lang='lat' dir='ltr'><strong>testimonium</strong></span> <span class='ocrx_word' id='word_1_206' title='bbox 2559 1934 2759 2003; x_wconf 85' lang='lat' dir='ltr'><strong>utpote</strong></span> <span class='ocrx_word' id='word_1_207' title='bbox 2787 1946 2922 1988; x_wconf 91' lang='lat' dir='ltr'><strong>ocu-</strong></span> 
     </span>
     <span class='ocr_line' id='line_1_20' title="bbox 515 2004 2919 2085; baseline 0.002 -21"><span class='ocrx_word' id='word_1_208' title='bbox 515 2004 622 2064; x_wconf 89' lang='lat' dir='ltr'><strong>lati</strong></span> <span class='ocrx_word' id='word_1_209' title='bbox 662 2005 827 2065; x_wconf 86' lang='lat' dir='ltr'><strong>testis</strong></span> <span class='ocrx_word' id='word_1_210' title='bbox 868 2006 1101 2065; x_wconf 86' lang='lat' dir='ltr'><strong>videtur</strong></span> <span class='ocrx_word' id='word_1_211' title='bbox 1139 2004 1558 2082; x_wconf 72' lang='lat' dir='ltr'><strong>praeferendum</strong></span> <span class='ocrx_word' id='word_1_212' title='bbox 1598 2004 1930 2065; x_wconf 86' lang='lat' dir='ltr'><strong>testimonio</strong></span> <span class='ocrx_word' id='word_1_213' title='bbox 1955 2005 2207 2081; x_wconf 63' lang='lat' dir='ltr'><strong>Josaphi,</strong></span> <span class='ocrx_word' id='word_1_214' title='bbox 2278 2004 2340 2063; x_wconf 87' lang='lat' dir='ltr'><strong>ui</strong></span> <span class='ocrx_word' id='word_1_215' title='bbox 2378 2004 2528 2063; x_wconf 91' lang='lat' dir='ltr'><strong>libro</strong></span> <span class='ocrx_word' id='word_1_216' title='bbox 2566 2009 2603 2064; x_wconf 87' lang='grc'>2</span> <span class='ocrx_word' id='word_1_217' title='bbox 2634 2005 2838 2085; x_wconf 87' lang='lat' dir='ltr'><strong>Antiq.</strong></span> <span class='ocrx_word' id='word_1_218' title='bbox 2867 2028 2919 2068; x_wconf 89' lang='lat' dir='ltr'><strong>c.</strong></span> 
     </span>
     <span class='ocr_line' id='line_1_21' title="bbox 515 2024 2920 2163; baseline 0.002 -21"><span class='ocrx_word' id='word_1_219' title='bbox 515 2084 595 2143; x_wconf 81' lang='lat' dir='ltr'><strong>iv.</strong></span> <span class='ocrx_word' id='word_1_220' title='bbox 638 2085 817 2145; x_wconf 88' lang='lat' dir='ltr'><strong>tradit</strong></span> <span class='ocrx_word' id='word_1_221' title='bbox 860 2084 1227 2144; x_wconf 87' lang='lat' dir='ltr'><strong>Patriarchas</strong></span> <span class='ocrx_word' id='word_1_222' title='bbox 1270 2084 1545 2143; x_wconf 87' lang='lat' dir='ltr'><strong>Hebrone</strong></span> <span class='ocrx_word' id='word_1_223' title='bbox 1588 2086 1845 2161; x_wconf 84' lang='lat' dir='ltr'><strong>sepultos</strong></span> <span class='ocrx_word' id='word_1_224' title='bbox 1887 2083 2082 2143; x_wconf 88' lang='lat' dir='ltr'><strong>fuisse.</strong></span> <span class='ocrx_word' id='word_1_225' title='bbox 2165 2086 2222 2143; x_wconf 83' lang='grc'><strong>8.</strong></span> <span class='ocrx_word' id='word_1_226' title='bbox 2237 2024 2386 2142; x_wconf 43' lang='grc' dir='ltr'><strong>ίὲῖοιι</strong></span> <span class='ocrx_word' id='word_1_227' title='bbox 2427 2084 2621 2145; x_wconf 87' lang='lat' dir='ltr'><strong>obstat</strong></span> <span class='ocrx_word' id='word_1_228' title='bbox 2661 2086 2819 2163; x_wconf 87' lang='lat' dir='ltr'><strong>quod</strong></span> <span class='ocrx_word' id='word_1_229' title='bbox 2857 2089 2920 2147; x_wconf 90' lang='lat' dir='ltr'><strong>in</strong></span> 
     </span>
     <span class='ocr_line' id='line_1_22' title="bbox 511 2162 2922 2243; baseline 0.001 -20"><span class='ocrx_word' id='word_1_230' title='bbox 511 2171 681 2223; x_wconf 81' lang='lat' dir='ltr'><strong>textu</strong></span> <span class='ocrx_word' id='word_1_231' title='bbox 700 2184 817 2223; x_wconf 90' lang='lat' dir='ltr'><strong>non</strong></span> <span class='ocrx_word' id='word_1_232' title='bbox 844 2170 1007 2224; x_wconf 83' lang='lat' dir='ltr'><strong>extat</strong></span> <span class='ocrx_word' id='word_1_233' title='bbox 1033 2166 1229 2223; x_wconf 74' lang='lat' dir='ltr'><strong>Patris</strong></span> <span class='ocrx_word' id='word_1_234' title='bbox 1248 2164 1482 2239; x_wconf 74' lang='lat' dir='ltr'><strong>Sichem,</strong></span> <span class='ocrx_word' id='word_1_235' title='bbox 1512 2172 1579 2222; x_wconf 87' lang='lat' dir='ltr'><strong>ut</strong></span> <span class='ocrx_word' id='word_1_236' title='bbox 1605 2164 1868 2238; x_wconf 90' lang='lat' dir='ltr'><strong>habetur,</strong></span> <span class='ocrx_word' id='word_1_237' title='bbox 1901 2164 2050 2223; x_wconf 85' lang='lat' dir='ltr'><strong>Gen.</strong></span> <span class='ocrx_word' id='word_1_238' title='bbox 2081 2162 2289 2223; x_wconf 78' lang='lat' dir='ltr'><strong>xxxiii.</strong></span> <span class='ocrx_word' id='word_1_239' title='bbox 2317 2166 2420 2239; x_wconf 90' lang='grc'><strong>29,</strong></span> <span class='ocrx_word' id='word_1_240' title='bbox 2451 2164 2555 2222; x_wconf 88' lang='lat' dir='ltr'><strong>sed</strong></span> <span class='ocrx_word' id='word_1_241' title='bbox 2583 2164 2922 2243; x_wconf 89' lang='lat' dir='ltr'><strong>simpliciter</strong></span> 
     </span>
     <span class='ocr_line' id='line_1_23' title="bbox 509 2240 2918 2323; baseline 0.001 -22"><span class='ocrx_word' id='word_1_242' title='bbox 509 2250 599 2303; x_wconf 70' lang='grc' dir='ltr'><strong>πῢ</strong></span> <span class='ocrx_word' id='word_1_243' title='bbox 625 2246 825 2321; x_wconf 67' lang='grc' dir='ltr'><strong>Συχὲμ.</strong></span> <span class='ocrx_word' id='word_1_244' title='bbox 870 2244 925 2303; x_wconf 88' lang='lat' dir='ltr'>N</span> <span class='ocrx_word' id='word_1_245' title='bbox 927 2264 1020 2303; x_wconf 88' lang='lat' dir='ltr'><strong>am</strong></span> <span class='ocrx_word' id='word_1_246' title='bbox 1047 2250 1203 2315; x_wconf 85' lang='lat' dir='ltr'><strong>recte</strong></span> <span class='ocrx_word' id='word_1_247' title='bbox 1232 2244 1589 2321; x_wconf 83' lang='lat' dir='ltr'><strong>subintelligi</strong></span> <span class='ocrx_word' id='word_1_248' title='bbox 1616 2252 1808 2321; x_wconf 87' lang='lat' dir='ltr'><strong>potest</strong></span> <span class='ocrx_word' id='word_1_249' title='bbox 1834 2260 2044 2302; x_wconf 87' lang='lat' dir='ltr'><strong>nomen</strong></span> <span class='ocrx_word' id='word_1_250' title='bbox 2075 2240 2281 2319; x_wconf 89' lang='lat' dir='ltr'><strong>Patris,</strong></span> <span class='ocrx_word' id='word_1_251' title='bbox 2307 2252 2373 2302; x_wconf 87' lang='lat' dir='ltr'><strong>ut</strong></span> <span class='ocrx_word' id='word_1_252' title='bbox 2399 2242 2538 2302; x_wconf 88' lang='lat' dir='ltr'><strong>alibi</strong></span> <span class='ocrx_word' id='word_1_253' title='bbox 2559 2262 2674 2302; x_wconf 90' lang='lat' dir='ltr'><strong>non</strong></span> <span class='ocrx_word' id='word_1_254' title='bbox 2704 2248 2918 2323; x_wconf 78' lang='lat' dir='ltr'><strong>semel;</strong></span> 
     </span>
     <span class='ocr_line' id='line_1_24' title="bbox 506 2322 2917 2408; baseline 0.002 -27"><span class='ocrx_word' id='word_1_255' title='bbox 506 2332 575 2381; x_wconf 87' lang='lat' dir='ltr'><strong>ut</strong></span> <span class='ocrx_word' id='word_1_256' title='bbox 594 2324 734 2383; x_wconf 83' lang='lat' dir='ltr'><strong>Luc.</strong></span> <span class='ocrx_word' id='word_1_257' title='bbox 765 2324 887 2383; x_wconf 82' lang='lat' dir='ltr'><strong>xiv.</strong></span> <span class='ocrx_word' id='word_1_258' title='bbox 912 2326 1004 2399; x_wconf 90' lang='lat'><strong>10,</strong></span> <span class='ocrx_word' id='word_1_259' title='bbox 1034 2322 1239 2383; x_wconf 75' lang='lat' dir='ltr'><strong>Maria</strong></span> <span class='ocrx_word' id='word_1_260' title='bbox 1264 2324 1483 2399; x_wconf 78' lang='lat' dir='ltr'><strong>Jacobi,</strong></span> <span class='ocrx_word' id='word_1_261' title='bbox 1514 2323 1577 2382; x_wconf 89' lang='lat' dir='ltr'><strong>id</strong></span> <span class='ocrx_word' id='word_1_262' title='bbox 1604 2332 1696 2383; x_wconf 86' lang='lat' dir='ltr'><strong>est</strong></span> <span class='ocrx_word' id='word_1_263' title='bbox 1721 2322 1934 2383; x_wconf 88' lang='lat' dir='ltr'><strong>Jacobi</strong></span> <span class='ocrx_word' id='word_1_264' title='bbox 1961 2331 2161 2382; x_wconf 86' lang='lat' dir='ltr'><strong>mater.</strong></span> <span class='ocrx_word' id='word_1_265' title='bbox 2225 2322 2480 2381; x_wconf 65' lang='grc' dir='ltr'><strong>Ηενοᾱο.</strong></span> <span class='ocrx_word' id='word_1_266' title='bbox 2508 2324 2729 2401; x_wconf 68' lang='lat' dir='ltr'><strong>Thalia,</strong></span> <span class='ocrx_word' id='word_1_267' title='bbox 2761 2332 2917 2408; x_wconf 60' lang='lat'><strong>¹⁴⁶&amp;</strong></span> 
     </span>
     <span class='ocr_line' id='line_1_25' title="bbox 506 2402 2916 2481; baseline 0.001 -21"><span class='ocrx_word' id='word_1_268' title='bbox 506 2405 532 2460; x_wconf 77' lang='grc' dir='ltr'><strong>ο·</strong></span> <span class='ocrx_word' id='word_1_269' title='bbox 562 2403 851 2477; x_wconf 66' lang='grc' dir='ltr'><strong>Καμβῦσω</strong></span> <span class='ocrx_word' id='word_1_270' title='bbox 881 2404 1066 2480; x_wconf 68' lang='lat' dir='ltr'><strong>Cyme</strong></span> <span class='ocrx_word' id='word_1_271' title='bbox 1097 2404 1384 2479; x_wconf 47' lang='lat' dir='ltr'><strong>Cambysu&amp;</strong></span> <span class='ocrx_word' id='word_1_272' title='bbox 1424 2403 1647 2464; x_wconf 88' lang='lat' dir='ltr'><strong>scilicet</strong></span> <span class='ocrx_word' id='word_1_273' title='bbox 1677 2403 1887 2479; x_wconf 80' lang='lat' dir='ltr'><strong>Pater3</strong></span> <span class='ocrx_word' id='word_1_274' title='bbox 1929 2404 2115 2462; x_wconf 78' lang='lat' dir='ltr'><strong>AEzia.</strong></span> <span class='ocrx_word' id='word_1_275' title='bbox 2154 2402 2257 2462; x_wconf 91' lang='lat' dir='ltr'><strong>lib.</strong></span> <span class='ocrx_word' id='word_1_276' title='bbox 2287 2402 2411 2461; x_wconf 86' lang='lat' dir='ltr'><strong>xiii.</strong></span> <span class='ocrx_word' id='word_1_277' title='bbox 2441 2405 2538 2462; x_wconf 86' lang='lat'><strong>30.</strong></span> <span class='ocrx_word' id='word_1_278' title='bbox 2583 2410 2862 2481; x_wconf 65' lang='grc' dir='ltr'><strong>ολυμπαὶς</strong></span> <span class='ocrx_word' id='word_1_279' title='bbox 2889 2409 2916 2469; x_wconf 70' lang='grc' dir='ltr'><strong><em>ὁ</em></strong></span> 
     </span>
     <span class='ocr_line' id='line_1_26' title="bbox 506 2480 2911 2562; baseline 0.002 -22"><span class='ocrx_word' id='word_1_280' title='bbox 506 2482 733 2555; x_wconf 57' lang='lat' dir='ltr'><strong>Antan)</strong></span> <span class='ocrx_word' id='word_1_281' title='bbox 760 2510 815 2542; x_wconf 80' lang='grc' dir='ltr'><strong>ου</strong></span> <span class='ocrx_word' id='word_1_282' title='bbox 848 2484 1139 2559; x_wconf 73' lang='lat' dir='ltr'><strong>Olympias</strong></span> <span class='ocrx_word' id='word_1_283' title='bbox 1166 2484 1494 2541; x_wconf 76' lang='lat' dir='ltr'><strong>Alexandri</strong></span> <span class='ocrx_word' id='word_1_284' title='bbox 1516 2490 1658 2560; x_wconf 86' lang='lat' dir='ltr'><strong>puta</strong></span> <span class='ocrx_word' id='word_1_285' title='bbox 1689 2490 1892 2543; x_wconf 88' lang='lat' dir='ltr'><strong>mater.</strong></span> <span class='ocrx_word' id='word_1_286' title='bbox 1955 2482 2220 2559; x_wconf 89' lang='lat' dir='ltr'><strong>Denique</strong></span> <span class='ocrx_word' id='word_1_287' title='bbox 2247 2502 2356 2541; x_wconf 90' lang='lat' dir='ltr'><strong>nec</strong></span> <span class='ocrx_word' id='word_1_288' title='bbox 2383 2480 2591 2561; x_wconf 85' lang='lat' dir='ltr'><strong>obstat,</strong></span> <span class='ocrx_word' id='word_1_289' title='bbox 2623 2485 2779 2562; x_wconf 82' lang='lat' dir='ltr'><strong>quod</strong></span> <span class='ocrx_word' id='word_1_290' title='bbox 2807 2487 2850 2546; x_wconf 85' lang='lat' dir='ltr'>J</span> <span class='ocrx_word' id='word_1_291' title='bbox 2853 2508 2911 2545; x_wconf 88' lang='lat' dir='ltr'><strong>a·</strong></span> 
     </span>
     <span class='ocr_line' id='line_1_27' title="bbox 504 2560 2910 2641; baseline 0.002 -19"><span class='ocrx_word' id='word_1_292' title='bbox 504 2563 687 2623; x_wconf 89' lang='lat' dir='ltr'><strong>oobus</strong></span> <span class='ocrx_word' id='word_1_293' title='bbox 776 2564 927 2623; x_wconf 88' lang='lat' dir='ltr'><strong>citur</strong></span> <span class='ocrx_word' id='word_1_294' title='bbox 952 2562 1161 2621; x_wconf 80' lang='lat' dir='ltr'><strong>emisse</strong></span> <span class='ocrx_word' id='word_1_295' title='bbox 1188 2580 1393 2640; x_wconf 89' lang='lat' dir='ltr'><strong>agrum</strong></span> <span class='ocrx_word' id='word_1_296' title='bbox 1416 2572 1635 2622; x_wconf 79' lang='lat' dir='ltr'><strong>eentum</strong></span> <span class='ocrx_word' id='word_1_297' title='bbox 1675 2563 1838 2640; x_wconf 67' lang='lat' dir='ltr'><strong>aquia</strong></span> <span class='ocrx_word' id='word_1_298' title='bbox 1865 2562 2020 2641; x_wconf 86' lang='lat' dir='ltr'><strong>apud</strong></span> <span class='ocrx_word' id='word_1_299' title='bbox 2049 2560 2293 2641; x_wconf 86' lang='lat' dir='ltr'><strong>Mosem,</strong></span> <span class='ocrx_word' id='word_1_300' title='bbox 2337 2561 2492 2640; x_wconf 88' lang='lat' dir='ltr'><strong>apud</strong></span> <span class='ocrx_word' id='word_1_301' title='bbox 2521 2562 2739 2624; x_wconf 85' lang='lat' dir='ltr'><strong>Lucam</strong></span> <span class='ocrx_word' id='word_1_302' title='bbox 2768 2584 2910 2626; x_wconf 89' lang='lat' dir='ltr'><strong>vero</strong></span> 
     </span>
     <span class='ocr_line' id='line_1_28' title="bbox 504 2641 2910 2720; baseline 0.002 -19"><span class='ocrx_word' id='word_1_303' title='bbox 504 2659 648 2720; x_wconf 86' lang='lat' dir='ltr'><strong>ager</strong></span> <span class='ocrx_word' id='word_1_304' title='bbox 689 2650 918 2720; x_wconf 88' lang='lat' dir='ltr'><strong>emptus</strong></span> <span class='ocrx_word' id='word_1_305' title='bbox 966 2641 1177 2701; x_wconf 88' lang='lat' dir='ltr'><strong>dicitur</strong></span> <span class='ocrx_word' id='word_1_306' title='bbox 1212 2643 1404 2718; x_wconf 80' lang='lat' dir='ltr'><strong>pretio</strong></span> <span class='ocrx_word' id='word_1_307' title='bbox 1447 2643 1686 2719; x_wconf 66' lang='lat' dir='ltr'><strong>argenti.</strong></span> <span class='ocrx_word' id='word_1_308' title='bbox 1782 2644 1932 2702; x_wconf 86' lang='lat' dir='ltr'><strong>Nam</strong></span> <span class='ocrx_word' id='word_1_309' title='bbox 1979 2662 2098 2701; x_wconf 81' lang='lat' dir='ltr'><strong>vox</strong></span> <span class='ocrx_word' id='word_1_310' title='bbox 2147 2663 2310 2720; x_wconf 60' lang='lat' dir='ltr'><strong>new</strong></span> <span class='ocrx_word' id='word_1_311' title='bbox 2349 2661 2466 2701; x_wconf 91' lang='lat' dir='ltr'><strong>non</strong></span> <span class='ocrx_word' id='word_1_312' title='bbox 2513 2644 2705 2704; x_wconf 86' lang='lat' dir='ltr'><strong>minus</strong></span> <span class='ocrx_word' id='word_1_313' title='bbox 2751 2665 2910 2706; x_wconf 78' lang='lat' dir='ltr'><strong>num·</strong></span> 
     </span>
     <span class='ocr_line' id='line_1_29' title="bbox 502 2720 2910 2806; baseline 0.001 -26"><span class='ocrx_word' id='word_1_314' title='bbox 502 2741 657 2780; x_wconf 79' lang='lat' dir='ltr'><strong>mum</strong></span> <span class='ocrx_word' id='word_1_315' title='bbox 692 2739 867 2799; x_wconf 83' lang='lat' dir='ltr'><strong>quam</strong></span> <span class='ocrx_word' id='word_1_316' title='bbox 907 2741 1117 2798; x_wconf 68' lang='lat' dir='ltr'><strong>aymam</strong></span> <span class='ocrx_word' id='word_1_317' title='bbox 1144 2729 1324 2797; x_wconf 89' lang='lat' dir='ltr'><strong>notat,</strong></span> <span class='ocrx_word' id='word_1_318' title='bbox 1356 2722 1495 2798; x_wconf 87' lang='lat' dir='ltr'><strong>quia</strong></span> <span class='ocrx_word' id='word_1_319' title='bbox 1532 2720 1752 2781; x_wconf 87' lang='lat' dir='ltr'><strong>nummi</strong></span> <span class='ocrx_word' id='word_1_320' title='bbox 1781 2731 1904 2782; x_wconf 89' lang='lat' dir='ltr'><strong>tum</strong></span> <span class='ocrx_word' id='word_1_321' title='bbox 1947 2721 2324 2800; x_wconf 89' lang='lat' dir='ltr'><strong>signabantur</strong></span> <span class='ocrx_word' id='word_1_322' title='bbox 2363 2722 2616 2800; x_wconf 77' lang='lat' dir='ltr'><strong>imagine</strong></span> <span class='ocrx_word' id='word_1_323' title='bbox 2658 2725 2813 2806; x_wconf 82' lang='lat' dir='ltr'><strong>agni,</strong></span> <span class='ocrx_word' id='word_1_324' title='bbox 2844 2737 2910 2787; x_wconf 82' lang='lat' dir='ltr'><strong>ut</strong></span> 
     </span>
     <span class='ocr_line' id='line_1_30' title="bbox 502 2801 2908 2883; baseline 0.002 -24"><span class='ocrx_word' id='word_1_325' title='bbox 502 2801 642 2860; x_wconf 90' lang='lat' dir='ltr'><strong>olim</strong></span> <span class='ocrx_word' id='word_1_326' title='bbox 670 2801 858 2860; x_wconf 89' lang='lat' dir='ltr'><strong>omnis</strong></span> <span class='ocrx_word' id='word_1_327' title='bbox 885 2802 1131 2878; x_wconf 87' lang='lat' dir='ltr'><strong>pecunia</strong></span> <span class='ocrx_word' id='word_1_328' title='bbox 1166 2801 1433 2878; x_wconf 74' lang='lat' dir='ltr'><strong>gestabat</strong></span> <span class='ocrx_word' id='word_1_329' title='bbox 1458 2801 1698 2879; x_wconf 89' lang='lat' dir='ltr'><strong>pecudis</strong></span> <span class='ocrx_word' id='word_1_330' title='bbox 1736 2802 2066 2880; x_wconf 79' lang='lat' dir='ltr'><strong>imaginem,</strong></span> <span class='ocrx_word' id='word_1_331' title='bbox 2097 2803 2236 2879; x_wconf 83' lang='lat' dir='ltr'><strong>quia</strong></span> <span class='ocrx_word' id='word_1_332' title='bbox 2272 2811 2405 2860; x_wconf 88' lang='lat' dir='ltr'><strong>ante</strong></span> <span class='ocrx_word' id='word_1_333' title='bbox 2433 2821 2698 2863; x_wconf 87' lang='lat' dir='ltr'><strong>nummos</strong></span> <span class='ocrx_word' id='word_1_334' title='bbox 2736 2823 2908 2883; x_wconf 81' lang='lat' dir='ltr'><strong>pecu-</strong></span> 
     </span>
     <span class='ocr_line' id='line_1_31' title="bbox 500 2880 2912 2963; baseline 0.002 -23"><span class='ocrx_word' id='word_1_335' title='bbox 500 2880 673 2940; x_wconf 85' lang='lat' dir='ltr'><strong>dibus</strong></span> <span class='ocrx_word' id='word_1_336' title='bbox 700 2881 1073 2940; x_wconf 88' lang='lat' dir='ltr'><strong>mercimonia</strong></span> <span class='ocrx_word' id='word_1_337' title='bbox 1102 2881 1618 2941; x_wconf 79' lang='lat' dir='ltr'><strong>commutabantur.</strong></span> <span class='ocrx_word' id='word_1_338' title='bbox 1703 2881 1857 2941; x_wconf 86' lang='lat' dir='ltr'><strong>Vide</strong></span> <span class='ocrx_word' id='word_1_339' title='bbox 1884 2883 2132 2941; x_wconf 69' lang='lat' dir='ltr'><strong>Radices</strong></span> <span class='ocrx_word' id='word_1_340' title='bbox 2160 2881 2232 2941; x_wconf 91' lang='lat' dir='ltr'><strong>R.</strong></span> <span class='ocrx_word' id='word_1_341' title='bbox 2266 2881 2340 2940; x_wconf 91' lang='lat' dir='ltr'><strong>D.</strong></span> <span class='ocrx_word' id='word_1_342' title='bbox 2371 2881 2451 2941; x_wconf 92' lang='lat' dir='ltr'><strong>K.</strong></span> <span class='ocrx_word' id='word_1_343' title='bbox 2481 2881 2542 2940; x_wconf 86' lang='lat' dir='ltr'><strong>in</strong></span> <span class='ocrx_word' id='word_1_344' title='bbox 2569 2901 2714 2944; x_wconf 83' lang='lat' dir='ltr'><strong>voce</strong></span> <span class='ocrx_word' id='word_1_345' title='bbox 2748 2905 2912 2963; x_wconf 63' lang='lat' dir='ltr'><strong>vnn-vop</strong></span> 
     </span>
     <span class='ocr_line' id='line_1_32' title="bbox 500 2959 2270 3040; baseline 0 -20"><span class='ocrx_word' id='word_1_346' title='bbox 500 2969 561 3020; x_wconf 87' lang='lat' dir='ltr'><strong>et</strong></span> <span class='ocrx_word' id='word_1_347' title='bbox 587 2963 836 3020; x_wconf 79' lang='lat' dir='ltr'><strong>Buaetor.</strong></span> <span class='ocrx_word' id='word_1_348' title='bbox 867 2962 1077 3020; x_wconf 76' lang='lat' dir='ltr'><strong>Dictio.</strong></span> <span class='ocrx_word' id='word_1_349' title='bbox 1111 2961 1334 3036; x_wconf 67' lang='lat' dir='ltr'><strong>Chald„</strong></span> <span class='ocrx_word' id='word_1_350' title='bbox 1366 2963 1615 3020; x_wconf 73' lang='lat' dir='ltr'><strong>Bockar.</strong></span> <span class='ocrx_word' id='word_1_351' title='bbox 1646 2961 1876 3021; x_wconf 73' lang='lat' dir='ltr'><strong>Hieros.</strong></span> <span class='ocrx_word' id='word_1_352' title='bbox 1904 2983 1962 3040; x_wconf 88' lang='lat' dir='ltr'><strong>p.</strong></span> <span class='ocrx_word' id='word_1_353' title='bbox 1991 2963 2129 3038; x_wconf 83' lang='lat'><strong>436,</strong></span> <span class='ocrx_word' id='word_1_354' title='bbox 2162 2959 2270 3020; x_wconf 73' lang='grc' dir='ltr'><strong>ἀο.</strong></span> 
     </span>
    </p>

    <p class='ocr_par' dir='ltr' id='par_1_3' title="bbox 492 3039 2907 3838">
     <span class='ocr_line' id='line_1_33' title="bbox 584 3039 2907 3120; baseline 0.002 -22"><span class='ocrx_word' id='word_1_355' title='bbox 584 3039 880 3099; x_wconf 89' lang='lat' dir='ltr'><strong>XXXII.</strong></span> <span class='ocrx_word' id='word_1_356' title='bbox 928 3040 1105 3099; x_wconf 84' lang='lat' dir='ltr'><strong>Nulla</strong></span> <span class='ocrx_word' id='word_1_357' title='bbox 1144 3047 1235 3099; x_wconf 87' lang='lat' dir='ltr'><strong>est</strong></span> <span class='ocrx_word' id='word_1_358' title='bbox 1274 3040 1652 3100; x_wconf 74' lang='lat' dir='ltr'><strong>contradictio</strong></span> <span class='ocrx_word' id='word_1_359' title='bbox 1693 3041 1844 3100; x_wconf 86' lang='lat' dir='ltr'><strong>inter</strong></span> <span class='ocrx_word' id='word_1_360' title='bbox 1884 3045 1920 3100; x_wconf 92' lang='grc'>2</span> <span class='ocrx_word' id='word_1_361' title='bbox 1958 3041 2088 3101; x_wconf 86' lang='lat' dir='ltr'><strong>Cor.</strong></span> <span class='ocrx_word' id='word_1_362' title='bbox 2133 3039 2213 3100; x_wconf 78' lang='lat' dir='ltr'><strong>xi.</strong></span> <span class='ocrx_word' id='word_1_363' title='bbox 2244 3044 2300 3116; x_wconf 83' lang='lat'><strong>4,</strong></span> <span class='ocrx_word' id='word_1_364' title='bbox 2339 3049 2401 3100; x_wconf 83' lang='lat' dir='ltr'><strong>et</strong></span> <span class='ocrx_word' id='word_1_365' title='bbox 2443 3040 2576 3101; x_wconf 84' lang='lat' dir='ltr'><strong>Gal.</strong></span> <span class='ocrx_word' id='word_1_366' title='bbox 2606 3041 2644 3102; x_wconf 83' lang='lat' dir='ltr'><strong>i.</strong></span> <span class='ocrx_word' id='word_1_367' title='bbox 2669 3043 2724 3120; x_wconf 91' lang='lat'><strong>8,</strong></span> <span class='ocrx_word' id='word_1_368' title='bbox 2769 3043 2907 3120; x_wconf 85' lang='lat' dir='ltr'><strong>quia</strong></span> 
     </span>
     <span class='ocr_line' id='line_1_34' title="bbox 498 3117 2907 3198; baseline 0.002 -22"><span class='ocrx_word' id='word_1_369' title='bbox 498 3119 561 3177; x_wconf 90' lang='lat' dir='ltr'><strong>in</strong></span> <span class='ocrx_word' id='word_1_370' title='bbox 588 3120 703 3178; x_wconf 86' lang='lat' dir='ltr'><strong>isto</strong></span> <span class='ocrx_word' id='word_1_371' title='bbox 729 3136 847 3178; x_wconf 89' lang='lat' dir='ltr'><strong>non</strong></span> <span class='ocrx_word' id='word_1_372' title='bbox 874 3121 1041 3180; x_wconf 69' lang='lat' dir='ltr'><strong>aliud</strong></span> <span class='ocrx_word' id='word_1_373' title='bbox 1074 3117 1287 3179; x_wconf 86' lang='lat' dir='ltr'><strong>dicitur</strong></span> <span class='ocrx_word' id='word_1_374' title='bbox 1313 3121 1692 3196; x_wconf 71' lang='lat' dir='ltr'><strong>Evanyelium</strong></span> <span class='ocrx_word' id='word_1_375' title='bbox 1717 3139 1846 3180; x_wconf 88' lang='lat' dir='ltr'><strong>esse</strong></span> <span class='ocrx_word' id='word_1_376' title='bbox 1873 3121 2062 3198; x_wconf 86' lang='lat' dir='ltr'><strong>reipsa</strong></span> <span class='ocrx_word' id='word_1_377' title='bbox 2087 3128 2147 3180; x_wconf 88' lang='lat' dir='ltr'><strong>et</strong></span> <span class='ocrx_word' id='word_1_378' title='bbox 2179 3119 2371 3198; x_wconf 87' lang='lat' dir='ltr'><strong>quoad</strong></span> <span class='ocrx_word' id='word_1_379' title='bbox 2405 3121 2708 3181; x_wconf 79' lang='lat' dir='ltr'><strong>veritatem</strong></span> <span class='ocrx_word' id='word_1_380' title='bbox 2735 3123 2810 3182; x_wconf 89' lang='lat' dir='ltr'><strong>ab</strong></span> <span class='ocrx_word' id='word_1_381' title='bbox 2835 3143 2907 3181; x_wconf 89' lang='lat' dir='ltr'><strong>eo</strong></span> 
     </span>
     <span class='ocr_line' id='line_1_35' title="bbox 498 3197 2904 3280; baseline 0.001 -23"><span class='ocrx_word' id='word_1_382' title='bbox 498 3198 657 3276; x_wconf 89' lang='lat' dir='ltr'><strong>quod</strong></span> <span class='ocrx_word' id='word_1_383' title='bbox 684 3199 990 3276; x_wconf 87' lang='lat' dir='ltr'><strong>Apostolis</strong></span> <span class='ocrx_word' id='word_1_384' title='bbox 1017 3197 1127 3259; x_wconf 83' lang='lat' dir='ltr'><strong>fuit</strong></span> <span class='ocrx_word' id='word_1_385' title='bbox 1152 3197 1561 3277; x_wconf 72' lang='lat' dir='ltr'><strong>praedicatum:</strong></span> <span class='ocrx_word' id='word_1_386' title='bbox 1614 3199 1734 3259; x_wconf 88' lang='lat' dir='ltr'><strong>Sed</strong></span> <span class='ocrx_word' id='word_1_387' title='bbox 1761 3201 1822 3258; x_wconf 92' lang='lat' dir='ltr'><strong>in</strong></span> <span class='ocrx_word' id='word_1_388' title='bbox 1848 3201 1951 3259; x_wconf 90' lang='lat' dir='ltr'><strong>illo</strong></span> <span class='ocrx_word' id='word_1_389' title='bbox 1977 3209 2202 3260; x_wconf 79' lang='lat' dir='ltr'><strong>tantum</strong></span> <span class='ocrx_word' id='word_1_390' title='bbox 2231 3219 2306 3259; x_wconf 85' lang='lat' dir='ltr'><strong>ex</strong></span> <span class='ocrx_word' id='word_1_391' title='bbox 2333 3201 2644 3277; x_wconf 86' lang='lat' dir='ltr'><strong>hypothesi</strong></span> <span class='ocrx_word' id='word_1_392' title='bbox 2669 3221 2773 3280; x_wconf 90' lang='lat' dir='ltr'><strong>per</strong></span> <span class='ocrx_word' id='word_1_393' title='bbox 2799 3201 2904 3260; x_wconf 88' lang='lat' dir='ltr'><strong>im-</strong></span> 
     </span>
     <span class='ocr_line' id='line_1_36' title="bbox 497 3278 2906 3358; baseline 0.002 -22"><span class='ocrx_word' id='word_1_394' title='bbox 497 3278 791 3356; x_wconf 85' lang='lat' dir='ltr'><strong>possibile,</strong></span> <span class='ocrx_word' id='word_1_395' title='bbox 822 3297 938 3338; x_wconf 90' lang='lat' dir='ltr'><strong>non</strong></span> <span class='ocrx_word' id='word_1_396' title='bbox 965 3278 1123 3356; x_wconf 88' lang='lat' dir='ltr'><strong>quod</strong></span> <span class='ocrx_word' id='word_1_397' title='bbox 1152 3279 1321 3338; x_wconf 78' lang='lat' dir='ltr'><strong>detur</strong></span> <span class='ocrx_word' id='word_1_398' title='bbox 1347 3297 1565 3355; x_wconf 83' lang='lat' dir='ltr'><strong>revera,</strong></span> <span class='ocrx_word' id='word_1_399' title='bbox 1596 3281 1696 3338; x_wconf 84' lang='lat' dir='ltr'><strong>vel</strong></span> <span class='ocrx_word' id='word_1_400' title='bbox 1723 3280 1848 3339; x_wconf 90' lang='lat' dir='ltr'><strong>dari</strong></span> <span class='ocrx_word' id='word_1_401' title='bbox 1874 3281 2073 3358; x_wconf 86' lang='lat' dir='ltr'><strong>possit,</strong></span> <span class='ocrx_word' id='word_1_402' title='bbox 2105 3279 2211 3339; x_wconf 88' lang='lat' dir='ltr'><strong>sed</strong></span> <span class='ocrx_word' id='word_1_403' title='bbox 2237 3287 2302 3339; x_wconf 89' lang='lat' dir='ltr'><strong>ut</strong></span> <span class='ocrx_word' id='word_1_404' title='bbox 2335 3297 2564 3340; x_wconf 89' lang='lat' dir='ltr'><strong>omnem</strong></span> <span class='ocrx_word' id='word_1_405' title='bbox 2591 3283 2906 3342; x_wconf 84' lang='lat' dir='ltr'><strong>Corinthiis</strong></span> 
     </span>
     <span class='ocr_line' id='line_1_37' title="bbox 497 3358 2904 3437; baseline 0.002 -20"><span class='ocrx_word' id='word_1_406' title='bbox 497 3358 933 3419; x_wconf 80' lang='lat' dir='ltr'><strong>excusationem</strong></span> <span class='ocrx_word' id='word_1_407' title='bbox 962 3359 1180 3418; x_wconf 84' lang='lat' dir='ltr'><strong>adimat</strong></span> <span class='ocrx_word' id='word_1_408' title='bbox 1206 3358 1266 3416; x_wconf 89' lang='lat' dir='ltr'><strong>in</strong></span> <span class='ocrx_word' id='word_1_409' title='bbox 1294 3358 1533 3418; x_wconf 85' lang='lat' dir='ltr'><strong>levitate</strong></span> <span class='ocrx_word' id='word_1_410' title='bbox 1552 3379 1728 3436; x_wconf 83' lang='lat' dir='ltr'><strong>quam</strong></span> <span class='ocrx_word' id='word_1_411' title='bbox 1754 3359 2140 3420; x_wconf 80' lang='lat' dir='ltr'><strong>ostendebant</strong></span> <span class='ocrx_word' id='word_1_412' title='bbox 2176 3360 2235 3418; x_wconf 89' lang='lat' dir='ltr'><strong>in</strong></span> <span class='ocrx_word' id='word_1_413' title='bbox 2264 3359 2608 3437; x_wconf 84' lang='lat' dir='ltr'><strong>recipiendis</strong></span> <span class='ocrx_word' id='word_1_414' title='bbox 2647 3361 2904 3422; x_wconf 86' lang='lat' dir='ltr'><strong>Pseudo·</strong></span> 
     </span>
     <span class='ocr_line' id='line_1_38' title="bbox 498 3435 2906 3517; baseline 0.002 -21"><span class='ocrx_word' id='word_1_415' title='bbox 498 3435 829 3515; x_wconf 85' lang='lat' dir='ltr'><strong>Apostolis;</strong></span> <span class='ocrx_word' id='word_1_416' title='bbox 873 3455 931 3517; x_wconf 86' lang='lat' dir='ltr'><strong>q.</strong></span> <span class='ocrx_word' id='word_1_417' title='bbox 949 3438 1008 3497; x_wconf 90' lang='lat' dir='ltr'><strong>d.</strong></span> <span class='ocrx_word' id='word_1_418' title='bbox 1044 3437 1216 3498; x_wconf 60' lang='lat' dir='ltr'><strong>Si‘ita</strong></span> <span class='ocrx_word' id='word_1_419' title='bbox 1236 3447 1390 3497; x_wconf 82' lang='lat' dir='ltr'><strong>esset</strong></span> <span class='ocrx_word' id='word_1_420' title='bbox 1416 3446 1482 3498; x_wconf 87' lang='lat' dir='ltr'><strong>ut</strong></span> <span class='ocrx_word' id='word_1_421' title='bbox 1508 3439 1643 3516; x_wconf 90' lang='lat' dir='ltr'><strong>quis</strong></span> <span class='ocrx_word' id='word_1_422' title='bbox 1676 3439 1752 3497; x_wconf 87' lang='lat' dir='ltr'><strong>ad</strong></span> <span class='ocrx_word' id='word_1_423' title='bbox 1779 3459 1885 3499; x_wconf 85' lang='lat' dir='ltr'><strong>vos</strong></span> <span class='ocrx_word' id='word_1_424' title='bbox 1925 3440 2166 3499; x_wconf 78' lang='lat' dir='ltr'><strong>veniens</strong></span> <span class='ocrx_word' id='word_1_425' title='bbox 2205 3439 2385 3498; x_wconf 86' lang='lat' dir='ltr'><strong>alium</strong></span> <span class='ocrx_word' id='word_1_426' title='bbox 2409 3439 2619 3498; x_wconf 85' lang='lat' dir='ltr'><strong>Jesum</strong></span> <span class='ocrx_word' id='word_1_427' title='bbox 2645 3447 2707 3500; x_wconf 84' lang='lat' dir='ltr'><strong>et</strong></span> <span class='ocrx_word' id='word_1_428' title='bbox 2747 3441 2906 3501; x_wconf 87' lang='lat' dir='ltr'><strong>aliud</strong></span> 
     </span>
     <span class='ocr_line' id='line_1_39' title="bbox 496 3516 2903 3596; baseline 0.001 -20"><span class='ocrx_word' id='word_1_429' title='bbox 496 3517 887 3596; x_wconf 77' lang='lat' dir='ltr'><strong>Evangelium</strong></span> <span class='ocrx_word' id='word_1_430' title='bbox 913 3517 1224 3596; x_wconf 86' lang='lat' dir='ltr'><strong>perfectius</strong></span> <span class='ocrx_word' id='word_1_431' title='bbox 1250 3516 1452 3578; x_wconf 86' lang='lat' dir='ltr'><strong>afferre</strong></span> <span class='ocrx_word' id='word_1_432' title='bbox 1479 3519 1747 3596; x_wconf 88' lang='lat' dir='ltr'><strong>potuerit,</strong></span> <span class='ocrx_word' id='word_1_433' title='bbox 1777 3527 1932 3579; x_wconf 87' lang='lat' dir='ltr'><strong>recte</strong></span> <span class='ocrx_word' id='word_1_434' title='bbox 1959 3517 2340 3578; x_wconf 84' lang='lat' dir='ltr'><strong>admitteretis</strong></span> <span class='ocrx_word' id='word_1_435' title='bbox 2379 3525 2440 3578; x_wconf 89' lang='lat' dir='ltr'><strong>et</strong></span> <span class='ocrx_word' id='word_1_436' title='bbox 2478 3517 2701 3578; x_wconf 71' lang='lat' dir='ltr'><strong>ferretis</strong></span> <span class='ocrx_word' id='word_1_437' title='bbox 2727 3521 2903 3579; x_wconf 86' lang='lat' dir='ltr'><strong>talem</strong></span> 
     </span>
     <span class='ocr_line' id='line_1_40' title="bbox 493 3597 2905 3678; baseline 0.002 -22"><span class='ocrx_word' id='word_1_438' title='bbox 493 3597 853 3676; x_wconf 88' lang='lat' dir='ltr'><strong>magistrum,</strong></span> <span class='ocrx_word' id='word_1_439' title='bbox 882 3598 1053 3658; x_wconf 90' lang='lat' dir='ltr'><strong>nobis</strong></span> <span class='ocrx_word' id='word_1_440' title='bbox 1080 3598 1441 3676; x_wconf 82' lang='lat' dir='ltr'><strong>contemptis.</strong></span> <span class='ocrx_word' id='word_1_441' title='bbox 1490 3597 1609 3658; x_wconf 85' lang='lat' dir='ltr'><strong>Sed</strong></span> <span class='ocrx_word' id='word_1_442' title='bbox 1636 3617 1768 3658; x_wconf 88' lang='lat' dir='ltr'><strong>cnm</strong></span> <span class='ocrx_word' id='word_1_443' title='bbox 1789 3601 1900 3660; x_wconf 91' lang='lat' dir='ltr'><strong>hoc</strong></span> <span class='ocrx_word' id='word_1_444' title='bbox 1929 3599 2006 3659; x_wconf 85' lang='lat' dir='ltr'><strong>sit</strong></span> <span class='ocrx_word' id='word_1_445' title='bbox 2043 3600 2276 3678; x_wconf 86' lang='lat' dir='ltr'><strong>penitus</strong></span> <span class='ocrx_word' id='word_1_446' title='bbox 2303 3598 2672 3676; x_wconf 87' lang='lat' dir='ltr'><strong>impossibile,</strong></span> <span class='ocrx_word' id='word_1_447' title='bbox 2701 3607 2769 3660; x_wconf 85' lang='lat' dir='ltr'><strong>nt</strong></span> <span class='ocrx_word' id='word_1_448' title='bbox 2794 3615 2905 3660; x_wconf 79' lang='lat' dir='ltr'><strong>vos</strong></span> 
     </span>
     <span class='ocr_line' id='line_1_41' title="bbox 493 3678 2902 3773; baseline 0.001 -38"><span class='ocrx_word' id='word_1_449' title='bbox 493 3678 827 3755; x_wconf 83' lang='lat' dir='ltr'><strong>agnoscitis,</strong></span> <span class='ocrx_word' id='word_1_450' title='bbox 871 3697 978 3738; x_wconf 90' lang='lat' dir='ltr'><strong>nec</strong></span> <span class='ocrx_word' id='word_1_451' title='bbox 1019 3679 1133 3773; x_wconf 81' lang='lat' dir='ltr'><strong>ipsi</strong></span> <span class='ocrx_word' id='word_1_452' title='bbox 1162 3678 1697 3756; x_wconf 77' lang='lat' dir='ltr'><strong>Pseudo-Apostoli</strong></span> <span class='ocrx_word' id='word_1_453' title='bbox 1723 3679 1954 3740; x_wconf 81' lang='lat' dir='ltr'><strong>diffiteri</strong></span> <span class='ocrx_word' id='word_1_454' title='bbox 1992 3687 2252 3758; x_wconf 86' lang='lat' dir='ltr'><strong>possunt,</strong></span> <span class='ocrx_word' id='word_1_455' title='bbox 2283 3697 2401 3738; x_wconf 87' lang='lat' dir='ltr'><strong>non</strong></span> <span class='ocrx_word' id='word_1_456' title='bbox 2427 3681 2672 3758; x_wconf 82' lang='lat' dir='ltr'><strong>potestis</strong></span> <span class='ocrx_word' id='word_1_457' title='bbox 2697 3679 2774 3740; x_wconf 86' lang='lat' dir='ltr'><strong>ad</strong></span> <span class='ocrx_word' id='word_1_458' title='bbox 2799 3697 2902 3741; x_wconf 84' lang='lat' dir='ltr'><strong>ex-</strong></span> 
     </span>
     <span class='ocr_line' id='line_1_42' title="bbox 492 3759 1794 3838; baseline 0.002 -21"><span class='ocrx_word' id='word_1_459' title='bbox 492 3759 849 3817; x_wconf 82' lang='lat' dir='ltr'><strong>cusationem</strong></span> <span class='ocrx_word' id='word_1_460' title='bbox 874 3765 1055 3818; x_wconf 76' lang='lat' dir='ltr'><strong>vestri</strong></span> <span class='ocrx_word' id='word_1_461' title='bbox 1082 3759 1393 3838; x_wconf 86' lang='lat' dir='ltr'><strong>quicquam</strong></span> <span class='ocrx_word' id='word_1_462' title='bbox 1420 3759 1794 3838; x_wconf 70' lang='lat' dir='ltr'><strong>praetendere.</strong></span> 
     </span>
    </p>

    <p class='ocr_par' dir='ltr' id='par_1_4' title="bbox 406 3835 2902 4716">
     <span class='ocr_line' id='line_1_43' title="bbox 574 3835 2896 3918; baseline 0.002 -24"><span class='ocrx_word' id='word_1_463' title='bbox 574 3835 904 3896; x_wconf 86' lang='lat' dir='ltr'><strong>XXXIII.</strong></span> <span class='ocrx_word' id='word_1_464' title='bbox 950 3838 1116 3898; x_wconf 90' lang='lat' dir='ltr'><strong>Licet</strong></span> <span class='ocrx_word' id='word_1_465' title='bbox 1148 3843 1178 3896; x_wconf 93' lang='lat'>1</span> <span class='ocrx_word' id='word_1_466' title='bbox 1213 3839 1360 3917; x_wconf 65' lang='lat' dir='ltr'><strong>Reg.</strong></span> <span class='ocrx_word' id='word_1_467' title='bbox 1391 3839 1448 3916; x_wconf 76' lang='lat'><strong>8,</strong></span> <span class='ocrx_word' id='word_1_468' title='bbox 1479 3842 1536 3916; x_wconf 81' lang='lat'><strong>9,</strong></span> <span class='ocrx_word' id='word_1_469' title='bbox 1566 3839 1796 3899; x_wconf 85' lang='lat' dir='ltr'><strong>dicatur</strong></span> <span class='ocrx_word' id='word_1_470' title='bbox 1819 3839 1968 3898; x_wconf 88' lang='lat' dir='ltr'><strong>nihil</strong></span> <span class='ocrx_word' id='word_1_471' title='bbox 1995 3837 2174 3898; x_wconf 85' lang='lat' dir='ltr'><strong>fuisse</strong></span> <span class='ocrx_word' id='word_1_472' title='bbox 2215 3838 2276 3897; x_wconf 76' lang='lat' dir='ltr'><strong>in</strong></span> <span class='ocrx_word' id='word_1_473' title='bbox 2301 3839 2462 3896; x_wconf 76' lang='lat' dir='ltr'><strong>Area</strong></span> <span class='ocrx_word' id='word_1_474' title='bbox 2476 3845 2698 3915; x_wconf 64' lang='lat' dir='ltr'><strong>proeoer</strong></span> <span class='ocrx_word' id='word_1_475' title='bbox 2725 3840 2896 3918; x_wconf 72' lang='lat' dir='ltr'><strong>Leqt‘s</strong></span> 
     </span>
     <span class='ocr_line' id='line_1_44' title="bbox 406 3915 2902 3996; baseline 0.002 -24"><span class='ocrx_word' id='word_1_476' title='bbox 406 3933 413 3940; x_wconf 89' lang='lat'><strong>·</strong></span> <span class='ocrx_word' id='word_1_477' title='bbox 494 3915 715 3973; x_wconf 69' lang='lat' dir='ltr'><strong>tabulas</strong></span> <span class='ocrx_word' id='word_1_478' title='bbox 730 3938 756 3988; x_wconf 89' lang='lat'><em>;</em></span> <span class='ocrx_word' id='word_1_479' title='bbox 798 3916 879 3974; x_wconf 80' lang='lat' dir='ltr'><strong>Et</strong></span> <span class='ocrx_word' id='word_1_480' title='bbox 907 3916 1061 3977; x_wconf 86' lang='lat' dir='ltr'><strong>Heb.</strong></span> <span class='ocrx_word' id='word_1_481' title='bbox 1092 3918 1173 3977; x_wconf 83' lang='lat' dir='ltr'><strong>ix.</strong></span> <span class='ocrx_word' id='word_1_482' title='bbox 1203 3922 1261 3976; x_wconf 78' lang='lat'><strong>4.</strong></span> <span class='ocrx_word' id='word_1_483' title='bbox 1326 3916 1648 3995; x_wconf 80' lang='lat' dir='ltr'><strong>Apostolus</strong></span> <span class='ocrx_word' id='word_1_484' title='bbox 1675 3919 1792 3978; x_wconf 83' lang='lat' dir='ltr'><strong>alia</strong></span> <span class='ocrx_word' id='word_1_485' title='bbox 1818 3917 1974 3978; x_wconf 87' lang='lat' dir='ltr'><strong>dicat</strong></span> <span class='ocrx_word' id='word_1_486' title='bbox 2017 3916 2234 3978; x_wconf 84' lang='lat' dir='ltr'><strong>ibidem</strong></span> <span class='ocrx_word' id='word_1_487' title='bbox 2261 3917 2457 3993; x_wconf 80' lang='lat' dir='ltr'><strong>fuisse,</strong></span> <span class='ocrx_word' id='word_1_488' title='bbox 2489 3937 2668 3995; x_wconf 88' lang='lat' dir='ltr'><strong>quum</strong></span> <span class='ocrx_word' id='word_1_489' title='bbox 2697 3920 2794 3996; x_wconf 86' lang='lat' dir='ltr'><strong>ait,</strong></span> <span class='ocrx_word' id='word_1_490' title='bbox 2827 3921 2902 3978; x_wconf 88' lang='lat' dir='ltr'><strong>In</strong></span> 
     </span>
     <span class='ocr_line' id='line_1_45' title="bbox 492 3993 2902 4076; baseline 0.002 -25"><span class='ocrx_word' id='word_1_491' title='bbox 492 4011 579 4070; x_wconf 88' lang='lat' dir='ltr'><strong>ea,</strong></span> <span class='ocrx_word' id='word_1_492' title='bbox 626 3993 849 4052; x_wconf 79' lang='lat' dir='ltr'><strong>scilicet</strong></span> <span class='ocrx_word' id='word_1_493' title='bbox 888 3994 1045 4054; x_wconf 84' lang='lat' dir='ltr'><strong>Arca</strong></span> <span class='ocrx_word' id='word_1_494' title='bbox 1084 3997 1157 4055; x_wconf 87' lang='lat' dir='ltr'><strong>de</strong></span> <span class='ocrx_word' id='word_1_495' title='bbox 1185 4012 1301 4073; x_wconf 85' lang='lat' dir='ltr'><strong>qua</strong></span> <span class='ocrx_word' id='word_1_496' title='bbox 1340 3998 1670 4056; x_wconf 78' lang='lat' dir='ltr'><strong>immediate</strong></span> <span class='ocrx_word' id='word_1_497' title='bbox 1708 3999 1986 4076; x_wconf 86' lang='lat' dir='ltr'><strong>loquutus</strong></span> <span class='ocrx_word' id='word_1_498' title='bbox 2027 4006 2166 4073; x_wconf 87' lang='lat' dir='ltr'><strong>erat,</strong></span> <span class='ocrx_word' id='word_1_499' title='bbox 2197 3998 2376 4058; x_wconf 82' lang='lat' dir='ltr'><strong>fuisse</strong></span> <span class='ocrx_word' id='word_1_500' title='bbox 2412 3997 2634 4057; x_wconf 64' lang='lat' dir='ltr'><strong>Unam</strong></span> <span class='ocrx_word' id='word_1_501' title='bbox 2661 4015 2902 4058; x_wconf 72' lang='lat' dir='ltr'><strong>aur-eam</strong></span> 
     </span>
     <span class='ocr_line' id='line_1_46' title="bbox 491 4075 2900 4156; baseline 0.002 -23"><span class='ocrx_word' id='word_1_502' title='bbox 491 4075 780 4133; x_wconf 72' lang='lat' dir='ltr'><strong>habentem</strong></span> <span class='ocrx_word' id='word_1_503' title='bbox 806 4091 1035 4148; x_wconf 78' lang='lat' dir='ltr'><strong>manna,</strong></span> <span class='ocrx_word' id='word_1_504' title='bbox 1068 4085 1121 4134; x_wconf 67' lang='lat' dir='ltr'><strong>a</strong></span> <span class='ocrx_word' id='word_1_505' title='bbox 1143 4076 1365 4152; x_wconf 44' lang='lat' dir='ltr'><strong>vir-qam</strong></span> <span class='ocrx_word' id='word_1_506' title='bbox 1391 4077 1643 4135; x_wconf 54' lang='lat' dir='ltr'><strong>Aaron&amp;</strong></span> <span class='ocrx_word' id='word_1_507' title='bbox 1669 4097 1795 4154; x_wconf 68' lang='lat' dir='ltr'><strong>qma</strong></span> <span class='ocrx_word' id='word_1_508' title='bbox 1815 4077 2169 4156; x_wconf 64' lang='lat' dir='ltr'><strong>germinavit,</strong></span> <span class='ocrx_word' id='word_1_509' title='bbox 2199 4088 2256 4137; x_wconf 76' lang='lat' dir='ltr'><strong>et</strong></span> <span class='ocrx_word' id='word_1_510' title='bbox 2281 4080 2501 4137; x_wconf 63' lang='lat' dir='ltr'><strong>cabulen</strong></span> <span class='ocrx_word' id='word_1_511' title='bbox 2518 4077 2686 4155; x_wconf 72' lang='lat' dir='ltr'><strong>pacti</strong></span> <span class='ocrx_word' id='word_1_512' title='bbox 2700 4101 2724 4151; x_wconf 82' lang='lat'><strong>,-</strong></span> <span class='ocrx_word' id='word_1_513' title='bbox 2767 4075 2900 4138; x_wconf 75' lang='lat' dir='ltr'><strong>Non</strong></span> 
     </span>
     <span class='ocr_line' id='line_1_47' title="bbox 490 4151 2900 4240; baseline 0.001 -27"><span class='ocrx_word' id='word_1_514' title='bbox 490 4153 741 4213; x_wconf 85' lang='lat' dir='ltr'><strong>occurrit</strong></span> <span class='ocrx_word' id='word_1_515' title='bbox 781 4153 1176 4230; x_wconf 83' lang='lat' dir='ltr'><strong>contradictio,</strong></span> <span class='ocrx_word' id='word_1_516' title='bbox 1208 4163 1267 4214; x_wconf 89' lang='lat' dir='ltr'><strong>et</strong></span> <span class='ocrx_word' id='word_1_517' title='bbox 1295 4153 1463 4214; x_wconf 85' lang='lat' dir='ltr'><strong>facile</strong></span> <span class='ocrx_word' id='word_1_518' title='bbox 1494 4151 1803 4216; x_wconf 85' lang='lat' dir='ltr'><strong>difficultas</strong></span> <span class='ocrx_word' id='word_1_519' title='bbox 1837 4158 2097 4234; x_wconf 79' lang='lat' dir='ltr'><strong>solvitur,</strong></span> <span class='ocrx_word' id='word_1_520' title='bbox 2131 4159 2256 4217; x_wconf 88' lang='lat' dir='ltr'><strong>sive</strong></span> <span class='ocrx_word' id='word_1_521' title='bbox 2281 4157 2544 4218; x_wconf 81' lang='lat' dir='ltr'><strong>dicamus</strong></span> <span class='ocrx_word' id='word_1_522' title='bbox 2571 4159 2614 4217; x_wconf 73' lang='lat' dir='ltr'><strong>b</strong></span> <span class='ocrx_word' id='word_1_523' title='bbox 2639 4157 2674 4240; x_wconf 66' lang='grc' dir='ltr'><em>ᾖ</em></span> <span class='ocrx_word' id='word_1_524' title='bbox 2701 4157 2900 4217; x_wconf 84' lang='lat' dir='ltr'><strong>referri</strong></span> 
     </span>
     <span class='ocr_line' id='line_1_48' title="bbox 488 4232 2900 4313; baseline 0.001 -21"><span class='ocrx_word' id='word_1_525' title='bbox 488 4249 607 4292; x_wconf 86' lang='lat' dir='ltr'><strong>non</strong></span> <span class='ocrx_word' id='word_1_526' title='bbox 635 4232 709 4292; x_wconf 88' lang='lat' dir='ltr'><strong>ad</strong></span> <span class='ocrx_word' id='word_1_527' title='bbox 738 4249 942 4291; x_wconf 83' lang='lat' dir='ltr'><strong>vocem</strong></span> <span class='ocrx_word' id='word_1_528' title='bbox 959 4233 1282 4311; x_wconf 86' lang='lat' dir='ltr'><strong>proximam</strong></span> <span class='ocrx_word' id='word_1_529' title='bbox 1314 4240 1521 4302; x_wconf 66' lang='grc' dir='ltr'><strong>κιβοτδυ</strong></span> <span class='ocrx_word' id='word_1_530' title='bbox 1550 4251 1770 4313; x_wconf 71' lang='lat' dir='ltr'><strong>arcam,</strong></span> <span class='ocrx_word' id='word_1_531' title='bbox 1808 4237 1911 4295; x_wconf 87' lang='lat' dir='ltr'><strong>sed</strong></span> <span class='ocrx_word' id='word_1_532' title='bbox 1939 4238 2014 4296; x_wconf 79' lang='lat' dir='ltr'><strong>ad</strong></span> <span class='ocrx_word' id='word_1_533' title='bbox 2042 4238 2407 4298; x_wconf 85' lang='lat' dir='ltr'><strong>remotiorem</strong></span> <span class='ocrx_word' id='word_1_534' title='bbox 2435 4239 2704 4298; x_wconf 88' lang='lat' dir='ltr'><strong>nimirum</strong></span> <span class='ocrx_word' id='word_1_535' title='bbox 2733 4241 2900 4302; x_wconf 62' lang='lat' dir='ltr'><strong>rumh</strong></span> 
     </span>
     <span class='ocr_line' id='line_1_49' title="bbox 488 4313 2899 4396; baseline 0.002 -24"><span class='ocrx_word' id='word_1_536' title='bbox 488 4331 547 4373; x_wconf 76' lang='lat' dir='ltr'><strong>v.</strong></span> <span class='ocrx_word' id='word_1_537' title='bbox 579 4315 634 4389; x_wconf 80' lang='lat'><strong>3,</strong></span> <span class='ocrx_word' id='word_1_538' title='bbox 664 4321 734 4373; x_wconf 85' lang='lat' dir='ltr'><strong>ut</strong></span> <span class='ocrx_word' id='word_1_539' title='bbox 758 4319 960 4372; x_wconf 87' lang='lat' dir='ltr'><strong>notum</strong></span> <span class='ocrx_word' id='word_1_540' title='bbox 986 4323 1093 4390; x_wconf 86' lang='lat' dir='ltr'><strong>est,</strong></span> <span class='ocrx_word' id='word_1_541' title='bbox 1130 4313 1438 4373; x_wconf 83' lang='lat' dir='ltr'><strong>relativum</strong></span> <span class='ocrx_word' id='word_1_542' title='bbox 1466 4315 1778 4392; x_wconf 87' lang='lat' dir='ltr'><strong>aliquando</strong></span> <span class='ocrx_word' id='word_1_543' title='bbox 1799 4316 1875 4375; x_wconf 88' lang='lat' dir='ltr'><strong>ad</strong></span> <span class='ocrx_word' id='word_1_544' title='bbox 1901 4318 2246 4378; x_wconf 84' lang='lat' dir='ltr'><strong>antecedens</strong></span> <span class='ocrx_word' id='word_1_545' title='bbox 2273 4337 2390 4377; x_wconf 88' lang='lat' dir='ltr'><strong>non</strong></span> <span class='ocrx_word' id='word_1_546' title='bbox 2417 4319 2762 4396; x_wconf 83' lang='lat' dir='ltr'><strong>proximum,</strong></span> <span class='ocrx_word' id='word_1_547' title='bbox 2795 4317 2899 4377; x_wconf 87' lang='lat' dir='ltr'><strong>sed</strong></span> 
     </span>
     <span class='ocr_line' id='line_1_50' title="bbox 487 4391 2898 4476; baseline 0.001 -23"><span class='ocrx_word' id='word_1_548' title='bbox 487 4393 763 4453; x_wconf 81' lang='lat' dir='ltr'><strong>remotius</strong></span> <span class='ocrx_word' id='word_1_549' title='bbox 790 4391 988 4453; x_wconf 84' lang='lat' dir='ltr'><strong>referri</strong></span> <span class='ocrx_word' id='word_1_550' title='bbox 1012 4416 1028 4470; x_wconf 79' lang='lat'>3</span> <span class='ocrx_word' id='word_1_551' title='bbox 1086 4393 1209 4454; x_wconf 83' lang='lat' dir='ltr'><strong>sive</strong></span> <span class='ocrx_word' id='word_1_552' title='bbox 1237 4395 1702 4474; x_wconf 73' lang='lat' dir='ltr'><strong>praepositionem</strong></span> <span class='ocrx_word' id='word_1_553' title='bbox 1731 4397 1770 4456; x_wconf 70' lang='lat' dir='ltr'><strong>iv</strong></span> <span class='ocrx_word' id='word_1_554' title='bbox 1796 4397 1892 4456; x_wconf 90' lang='lat' dir='ltr'><strong>hic</strong></span> <span class='ocrx_word' id='word_1_555' title='bbox 1919 4415 2034 4455; x_wconf 88' lang='lat' dir='ltr'><strong>non</strong></span> <span class='ocrx_word' id='word_1_556' title='bbox 2062 4399 2199 4476; x_wconf 86' lang='lat' dir='ltr'><strong>poni</strong></span> <span class='ocrx_word' id='word_1_557' title='bbox 2227 4417 2332 4476; x_wconf 90' lang='lat' dir='ltr'><strong>pro</strong></span> <span class='ocrx_word' id='word_1_558' title='bbox 2373 4399 2449 4474; x_wconf 80' lang='lat' dir='ltr'><strong>in,</strong></span> <span class='ocrx_word' id='word_1_559' title='bbox 2477 4399 2648 4476; x_wconf 76' lang='lat' dir='ltr'><strong>qussi</strong></span> <span class='ocrx_word' id='word_1_560' title='bbox 2675 4399 2736 4456; x_wconf 89' lang='lat' dir='ltr'><strong>in</strong></span> <span class='ocrx_word' id='word_1_561' title='bbox 2765 4417 2898 4457; x_wconf 78' lang='lat' dir='ltr'><strong>arca</strong></span> 
     </span>
     <span class='ocr_line' id='line_1_51' title="bbox 486 4471 2896 4556; baseline 0.002 -24"><span class='ocrx_word' id='word_1_562' title='bbox 486 4474 613 4552; x_wconf 87' lang='lat' dir='ltr'><strong>ipsa</strong></span> <span class='ocrx_word' id='word_1_563' title='bbox 652 4471 825 4532; x_wconf 84' lang='lat' dir='ltr'><strong>fuerit</strong></span> <span class='ocrx_word' id='word_1_564' title='bbox 862 4491 1073 4533; x_wconf 88' lang='lat' dir='ltr'><strong>manna</strong></span> <span class='ocrx_word' id='word_1_565' title='bbox 1110 4483 1169 4534; x_wconf 87' lang='lat' dir='ltr'><strong>et</strong></span> <span class='ocrx_word' id='word_1_566' title='bbox 1196 4475 1364 4553; x_wconf 85' lang='lat' dir='ltr'><strong>virga</strong></span> <span class='ocrx_word' id='word_1_567' title='bbox 1391 4474 1609 4552; x_wconf 85' lang='lat' dir='ltr'><strong>Aaron,</strong></span> <span class='ocrx_word' id='word_1_568' title='bbox 1653 4477 1756 4535; x_wconf 88' lang='lat' dir='ltr'><strong>sed</strong></span> <span class='ocrx_word' id='word_1_569' title='bbox 1781 4497 1887 4556; x_wconf 86' lang='lat' dir='ltr'><strong>pro</strong></span> <span class='ocrx_word' id='word_1_570' title='bbox 1908 4497 2033 4537; x_wconf 76' lang='lat' dir='ltr'><strong>cum</strong></span> <span class='ocrx_word' id='word_1_571' title='bbox 2059 4479 2156 4538; x_wconf 79' lang='lat' dir='ltr'><strong>vel</strong></span> <span class='ocrx_word' id='word_1_572' title='bbox 2181 4481 2362 4554; x_wconf 71' lang='lat' dir='ltr'><strong>juxta</strong></span> <span class='ocrx_word' id='word_1_573' title='bbox 2389 4487 2450 4537; x_wconf 91' lang='lat' dir='ltr'><strong>et</strong></span> <span class='ocrx_word' id='word_1_574' title='bbox 2479 4481 2578 4554; x_wconf 80' lang='lat' dir='ltr'><strong>ad,</strong></span> <span class='ocrx_word' id='word_1_575' title='bbox 2609 4485 2670 4538; x_wconf 88' lang='lat' dir='ltr'><strong>et</strong></span> <span class='ocrx_word' id='word_1_576' title='bbox 2697 4478 2779 4538; x_wconf 88' lang='lat' dir='ltr'><strong>sic</strong></span> <span class='ocrx_word' id='word_1_577' title='bbox 2807 4497 2896 4536; x_wconf 86' lang='lat' dir='ltr'><strong>re·</strong></span> 
     </span>
     <span class='ocr_line' id='line_1_52' title="bbox 484 4553 2896 4637; baseline 0.002 -24"><span class='ocrx_word' id='word_1_578' title='bbox 484 4553 766 4632; x_wconf 87' lang='lat' dir='ltr'><strong>spondere</strong></span> <span class='ocrx_word' id='word_1_579' title='bbox 814 4555 1206 4632; x_wconf 73' lang='lat' dir='ltr'><strong>praepositioni</strong></span> <span class='ocrx_word' id='word_1_580' title='bbox 1235 4577 1267 4616; x_wconf 70' lang='lat' dir='ltr'><strong>:a</strong></span> <span class='ocrx_word' id='word_1_581' title='bbox 1297 4555 1451 4633; x_wconf 87' lang='lat' dir='ltr'><strong>apud</strong></span> <span class='ocrx_word' id='word_1_582' title='bbox 1494 4556 1795 4635; x_wconf 79' lang='lat' dir='ltr'><strong>Heb‘raeos,</strong></span> <span class='ocrx_word' id='word_1_583' title='bbox 1826 4577 1956 4636; x_wconf 79' lang='lat' dir='ltr'><strong>quse</strong></span> <span class='ocrx_word' id='word_1_584' title='bbox 1997 4575 2113 4616; x_wconf 84' lang='lat' dir='ltr'><strong>non</strong></span> <span class='ocrx_word' id='word_1_585' title='bbox 2155 4576 2382 4637; x_wconf 80' lang='lat' dir='ltr'><strong>semper</strong></span> <span class='ocrx_word' id='word_1_586' title='bbox 2407 4566 2572 4618; x_wconf 87' lang='lat' dir='ltr'><strong>notat</strong></span> <span class='ocrx_word' id='word_1_587' title='bbox 2613 4577 2732 4617; x_wconf 88' lang='lat' dir='ltr'><strong>rem</strong></span> <span class='ocrx_word' id='word_1_588' title='bbox 2765 4577 2896 4636; x_wconf 81' lang='lat' dir='ltr'><strong>qnae</strong></span> 
     </span>
     <span class='ocr_line' id='line_1_53' title="bbox 482 4632 2891 4716; baseline 0.002 -22"><span class='ocrx_word' id='word_1_589' title='bbox 482 4633 634 4695; x_wconf 80' lang='lat' dir='ltr'><strong>intra</strong></span> <span class='ocrx_word' id='word_1_590' title='bbox 660 4632 833 4695; x_wconf 83' lang='lat' dir='ltr'><strong>aliam</strong></span> <span class='ocrx_word' id='word_1_591' title='bbox 861 4642 967 4713; x_wconf 84' lang='lat' dir='ltr'><strong>est,</strong></span> <span class='ocrx_word' id='word_1_592' title='bbox 1000 4633 1103 4696; x_wconf 89' lang='lat' dir='ltr'><strong>sed</strong></span> <span class='ocrx_word' id='word_1_593' title='bbox 1130 4643 1191 4696; x_wconf 87' lang='lat' dir='ltr'><strong>et</strong></span> <span class='ocrx_word' id='word_1_594' title='bbox 1208 4654 1339 4716; x_wconf 72' lang='lat' dir='ltr'><strong>quse</strong></span> <span class='ocrx_word' id='word_1_595' title='bbox 1368 4636 1535 4696; x_wconf 82' lang='lat' dir='ltr'><strong>alteri</strong></span> <span class='ocrx_word' id='word_1_596' title='bbox 1562 4652 1791 4698; x_wconf 81' lang='lat' dir='ltr'><strong>annexa</strong></span> <span class='ocrx_word' id='word_1_597' title='bbox 1807 4647 1866 4700; x_wconf 86' lang='lat' dir='ltr'><strong>et</strong></span> <span class='ocrx_word' id='word_1_598' title='bbox 1891 4637 1980 4698; x_wconf 82' lang='lat' dir='ltr'><strong>illi</strong></span> <span class='ocrx_word' id='word_1_599' title='bbox 2007 4637 2278 4715; x_wconf 68' lang='lat' dir='ltr'><strong>adhaeret,</strong></span> <span class='ocrx_word' id='word_1_600' title='bbox 2303 4647 2363 4700; x_wconf 89' lang='lat' dir='ltr'><strong>et</strong></span> <span class='ocrx_word' id='word_1_601' title='bbox 2379 4639 2538 4698; x_wconf 80' lang='lat' dir='ltr'><strong>valet</strong></span> <span class='ocrx_word' id='word_1_602' title='bbox 2559 4635 2734 4700; x_wconf 89' lang='lat' dir='ltr'><strong>modo</strong></span> <span class='ocrx_word' id='word_1_603' title='bbox 2751 4659 2891 4714; x_wconf 74' lang='lat' dir='ltr'><strong>eum,</strong></span> 
     </span>
    </p>
   </div>
  </div>
 </body>
</html>
