3300 5225
543 265 662 322 410
1493 279 1678 321 Locus
1704 278 1977 329 omres.
2534 258 2792 341 [quater.
2824 281 2959 324 vm.

539 441 656 481 non
671 427 983 500 peccasset,
1003 419 1162 498 quod
1187 426 1572 479 commentum
1598 419 1710 479 fuit
1728 418 1955 496 Pelagii
1974 426 2033 479 et
2056 418 2269 495 Socini,
2300 437 2337 479 a
2364 418 2748 479 Praeadamita
2774 421 2955 501 adop-

539 510 741 578 tatum,
774 510 973 562 contra
999 519 1276 578 expressa
1303 500 1472 559 Pauli
1497 500 1694 575 verba,
1740 499 1843 579 qui
1885 508 2127 559 mortem
2170 518 2275 577 per
2300 506 2603 576 peccatum
2629 500 2953 577 ingressam

540 601 668 643 esse
695 583 914 658 asserit,
963 582 1130 640 Rom.
1160 602 1218 640 v.
1255 584 1346 656 12,
1397 588 1456 639 et
1500 580 1743 657 opsonia
1787 578 2011 655 peccati
2054 598 2183 639 esse
2226 587 2486 656 mortem,
2540 578 2709 639 Rom.
2741 580 2821 641 vi.
2852 586 2950 643 23.

544 662 850 739 Perperam
879 662 1054 722 etiam
1079 661 1319 737 fingitur
1335 659 1462 719 dari
1487 660 1725 737 aliquod
1744 666 2059 738 peccatum,
2078 658 2237 736 quod
2256 678 2373 717 non
2391 659 2467 721 sit
2482 668 2685 719 contra
2712 660 2951 738 Legem,

538 761 670 801 cum
697 742 844 801 nihil
869 742 1028 801 aliud
1055 741 1132 799 sit
1157 760 1330 818 quam
1357 742 1568 817 ἀνομίας
1608 748 1668 799 et
1706 745 1951 799 mortem
1978 738 2104 801 dari
2142 758 2273 816 quse
2316 758 2433 798 non
2462 739 2539 799 sit
2563 739 2788 817 legalis,
2818 760 2954 803 cum

537 840 655 880 non
681 822 930 898 aliunde,
960 840 1134 899 quam
1162 840 1239 881 ex
1265 820 1328 878 vi
1355 820 1550 898 Legis,
1593 820 1839 899 ejusque
1876 820 2171 881 sanctione
2198 819 2576 881 constitutum
2604 819 2681 879 sit
2704 820 2955 881 homini·

536 900 648 961 bus
670 903 848 961 semel
873 902 1036 961 mori.

619 980 800 1042 VIII.
847 981 1081 1057 QuartO,
1113 978 1398 1039 Homines
1425 986 1708 1039 vocantur
1774 998 1905 1041 ιε’-τι(
1921 994 1998 1035 '⁴22
2024 979 2145 1058 filii
2184 978 2410 1053 Adami,
2460 976 2615 1039 Psal.
2646 978 2793 1041 xlix.
2824 984 2861 1039 2
2890 988 2951 1041 et

542 1061 671 1121 lxii.
705 1064 758 1137 9,
791 1068 849 1120 et
889 1060 1029 1119 alibi
1072 1058 1307 1137 passim.
1391 1059 1552 1137 Ergo
1581 1060 1849 1119 Adamus
1875 1060 2097 1137 primus
2122 1077 2331 1135 parens
2356 1056 2467 1119 fuit
2494 1057 2770 1119 omnium.
2830 1059 2955 1119 Nee

543 1139 658 1198 dici
684 1148 876 1217 potest
894 1141 939 1199 J
941 1140 1139 1199 udaeos
1166 1140 1322 1197 solos
1343 1141 1505 1219 filios
1530 1140 1745 1199 Adami
1769 1139 1887 1199 dici
1912 1140 1977 1198 in
2002 1138 2301 1217 singulari,
2332 1138 2598 1199 Gentiles
2624 1157 2765 1197 vero
2795 1138 2951 1199 Prae-

539 1219 820 1279 adamitas
847 1220 964 1279 dici
995 1220 1152 1298 filios
1192 1219 1474 1278 hominum
1515 1219 1578 1277 in
1631 1219 1858 1297 plurali,
1906 1239 1976 1279 eo
2017 1218 2177 1296 quod
2203 1218 2485 1295 originem
2514 1237 2677 1277 suam
2716 1217 2949 1303 ducant,

535 1318 652 1357 non
680 1300 758 1358 ab
781 1320 898 1359 uno
925 1300 1172 1374 homine,
1206 1299 1310 1358 sed
1337 1318 1372 1357 a
1397 1298 1662 1377 pluribus
1688 1300 1887 1376 primae
1929 1298 2235 1360 creationis
2262 1296 2627 1373 hominibus3
2674 1296 2825 1371 Quia
2849 1317 2955 1375 ap-

539 1379 774 1456 pellatio
812 1380 924 1439 ista
963 1378 1212 1439 filiorum
1241 1378 1436 1439 Adam
1463 1380 1787 1455 promiscue
1815 1379 2089 1441 tribuitur
2114 1386 2173 1439 et
2200 1378 2244 1437 J
2244 1378 2428 1438 udaeis
2454 1383 2515 1436 et
2543 1377 2850 1453 Gentibus,
2892 1384 2955 1437 et

539 1459 588 1517 si
617 1459 848 1536 quando
876 1459 982 1517 filii
1029 1459 1328 1518 hominum
1372 1468 1657 1518 vocantur
1695 1460 1757 1517 in
1802 1458 2032 1538 plurali,
2077 1478 2193 1517 non
2222 1458 2336 1517 alia
2362 1457 2429 1518 fit
2455 1455 2528 1515 de
2556 1476 2749 1532 causa,
2778 1477 2955 1533 quam

541 1540 677 1614 quia
702 1540 1007 1617 respicitur
1031 1539 1108 1597 ad
1135 1558 1339 1598 causas
1365 1538 1752 1615 intermedias,
1797 1548 1856 1597 et
1882 1538 2284 1615 generationes
2312 1544 2638 1617 sequentes,
2668 1556 2785 1596 non
2812 1556 2953 1597 vero

545 1618 620 1675 ad
649 1619 892 1695 primam
921 1620 1156 1696 stirpem
1184 1626 1410 1677 tantum
1430 1618 1661 1695 generis
1687 1620 1943 1679 humani.

618 1697 737 1756 IX.
783 1698 1014 1773 Quint0,
1050 1699 1114 1757 Si
1139 1698 1426 1757 innumeri
1452 1699 1715 1757 homines
1760 1706 1895 1757 ante
1944 1697 2239 1759 Adamum
2286 1694 2505 1755 conditi
2532 1694 2793 1771 fiiissent,
2834 1716 2951 1757 non

537 1796 682 1853 opus
708 1776 914 1835 fuisset
939 1778 1146 1838 iterata
1169 1778 1432 1837 homines
1459 1797 1536 1835 ex
1561 1778 1801 1855 pulvere
1830 1778 2135 1852 creatione,
2181 1796 2313 1837 cum
2340 1774 2632 1835 ordinaria
2658 1777 2952 1852 generatio

535 1854 766 1915 abunde
795 1856 1052 1915 sufficere
1079 1858 1398 1935 potuisset3
1430 1858 1554 1916 Nec
1581 1858 1698 1917 dici
1724 1858 2025 1936 potuisset,
2056 1876 2172 1917 non
2202 1857 2500 1915 inventum
2528 1854 2707 1915 fuisse
2734 1856 2957 1915 homini

537 1934 891 2011 adjutorium
909 1936 1095 1995 simile
1113 1938 1240 2015 ipsi,
1263 1937 1313 1996 si
1325 1937 1616 2015 myriades
1631 1938 1934 1998 mulierum
1946 1938 2073 2015 jam
2094 1936 2425 1999 extitissent
2439 1942 2459 2011 3'
2476 1935 2599 1993 Nee
2618 1935 2793 1994 homo
2814 1935 2955 1995 fuis-

538 2021 628 2073 set
655 2015 829 2090 solus,
860 2023 927 2074 ut
954 2015 1164 2075 dicitur
1189 2016 1250 2075 ii.
1284 2019 1376 2076 18.
1409 2017 1532 2076 Nec
1569 2026 1693 2076 tum
1721 2018 1955 2078 demum
1986 2016 2251 2078 Adamus
2276 2014 2512 2075 nomina
2538 2014 2743 2075 bestiis
2768 2015 2953 2092 impo-

541 2112 678 2152 nere
691 2094 906 2170 debuit,
921 2096 1058 2171 quia
1070 2094 1482 2169 Praeadamitae‚
1501 2097 1715 2171 quibus
1721 2098 1845 2171 jam
1856 2097 2057 2157 multis
2068 2104 2201 2158 ante
2214 2094 2425 2155 seculis
2434 2094 2805 2153 commissum
2816 2094 2953 2154 fuis-

541 2182 632 2232 set
657 2173 717 2231 in
743 2174 962 2233 bestias
981 2174 1301 2250 imperium,
1333 2193 1432 2233 eas
1459 2174 1839 2251 proculdubio
1859 2176 1985 2253 jam
2012 2174 2243 2235 nomine
2272 2173 2465 2249 aliquo
2494 2173 2951 2250 insignivissent.

615 2253 700 2311 X.
746 2254 1029 2330 Denique,
1065 2253 1128 2311 Si
1154 2263 1288 2312 ante
1317 2252 1611 2313 Adamum
1637 2254 1923 2314 innumeri
1951 2254 2215 2314 homines
2240 2252 2557 2314 extiterunt
2582 2274 2597 2327 ς
2644 2254 2805 2330 Ergo
2844 2274 2946 2313 no·

531 2352 644 2393 vus
675 2333 950 2409 Mundus,
983 2340 1042 2391 et
1065 2352 1222 2392 nova
1248 2333 1530 2408 Ecclesia,
1560 2341 1622 2392 et
1645 2353 1801 2393 nova
1816 2332 2021 2393 salutis
2042 2332 2428 2409 adipiscendae
2454 2331 2620 2407 ratio,
2650 2352 2757 2409 pro
2784 2334 2952 2393 novis

528 2413 658 2472 istis
684 2411 1015 2471 hominibus
1059 2413 1446 2489 excogitanda
1487 2412 1612 2487 erit,
1666 2432 1795 2473 cum
1842 2422 1965 2473 tota
1992 2413 2196 2475 salutis
2222 2413 2489 2472 humanae
2516 2412 2836 2471 oeconomia
2874 2413 2953 2473 ad

530 2491 748 2550 Adami
775 2500 1054 2570 posteros,
1084 2511 1201 2550 non
1228 2492 1305 2550 ad
1333 2501 1566 2570 gentem
1593 2492 2103 2554 Praeadamitarum
2130 2491 2431 2570 pertineat.
2517 2490 2664 2551 Cum
2691 2511 2845 2569 erge,
2890 2499 2953 2553 et

533 2572 721 2632 Mosis
748 2572 1004 2647 historia,
1057 2580 1116 2632 et
1159 2573 1430 2632 universa
1477 2572 1788 2650 Scriptura,
1839 2580 1899 2634 et
1940 2582 2097 2634 recta
2139 2572 2287 2632 ratio
2314 2570 2593 2648 figmento
2613 2570 2745 2630 huic
2771 2570 2948 2632 refra-

531 2659 778 2730 gentur3
823 2661 889 2711 ut
915 2660 976 2712 et
1003 2653 1280 2712 Gentium
1307 2673 1484 2730 prope
1530 2653 1785 2714 omnium
1814 2672 2145 2728 consensus,
2194 2643 2350 2728 apud
2377 2671 2521 2728 quas
2548 2651 2799 2712 hominis
2825 2652 2945 2728 pri-

529 2732 612 2790 mi
639 2732 931 2807 memoria,
960 2733 1099 2792 licet
1123 2733 1284 2792 varie
1313 2741 1596 2810 corrupta,
1621 2742 1683 2792 et
1702 2733 1911 2794 fabulis
1948 2732 2148 2793 multis
2170 2732 2476 2796 obscurata
2496 2729 2589 2806 sit,
2609 2751 2724 2790 non
2753 2739 2949 2792 tamen

570 2831 766 2871 rorsus
793 2811 1098 2871 obliterata
1124 2821 1184 2872 et
1211 2813 1400 2871 deleta
1437 2812 1580 2888 fuit3
1626 2813 1811 2871 Nemo
1853 2833 1973 2874 non
2013 2811 2175 2870 videt
2203 2811 2315 2890 piis
2360 2810 2623 2870 omnibus
2670 2817 2951 2886 tanquam

553 2891 904 2950 alsissimum
931 2900 992 2949 et
1017 2892 1273 2968 impium,
1321 2891 1480 2968 quod
1505 2910 1623 2950 non
1652 2892 1769 2951 alio
1808 2892 2012 2966 tendit,
2056 2909 2229 2967 quam
2258 2890 2334 2950 ad
2364 2889 2637 2951 Historiae
2664 2888 2949 2950 Mosai‘cae

528 2971 849 3045 veritatem,
880 2977 939 3029 et
966 2969 1150 3028 Verbi
1175 2970 1360 3028 divini
1385 2971 1627 3030 aum-hv
1670 2971 2123 3048 convellendam,
2174 2979 2233 3035 et
2278 2970 2643 3048 Religionem
2684 2977 2947 3030 nostram

526 3049 780 3110 ludibrio
807 3049 1226 3126 exponendam,
1256 3051 1462 3110 merito
1488 3049 1867 3129 rejiciendum
1894 3069 2039 3112 esse.

1134 3129 1254 3188 XI.
1298 3129 1512 3190 Vestes
1555 3140 1616 3190 et
1657 3131 1869 3190 tunieae
1912 3131 2186 3208 pelliceae,
2218 3148 2365 3206 quas
2406 3127 2675 3188 Adamas
2714 3135 2775 3188 et
2816 3129 2948 3190 Eva

567 3193 980 3298 ⁰³‘2ffl‘’
1051 3217 1185 3348 εἰς
1203 3206 2945 3366 ΜΜΝΒἪᾞΜᾞ

527 3367 858 3427 immediate
885 3367 1111 3428 tunicas
1139 3369 1270 3428 illas
1297 3390 1372 3428 ex
1399 3311 1661 3447 pellib&
1678 3311 2029 3446 animaliussa,
2052 3371 2199 3432 Gen.
2230 3368 2312 3428 u'i.
2344 3371 2441 3428 21.
2486 3367 2567 3428 Et
2596 3367 2647 3426 si
2668 3367 2795 3444 jam
2822 3376 2945 3428 tum

527 3448 802 3524 temporis
829 3448 1008 3508 moris
1036 3448 1146 3508 fuit
1171 3449 1422 3527 pellibus
1449 3450 1629 3525 indui,
1656 3451 1775 3514 Cur
1792 3450 2059 3512 Adamas
2086 3457 2145 3508 et
2174 3449 2305 3507 Eva
2330 3447 2472 3509 nudi
2502 3451 2946 3508 remanserunt?

528 3527 607 3585 Et
633 3527 776 3605 quid
816 3549 962 3606 opus
1003 3527 1128 3604 fuit,
1158 3537 1464 3606 postquam
1506 3529 1827 3589 nuditatem
1868 3549 2033 3592 suam
2074 3535 2489 3606 cognoverunt,
2520 3527 2771 3586 ficulnea
2810 3547 2943 3586 con·

525 3627 690 3666 suere
720 3608 875 3684 folia,
907 3608 1120 3685 quibus
1147 3629 1274 3668 eam
1299 3617 1580 3686 tegerent,
1611 3629 1744 3669 cum
1771 3609 1939 3668 facile
1967 3616 2161 3668 vestes
2190 3606 2422 3667 aliunde
2466 3605 2577 3665 sibi
2619 3607 2946 3684 potuissent

528 3691 908 3826 ⁰⁰n2¹<¹i⁸if⁸rs⁶i²>
929 3764 1196 3826 Adamas
1235 3767 1390 3826 bona
1431 3767 1568 3827 filiis
1610 3769 1733 3829 suis
1777 3766 1993 3830 adustis
2034 3766 2255 3842 divisit,
2284 3766 2425 3828 dum
2466 3772 2651 3826 tem-⁹
2692 3765 2947 3826 “ww

523 3843 685 3904 dedit
713 3847 914 3922 Caino,
959 3855 1019 3905 et
1047 3847 1224 3906 Abeli
1265 3867 1406 3906 oves
1445 3849 1781 3924 pascendas,
1812 3847 2129 3910 dividendo
2154 3851 2255 3923 jus
2279 3846 2440 3922 fecit,
2471 3866 2589 3904 non
2630 3845 2851 3920 invenit,
2882 3853 2943 3914 et

521 3923 676 3982 bona
703 3925 902 3984 divisit
930 3933 1152 4018 tantum
1180 3926 1335 4019 inter
1355 3926 1526 4002 filios,
1557 3946 1675 4018 non
1714 3929 1822 3986 hos
1862 3928 1957 4022 ab·
1980 3928 2111 3987 aliis
2138 3925 2466 4003 allophylis,
2499 3925 2601 4002 qui
2626 3933 2753 4017 tum
2779 3925 2943 4018 viye-

517 4011 1008 4160 {332130332335
1019 4004 2946 4164 mssttt¹322252333⁰2583132⁸22ffiniffi'ffcssuiffiffi

525 4162 722 4221 nullus
749 4163 977 4222 dicatur
1001 4164 1175 4222 homo
1200 4164 1468 4224 extitisse
1495 4165 1598 4241 qui
1623 4166 1839 4228 coleret
1867 4176 2095 4242 terram,
2128 4167 2277 4226 Gen.
2306 4165 2366 4224 ii.
2398 4166 2455 4224 5.

603 4241 793 4301 XIII.
841 4242 1006 4301 Licet
1033 4251 1200 4301 extra
1227 4243 1468 4303 dubium
1509 4244 1586 4304 sit
1626 4246 2039 4323 agriculturam
2079 4247 2327 4323 primum
2355 4243 2495 4304 vitae
2522 4262 2712 4321 genus
2740 4241 2938 4318 fuisse,

520 4321 677 4398 quod
705 4329 958 4382 sectatus
987 4322 1064 4381 sit
1091 4322 1357 4383 Adamus
1386 4344 1516 4384 cum
1545 4324 1699 4402 filiis,
1731 4335 1791 4386 et
1831 4327 1891 4386 in
1932 4347 2001 4389 ea
2027 4325 2391 4404 potissimum
2422 4343 2487 4384 se
2514 4323 2841 4384 exercuerit
2882 4321 2943 4390 in
3028 4380 3033 4388 ,

518 4402 808 4480 georgica,
843 4409 901 4462 et
927 4403 1207 4478 bucolica,
1239 4403 1378 4481 quia
1402 4405 1586 4483 prima
1612 4407 1911 4470 hominum
1954 4426 2092 4468 cura
2132 4405 2334 4467 debuit
2374 4411 2640 4481 spectare
2670 4403 2857 4481 prima
2882 4409 2943 4460 et

516 4482 768 4542 maxime
793 4483 1121 4542 necessaria
1144 4483 1321 4561 hujus
1347 4485 1484 4544 vitae
1521 4485 1888 4562 adminicula,
1918 4505 2049 4564 quus
2092 4486 2383 4564 praecipue
2426 4503 2504 4544 ex
2546 4482 2659 4546 hac
2700 4491 2945 4558 utraque

513 4569 823 4641 petuntur3
870 4563 1004 4623 Non
1042 4572 1346 4650 propterea
1386 4568 1825 4646 supponendum
1852 4567 2046 4628 varios
2088 4575 2222 4630 ante
2250 4565 2547 4626 Adamum
2586 4561 2767 4624 fuisse
2808 4560 2943 4622 arti·
