3300 5225
594 292 711 350 556
1590 304 1774 346 mous
1801 301 2012 345 nouus.
2655 278 3006 362 [qum.
3036 293 3108 332 11.

667 449 744 508 V.
788 447 899 508 Cui
925 447 1253 524 oppositum
1281 447 1390 506 fuit
1418 449 1730 508 Decretum
1763 448 1986 526 Synodi
2015 442 2340 505 Nationalis
2367 437 2945 504 Carentoniensis
2977 457 3112 496 ann.
3208 411 3209 440 ³

589 532 763 604 1644,
794 548 911 605 quo
943 528 1199 586 sancitur
1224 536 1284 587 et
1311 528 1682 589 confirmatur
1706 538 1938 606 recepta
1975 529 2038 586 in
2067 524 2347 585 Ecclesiis
2385 525 2606 584 nostris
2639 521 3014 582 doctrina
3041 517 3109 576 de

581 610 753 686 primi
778 607 1002 686 peceati
1030 606 1181 665 Adae
1218 607 1613 684 imputatione,
1644 617 1706 668 et
1731 607 2094 667 haereditaria
2119 603 2502 682 corruptione,
2531 625 2686 683 quae
2729 600 2848 661 ad
2886 619 3116 660 omnes

580 689 894 747 derivatur.
978 687 1162 765 Cujus
1204 688 1331 746 haec
1372 696 1509 747 sunt
1548 689 1744 764 verba,
1800 691 1836 722 ‘⁴
1859 689 2004 748 Cum
2051 686 2298 745 relatum
2342 693 2498 744 >esset
2543 685 2623 744 ad
2693 679 3110 761 Synodum,

578 769 791 845 scripta
812 766 1093 845 quaedam,
1120 767 1235 826 alia
1254 767 1412 845 typis
1439 769 1731 846 evulgata,
1755 768 1871 827 alia
1895 787 2072 827 manu
2097 773 2351 840 exarata,
2375 763 2648 843 prodiise‚
2670 781 2874 842 quae
2903 769 3114 821 totam

576 849 857 907 rationem
898 848 1122 926 peccati
1162 848 1459 924 originalis
1488 849 1613 908 sola
1640 848 2005 926 corruptione
2031 845 2395 906 haereditaria
2421 844 2481 903 in
2510 846 2854 904 omuibus
2891 842 3112 900 homi-

577 928 749 986 nibus
778 928 1094 986 inhaerente
1122 926 1421 1004 definiunt,
1452 936 1513 987 et
1551 929 1723 1006 primi
1761 928 1984 1006 peccati
2012 926 2230 986 Adami
2270 926 2738 1003 imputationem
2783 930 3110 1000 negant:

578 1009 897 1067 Damnavit
928 1007 1199 1085 Synodus
1226 1007 1547 1068 doctrinam
1574 1009 1879 1087 ejusmodi,
1909 1017 2196 1086 quatenus
2235 1007 2456 1083 peccati
2492 1005 2870 1082 originalis
2907 1016 3112 1061 natu-

574 1083 803 1147 ram'ad
830 1087 1255 1165 corruptionem
1291 1089 1716 1149 haereditariam
1754 1097 2115 1167 posterorum
2144 1085 2296 1145 Adae
2323 1086 2406 1144 ita
2431 1086 2790 1163 restringit,
2837 1092 2934 1142 ut
2985 1083 3104 1140 im·

574 1168 930 1246 putationem
960 1168 1235 1228 excludat
1260 1170 1431 1246 primi
1470 1170 1629 1228 illius
1669 1169 1908 1246 peccati,
1939 1189 2056 1247 quo
2083 1168 2282 1245 lapsus
2310 1173 2400 1224 est
2425 1165 2658 1225 Adam:
2709 1164 3098 1240 Adeoque
3208 1249 3209 1256 ἵ

574 1250 833 1308 censuris
853 1248 1121 1308 omnibus
1150 1249 1575 1309 Ecclesiasticis
1604 1248 1995 1328 subjiciendos
2015 1247 2257 1322 censuit,
2282 1247 2568 1323 Pastores,
2601 1245 3090 1317 Professorea

572 1337 631 1388 et
676 1348 1052 1407 quoscunque
1098 1329 1260 1405 alios,
1305 1329 1405 1406 qui
1452 1330 1515 1387 in
1554 1331 1732 1406 hujus
1779 1328 2114 1406 quaestionis
2158 1326 2571 1404 disceptatione
2618 1345 2655 1385 a
2702 1324 3088 1384 communi

576 1410 863 1468 sententia
896 1410 1243 1474 ‚recesserint
1286 1409 1678 1469 Ecclesiamm
1722 1407 2190 1483 Protestantium,
2221 1427 2351 1484 quae
2380 1425 2578 1465 omnes
2619 1406 2988 1465 hactenus
3019 1413 3084 1461 et

576 1489 1015 1567 Corruptionem
1044 1489 1204 1547 illam
1232 1497 1292 1548 et
1320 1490 1768 1567 Imputationem
1809 1489 1958 1548 hanc
1999 1488 2061 1546 in
2109 1506 2309 1546 omnes
2337 1486 2555 1544 Adami
2593 1494 2930 1564 posteros
2965 1483 3078 1542 de-

576 1568 946 1628 scendentem
974 1571 1397 1644 agnoverunt‚”
1428 1566 1537 1628 &a

655 1648 767 1707 VI.
820 1649 905 1708 Ut
944 1667 1083 1707 vero
1127 1648 1247 1705 vim
1294 1648 1529 1707 Decreti
1570 1647 1741 1708 istius
1789 1647 2066 1724 Synodici
2109 1646 2424 1705 declinaret
2450 1646 2527 1704 V.
2571 1646 2666 1723 D.,
2723 1643 3068 1704 distinxit

575 1736 780 1804 postea
806 1728 1261 1802 Imputationem,
1287 1727 1350 1786 in
1378 1727 1758 1787 immediatam
1785 1737 1840 1786 et
1863 1729 2287 1802 antecedentem,
2317 1733 2377 1784 et
2401 1725 2712 1784 mediatam
2735 1737 2810 1784 et
2833 1745 3064 1784 come-

573 1815 827 1883 quentem
844 1830 862 1864 :
906 1806 1079 1864 Illam
1118 1815 1308 1883 vocat,
1352 1827 1469 1884 qua
1508 1808 1660 1867 actio
1703 1807 1920 1866 Adami
1961 1809 2090 1886 ejus
2137 1805 2384 1884 posteris
2425 1806 2711 1882 omnibus,
2767 1805 3057 1864 Christo

572 1896 836 1963 except0‚
868 1886 1147 1963 proxime,
1192 1886 1539 1962 immediate,
1569 1888 1682 1946 hoc
1723 1889 1850 1966 ipso
1877 1889 2035 1965 quod
2077 1895 2213 1947 sunt
2251 1885 2358 1944 filii
2387 1885 2619 1961 Adami,
2651 1886 3054 1964 imputatur,

572 1974 693 2024 tam
722 1966 799 2025 ad
823 1965 1207 2044 privationem
1238 1967 1482 2044 justitiae
1512 1967 1828 2044 originaIiS,
1859 1987 2033 2046 quam
2062 1967 2136 2025 ad
2162 1975 2407 2026 mortem
2435 1975 2728 2041 aeternam,
2763 1975 3044 2024 antece-

572 2045 777 2106 denter
803 2046 879 2104 ad
903 2046 1329 2124 corruptionem
1357 2047 1767 2108 inhaerentem:
1812 2050 1994 2107 Istam
2015 2067 2172 2122 vero,
2203 2067 2336 2124 quae
2355 2045 2732 2105 haereditariae
2757 2065 3044 2122 corrup-

571 2125 747 2186 tionis
774 2127 837 2185 in
863 2146 970 2186 nos
998 2127 1073 2186 ab
1095 2127 1327 2186 Adamo
1348 2127 1627 2187 derivatae
1655 2127 1927 2188 intuitum
1949 2127 2336 2205 consequitur,
2359 2145 2542 2204 eaque
2568 2125 2888 2186 mediante
2919 2125 3048 2200 fit,-

570 2206 749 2283 hujus
776 2207 929 2266 enim
981 2207 1363 2285 corruptionis
1406 2208 1844 2286 participatione
1887 2207 2090 2268 statuit
2132 2227 2240 2265 nos
2284 2207 2704 2266 communicare
2747 2214 3036 2283 peceato

574 2285 808 2363 Adami,
840 2289 1008 2365 eique
1036 2287 1407 2348 habitualiter
1432 2289 1775 2363 consentire,
1807 2309 1875 2347 ac
1901 2295 2206 2366 propterea
2229 2286 2441 2364 dignos
2467 2305 2594 2345 esse
2620 2286 2723 2363 qui
2752 2285 3031 2344 Adamo

571 2368 859 2445 peccatori
904 2387 1363 2428 annumeremur.
1448 2369 1621 2427 Hanc
1661 2369 1792 2428 vult
1835 2367 2135 2446 Synodum
2176 2383 2448 2442 asserere,
2495 2374 2554 2425 et
2597 2385 2660 2424 se
2709 2386 2850 2424 cum
2907 2365 3026 2423 illa

572 2467 905 2524 agnoscere,
938 2447 1042 2506 sed
1070 2467 1187 2506 non
1212 2448 1393 2508 illam.
1477 2448 1700 2508 Verum
1730 2448 1779 2507 si
1819 2449 2072 2526 penitius
2099 2467 2192 2505 res
2219 2446 2564 2521 attendatur,
2595 2465 2714 2504 non
2741 2446 3024 2506 obscure

571 2527 795 2604 patebit
834 2527 1263 2587 distinctionem
1306 2528 1475 2588 istam
1518 2528 1593 2587 ad
1636 2528 1833 2588 fucum
1875 2527 2202 2587 faciendum
2239 2545 2368 2586 esse
2401 2525 2812 2603 excogitatam,
2863 2545 3016 2603 quae

572 2626 785 2666 nomen
829 2606 1224 2686 imputationis
1263 2607 1582 2684 retinendO,
1627 2629 1749 2668 rem
1789 2608 1974 2686 ipsam
2016 2607 2090 2667 de
2131 2606 2282 2666 facto
2311 2605 2481 2667 tollit.
2564 2606 2716 2666 Nam
2758 2605 2812 2665 si
2857 2606 3016 2665 ideo

574 2695 799 2746 tantum
830 2687 981 2746 Adae
1020 2697 1321 2766 peccatum
1362 2689 1533 2749 nobis
1571 2688 1843 2767 imputari
1883 2688 2096 2747 dicitur
2132 2686 2399 2764 mediate,
2431 2685 2567 2765 quia
2593 2686 2750 2764 apud
2794 2687 3011 2746 Deum

573 2766 658 2826 rei
681 2767 1099 2845 constituimur,
1124 2776 1183 2829 et
1202 2770 1441 2829 obnoxii
1462 2790 1647 2847 poenae
1668 2770 1839 2828 fimus
1859 2776 2093 2847 propter
2113 2767 2536 2843 corruptionem
2563 2766 3008 2825 haereditariam

572 2868 748 2925 quam
775 2849 850 2907 ab
878 2848 1111 2908 Adamo
1138 2851 1436 2925 trahimus,
1468 2849 1629 2908 nulla
1648 2848 1759 2908 erit
1783 2848 2088 2925 imputatio
2115 2847 2343 2925 proprie
2369 2847 2592 2925 peccati
2614 2846 2852 2923 Adami,
2883 2846 3008 2907 sed

572 2936 797 2988 tautum
825 2928 975 2987 labis
1017 2928 1388 3004 inhaerentis3
1434 2928 1605 3003 Quod
1640 2928 1912 3005 Synodus
1939 2929 2324 3006 proscriptum
2350 2927 2553 3003 voluit,
2584 2928 2723 3004 quia
2759 2927 3002 3005 peccati

574 3007 873 3083 originalis
914 3007 1061 3065 duas
1100 3015 1293 3084 partes
1328 3007 1644 3083 constituit,
1677 3007 2101 3085 corruptionem
2129 3008 2520 3082 inhaerentem,
2551 3016 2610 3066 et
2649 3008 2996 3085 imputatio·

573 3105 742 3161 nem3
786 3085 945 3161 quod
985 3086 1103 3144 dici
1144 3105 1261 3144 non
1306 3093 1518 3162 posset,
1565 3085 1616 3145 si
1659 3087 1962 3164 imputatio
2003 3106 2120 3147 non
2148 3087 2316 3145 aliter
2341 3086 2506 3146 fieret
2531 3105 2704 3164 quam
2749 3106 2996 3165 corrup-

571 3164 749 3224 tionis
792 3165 1140 3224 interventu.
1224 3164 1409 3223 Aliud
1452 3166 1608 3225 enim
1657 3176 1746 3227 est
1789 3167 2026 3226 subesse
2073 3168 2175 3226 irae
2221 3166 2334 3225 Dei
2381 3174 2440 3225 et
2487 3167 2992 3227 condemnationis

570 3243 757 3302 reatui
783 3252 1015 3320 propter
1036 3245 1459 3322 corruptionem
1487 3246 1863 3307 inhaerentem
1890 3255 1950 3308 et
1975 3248 2249 3322 nativam,
2273 3266 2404 3324 quae
2425 3266 2528 3324 per
2548 3246 2990 3325 generationem

571 3330 960 3401 propagatur;
1006 3324 1191 3383 Aliud
1217 3333 1449 3403 propter
1474 3326 1665 3405 ipsum
1691 3335 1991 3405 peccatum
2020 3326 2237 3385 Adami
2263 3326 2433 3385 nobis
2459 3326 2821 3404 imputatum.

1173 3406 1322 3465 VII.
1360 3405 1459 3464 Ad
1492 3408 1718 3468 Statum
1741 3407 2106 3483 Quaestionis,
2133 3406 2592 3468 Observandum.
2637 3410 2690 3465 1.
2722 3406 2854 3465 Non
2881 3406 2984 3483 agi

636 3467 991 3573 Smttfuiagnssnaes-
1089 3486 1185 3546 hic
1214 3486 1287 3546 de
1315 3487 1524 3564 quovis
1550 3496 1788 3565 peccato
1818 3488 2050 3563 Adami,
2083 3487 2187 3546 sed
2215 3486 2286 3545 de
2314 3486 2517 3564 primo,
2548 3505 2656 3545 nec
2683 3486 2756 3544 de
2787 3487 2984 3562 primo

1092 3568 1377 3643 habituali,
1402 3568 1561 3645 quod
1586 3568 1647 3625 in
1673 3568 1801 3645 ipso
1821 3567 2006 3643 haesit,
2033 3566 2136 3625 sed
2153 3566 2348 3643 primo
2367 3566 2595 3644 acutuli,
2619 3585 2736 3643 quo
2759 3566 2982 3643 Legem

568 3644 997 3723 primordialem
1024 3646 1286 3723 violavit,
1316 3656 1376 3707 et
1402 3647 1591 3706 foedus
1620 3667 1815 3707 secum
1844 3667 1880 3705 a
1908 3647 2034 3707 Deo
2062 3645 2268 3706 initum
2295 3645 2486 3723 fregit.
2961 3660 2968 3665 ’

650 3726 833 3785 VIII.
872 3730 929 3784 2.
961 3726 1093 3784 Non
1114 3728 1391 3804 quaeritur
1408 3728 1499 3787 De
1520 3728 1790 3787 omnibus
1809 3727 2070 3804 posteris,
2096 3726 2194 3803 qui
2215 3726 2622 3803 quoquomodo
2645 3732 2779 3785 sunt
2805 3724 2880 3785 ab
2907 3744 2982 3784 eo

570 3804 817 3880 oriundi,
848 3804 951 3865 sed
990 3814 1217 3865 tantum
1257 3805 1331 3865 dc
1372 3807 1488 3865 illis
1516 3807 1617 3884 qui
1644 3808 1743 3866 via
1779 3806 2068 3865 ordinaria
2151 3806 2495 3865 enerationis
2535 3806 2611 3864 ab
2638 3826 2707 3864 eo
2735 3805 2978 3864 descen-

569 3885 733 3959 dunt,
762 3892 829 3944 ut
870 3884 952 3944 ita
978 3886 1265 3945 eximatur
1294 3886 1574 3963 Christus,
1617 3887 1720 3964 qui
1760 3906 1874 3947 non
1904 3886 2003 3944 via
2030 3906 2096 3944 or
2137 3885 2333 3959 maria,
2379 3886 2482 3945 sed
2521 3885 2978 3945 exn-aordinaria

568 3972 629 4021 et
656 3965 1075 4040 supernaturali
1102 3974 1414 4043 conceptus
1441 3974 1531 4024 est
1556 3986 1660 4043 per
1685 3965 1806 4023 vim
1837 3966 2086 4043 Spiritus
2131 3965 2345 4040 Sancti,
2374 3984 2492 4024 non
2519 3965 2582 4023 vi
2621 3966 2976 4024 benedictio-

568 4042 661 4100 nis
702 4050 835 4101 ante
881 4043 1109 4119 lapsum
1150 4044 1318 4120 datae,
1364 4045 1467 4104 sed
1494 4045 1556 4103 vi
1598 4044 1997 4121 promissionis
2045 4045 2311 4123 specialis
2353 4044 2580 4123 lapsum
2625 4054 2855 4120 secutae,
2903 4045 2976 4103 de

570 4121 804 4180 Semine
832 4122 1089 4182 mulieris
1116 4124 1431 4183 contritnro
1459 4132 1632 4200 caput
1663 4124 1974 4202 Serpentis,
2005 4145 2124 4183 non
2145 4124 2460 4184 secundum
2488 4125 2972 4202 personalitatem,

564 4200 671 4259 sed
700 4200 1016 4260 secundum
1042 4202 1458 4263 humanitatem
1484 4210 1728 4279 tantum,
1758 4213 1818 4264 et
1844 4204 2016 4283 plane
2044 4204 2515 4264 extraordinarie.

649 4280 770 4339 IX.
816 4283 869 4339 3.
917 4280 1049 4339 Non
1077 4282 1369 4358 quaeritur,
1404 4282 1503 4340 An
1538 4292 1838 4361 peccatum
1868 4284 2018 4344 Adae
2059 4284 2328 4362 imputari
2369 4284 2538 4344 nobis
2567 4284 2807 4360 dicatur,
2837 4283 2974 4361 quia

566 4361 643 4420 ob
670 4368 971 4438 peccatum
999 4361 1279 4437 originale
1306 4363 1474 4421 nobis
1501 4364 1788 4423 inhaerens
1816 4364 1981 4441 digni
2010 4384 2226 4439 sumus,
2257 4364 2359 4442 qui
2385 4384 2456 4423 eo
2481 4364 2612 4423 loco
2639 4365 2966 4437 habeamur,

565 4461 633 4500 ac
662 4442 711 4501 si
739 4440 1025 4500 actualem
1066 4442 1251 4519 ipsam
1290 4442 1739 4504 inobedientiam
1767 4443 2270 4519 commisissemus,
2301 4444 2592 4522 quomodo
2629 4444 2970 4521 proepuaium

562 4522 637 4580 ab
667 4522 897 4599 Apost.,
931 4522 1101 4597 Rom.
1130 4521 1190 4580 ii.
1220 4522 1316 4597 26,
1347 4522 1559 4584 dicitur
1584 4525 1860 4602 imputavi
1896 4525 1956 4583 in
1982 4524 2466 4599 circumcisionem,
2495 4525 2574 4583 id.
2605 4524 2808 4583 eodem
2843 4524 2971 4581 loco

560 4601 756 4661 haberi
801 4622 869 4661 ac
910 4602 961 4661 si
1001 4601 1401 4662 circumcisum
1430 4612 1618 4663 esset:
1663 4605 1800 4682 quia
1844 4603 1926 4663 sic
1971 4611 2240 4680 ageretur
2281 4612 2506 4664 tantum
2549 4604 2621 4663 de
2664 4603 2967 4663 collatione

3196 2851 3209 2891 “A

3179 3187 3210 3619 ³
