<?xml version="1.0" encoding="UTF-8"?>
<!DOCTYPE html PUBLIC "-//W3C//DTD XHTML 1.0 Transitional//EN"
    "http://www.w3.org/TR/xhtml1/DTD/xhtml1-transitional.dtd">
<html xmlns="http://www.w3.org/1999/xhtml" xml:lang="en" lang="en">
 <head>
  <title>
</title>
<meta http-equiv="Content-Type" content="text/html;charset=utf-8" />
  <meta name='ocr-system' content='tesseract 3.04.00' />
  <meta name='ocr-capabilities' content='ocr_page ocr_carea ocr_par ocr_line ocrx_word'/>
</head>
<body>
  <div class='ocr_page' id='page_1' title='image "./institutiotheol00turrgoog_0276.png"; bbox 0 0 3300 5225; ppageno 0'>
   <div class='ocr_carea' id='block_1_1' title="bbox 500 354 2916 440">
    <p class='ocr_par' dir='ltr' id='par_1_1' title="bbox 500 354 2916 440">
     <span class='ocr_line' id='line_1_1' title="bbox 500 354 2916 440; baseline 0.002 -21"><span class='ocrx_word' id='word_1_1' title='bbox 500 360 625 419; x_wconf 77' lang='lat'><strong>224</strong></span> <span class='ocrx_word' id='word_1_2' title='bbox 1458 378 1641 423; x_wconf 77' lang='lat' dir='ltr'><strong>mens</strong></span> <span class='ocrx_word' id='word_1_3' title='bbox 1670 378 1940 423; x_wconf 71' lang='lat' dir='ltr'><strong>rannus.</strong></span> <span class='ocrx_word' id='word_1_4' title='bbox 2508 354 2759 440; x_wconf 67' lang='lat' dir='ltr'><strong>[Quscsr.</strong></span> <span class='ocrx_word' id='word_1_5' title='bbox 2789 378 2916 423; x_wconf 81' lang='lat' dir='ltr'><strong>m.</strong></span> 
     </span>
    </p>
   </div>
   <div class='ocr_carea' id='block_1_2' title="bbox 474 514 2924 4758">
    <p class='ocr_par' dir='ltr' id='par_1_2' title="bbox 495 514 2918 1078">
     <span class='ocr_line' id='line_1_2' title="bbox 498 514 2916 598; baseline 0 -20"><span class='ocrx_word' id='word_1_6' title='bbox 498 518 837 579; x_wconf 87' lang='lat' dir='ltr'><strong>Abrahamo</strong></span> <span class='ocrx_word' id='word_1_7' title='bbox 864 520 1203 598; x_wconf 79' lang='lat' dir='ltr'><strong>posteritas3</strong></span> <span class='ocrx_word' id='word_1_8' title='bbox 1246 529 1313 581; x_wconf 91' lang='lat' dir='ltr'><strong>ut</strong></span> <span class='ocrx_word' id='word_1_9' title='bbox 1338 518 1610 581; x_wconf 81' lang='lat' dir='ltr'><strong>formavit</strong></span> <span class='ocrx_word' id='word_1_10' title='bbox 1638 518 1934 580; x_wconf 88' lang='lat' dir='ltr'><strong>Adamum</strong></span> <span class='ocrx_word' id='word_1_11' title='bbox 1960 538 2038 579; x_wconf 86' lang='lat' dir='ltr'><strong>ex</strong></span> <span class='ocrx_word' id='word_1_12' title='bbox 2065 526 2234 595; x_wconf 87' lang='lat' dir='ltr'><strong>terra,</strong></span> <span class='ocrx_word' id='word_1_13' title='bbox 2265 516 2350 578; x_wconf 89' lang='lat' dir='ltr'><strong>sic</strong></span> <span class='ocrx_word' id='word_1_14' title='bbox 2375 536 2453 578; x_wconf 86' lang='lat' dir='ltr'><strong>ex</strong></span> <span class='ocrx_word' id='word_1_15' title='bbox 2479 514 2772 597; x_wconf 78' lang='lat' dir='ltr'><strong>lapidibus</strong></span> <span class='ocrx_word' id='word_1_16' title='bbox 2811 539 2916 598; x_wconf 83' lang='lat' dir='ltr'><strong>po-</strong></span> 
     </span>
     <span class='ocr_line' id='line_1_3' title="bbox 498 598 2914 677; baseline -0 -18"><span class='ocrx_word' id='word_1_17' title='bbox 498 607 615 659; x_wconf 89' lang='lat' dir='ltr'><strong>test</strong></span> <span class='ocrx_word' id='word_1_18' title='bbox 642 600 793 659; x_wconf 86' lang='lat' dir='ltr'><strong>filios</strong></span> <span class='ocrx_word' id='word_1_19' title='bbox 822 601 1099 661; x_wconf 87' lang='lat' dir='ltr'><strong>suscitare</strong></span> <span class='ocrx_word' id='word_1_20' title='bbox 1127 600 1481 677; x_wconf 88' lang='lat' dir='ltr'><strong>Abrahamo,</strong></span> <span class='ocrx_word' id='word_1_21' title='bbox 1512 622 1629 660; x_wconf 88' lang='lat' dir='ltr'><strong>non</strong></span> <span class='ocrx_word' id='word_1_22' title='bbox 1657 600 1920 660; x_wconf 86' lang='lat' dir='ltr'><strong>carnales</strong></span> <span class='ocrx_word' id='word_1_23' title='bbox 1947 599 2052 659; x_wconf 91' lang='lat' dir='ltr'><strong>sed</strong></span> <span class='ocrx_word' id='word_1_24' title='bbox 2073 598 2438 677; x_wconf 80' lang='lat' dir='ltr'><strong>spirituales3</strong></span> <span class='ocrx_word' id='word_1_25' title='bbox 2481 598 2598 657; x_wconf 91' lang='lat' dir='ltr'><strong>Vel</strong></span> <span class='ocrx_word' id='word_1_26' title='bbox 2617 599 2914 677; x_wconf 84' lang='lat' dir='ltr'><strong>proverbi-</strong></span> 
     </span>
     <span class='ocr_line' id='line_1_4' title="bbox 500 678 2918 759; baseline 0 -21"><span class='ocrx_word' id='word_1_27' title='bbox 500 680 668 738; x_wconf 79' lang='lat' dir='ltr'><strong>aliter</strong></span> <span class='ocrx_word' id='word_1_28' title='bbox 693 688 753 739; x_wconf 86' lang='lat' dir='ltr'><strong>et</strong></span> <span class='ocrx_word' id='word_1_29' title='bbox 778 680 1167 758; x_wconf 83' lang='lat' dir='ltr'><strong>hyperbolice,</strong></span> <span class='ocrx_word' id='word_1_30' title='bbox 1197 680 1489 759; x_wconf 89' lang='lat' dir='ltr'><strong>quomodo</strong></span> <span class='ocrx_word' id='word_1_31' title='bbox 1515 680 1790 741; x_wconf 82' lang='lat' dir='ltr'><strong>dicuntur</strong></span> <span class='ocrx_word' id='word_1_32' title='bbox 1813 682 2030 757; x_wconf 70' lang='lat' dir='ltr'><strong>lapides</strong></span> <span class='ocrx_word' id='word_1_33' title='bbox 2056 678 2372 753; x_wconf 65' lang='lat' dir='ltr'><strong>damam-i,</strong></span> <span class='ocrx_word' id='word_1_34' title='bbox 2405 678 2548 738; x_wconf 90' lang='lat' dir='ltr'><strong>Luc.</strong></span> <span class='ocrx_word' id='word_1_35' title='bbox 2577 678 2703 738; x_wconf 88' lang='lat' dir='ltr'><strong>xix.</strong></span> <span class='ocrx_word' id='word_1_36' title='bbox 2733 680 2830 755; x_wconf 85' lang='lat'><strong>40,</strong></span> <span class='ocrx_word' id='word_1_37' title='bbox 2849 688 2918 739; x_wconf 91' lang='lat' dir='ltr'><strong>ut</strong></span> 
     </span>
     <span class='ocr_line' id='line_1_5' title="bbox 495 758 2914 838; baseline 0 -20"><span class='ocrx_word' id='word_1_38' title='bbox 495 758 771 819; x_wconf 78' lang='lat' dir='ltr'><strong>innuatur</strong></span> <span class='ocrx_word' id='word_1_39' title='bbox 800 761 989 820; x_wconf 89' lang='lat' dir='ltr'><strong>Deum</strong></span> <span class='ocrx_word' id='word_1_40' title='bbox 1014 780 1185 838; x_wconf 89' lang='lat' dir='ltr'><strong>posse</strong></span> <span class='ocrx_word' id='word_1_41' title='bbox 1212 761 1419 820; x_wconf 87' lang='lat' dir='ltr'><strong>mediis</strong></span> <span class='ocrx_word' id='word_1_42' title='bbox 1445 760 1934 835; x_wconf 84' lang='lat' dir='ltr'><strong>extraordinariis,</strong></span> <span class='ocrx_word' id='word_1_43' title='bbox 1965 768 2024 819; x_wconf 91' lang='lat' dir='ltr'><strong>et</strong></span> <span class='ocrx_word' id='word_1_44' title='bbox 2057 767 2268 837; x_wconf 72' lang='lat' dir='ltr'><strong>praeter</strong></span> <span class='ocrx_word' id='word_1_45' title='bbox 2291 766 2512 817; x_wconf 71' lang='lat' dir='ltr'><strong>naturae</strong></span> <span class='ocrx_word' id='word_1_46' title='bbox 2539 778 2772 820; x_wconf 89' lang='lat' dir='ltr'><strong>cursum</strong></span> <span class='ocrx_word' id='word_1_47' title='bbox 2811 779 2914 837; x_wconf 91' lang='lat' dir='ltr'><strong>po-</strong></span> 
     </span>
     <span class='ocr_line' id='line_1_6' title="bbox 496 838 2914 918; baseline 0 -20"><span class='ocrx_word' id='word_1_48' title='bbox 496 840 699 917; x_wconf 90' lang='lat' dir='ltr'><strong>pulum</strong></span> <span class='ocrx_word' id='word_1_49' title='bbox 728 840 837 899; x_wconf 89' lang='lat' dir='ltr'><strong>sibi</strong></span> <span class='ocrx_word' id='word_1_50' title='bbox 867 840 1159 918; x_wconf 76' lang='lat' dir='ltr'><strong>colligere.</strong></span> <span class='ocrx_word' id='word_1_51' title='bbox 1245 841 1339 900; x_wconf 87' lang='lat' dir='ltr'><strong>Ita</strong></span> <span class='ocrx_word' id='word_1_52' title='bbox 1363 840 1460 899; x_wconf 91' lang='lat' dir='ltr'><strong>hic</strong></span> <span class='ocrx_word' id='word_1_53' title='bbox 1486 840 1745 918; x_wconf 87' lang='lat' dir='ltr'><strong>potentia</strong></span> <span class='ocrx_word' id='word_1_54' title='bbox 1770 848 2004 899; x_wconf 88' lang='lat' dir='ltr'><strong>notatur</strong></span> <span class='ocrx_word' id='word_1_55' title='bbox 2027 838 2312 914; x_wconf 84' lang='lat' dir='ltr'><strong>absoluta,</strong></span> <span class='ocrx_word' id='word_1_56' title='bbox 2336 858 2468 916; x_wconf 80' lang='lat' dir='ltr'><strong>quae</strong></span> <span class='ocrx_word' id='word_1_57' title='bbox 2496 838 2717 898; x_wconf 89' lang='lat' dir='ltr'><strong>scilicet</strong></span> <span class='ocrx_word' id='word_1_58' title='bbox 2745 858 2914 917; x_wconf 88' lang='lat' dir='ltr'><strong>supe·</strong></span> 
     </span>
     <span class='ocr_line' id='line_1_7' title="bbox 496 917 2913 996; baseline -0 -18"><span class='ocrx_word' id='word_1_59' title='bbox 496 927 590 979; x_wconf 91' lang='lat' dir='ltr'><strong>rat</strong></span> <span class='ocrx_word' id='word_1_60' title='bbox 616 919 874 979; x_wconf 80' lang='lat' dir='ltr'><strong>ordinem</strong></span> <span class='ocrx_word' id='word_1_61' title='bbox 900 921 963 979; x_wconf 91' lang='lat' dir='ltr'><strong>in</strong></span> <span class='ocrx_word' id='word_1_62' title='bbox 989 930 1197 980; x_wconf 75' lang='lat' dir='ltr'><strong>natm-a</strong></span> <span class='ocrx_word' id='word_1_63' title='bbox 1222 921 1614 996; x_wconf 87' lang='lat' dir='ltr'><strong>constitutum,</strong></span> <span class='ocrx_word' id='word_1_64' title='bbox 1659 940 1777 979; x_wconf 91' lang='lat' dir='ltr'><strong>non</strong></span> <span class='ocrx_word' id='word_1_65' title='bbox 1803 938 1944 979; x_wconf 80' lang='lat' dir='ltr'><strong>vero</strong></span> <span class='ocrx_word' id='word_1_66' title='bbox 1983 918 2246 994; x_wconf 68' lang='lat' dir='ltr'><strong>acnmlis,</strong></span> <span class='ocrx_word' id='word_1_67' title='bbox 2276 938 2408 996; x_wconf 76' lang='lat' dir='ltr'><strong>quse</strong></span> <span class='ocrx_word' id='word_1_68' title='bbox 2448 917 2625 977; x_wconf 85' lang='lat' dir='ltr'><strong>talem</strong></span> <span class='ocrx_word' id='word_1_69' title='bbox 2651 917 2913 978; x_wconf 77' lang='lat' dir='ltr'><strong>ordinem</strong></span> 
     </span>
     <span class='ocr_line' id='line_1_8' title="bbox 497 998 1160 1078; baseline 0.006 -22"><span class='ocrx_word' id='word_1_70' title='bbox 497 998 771 1058; x_wconf 88' lang='lat' dir='ltr'><strong>observat</strong></span> <span class='ocrx_word' id='word_1_71' title='bbox 797 1008 857 1059; x_wconf 90' lang='lat' dir='ltr'><strong>et</strong></span> <span class='ocrx_word' id='word_1_72' title='bbox 884 1001 1160 1078; x_wconf 89' lang='lat' dir='ltr'><strong>sequitur.</strong></span> 
     </span>
    </p>

    <p class='ocr_par' dir='ltr' id='par_1_3' title="bbox 489 1074 2922 1636">
     <span class='ocr_line' id='line_1_9' title="bbox 518 1074 2915 1159; baseline 0.001 -24"><span class='ocrx_word' id='word_1_73' title='bbox 518 1106 525 1111; x_wconf 95' lang='lat'>·</span> <span class='ocrx_word' id='word_1_74' title='bbox 576 1078 767 1138; x_wconf 86' lang='lat' dir='ltr'>XXI.</span> <span class='ocrx_word' id='word_1_75' title='bbox 811 1078 1090 1154; x_wconf 83' lang='lat' dir='ltr'><strong>Quamvis</strong></span> <span class='ocrx_word' id='word_1_76' title='bbox 1118 1078 1313 1139; x_wconf 90' lang='lat' dir='ltr'><strong>omnia</strong></span> <span class='ocrx_word' id='word_1_77' title='bbox 1336 1098 1511 1159; x_wconf 89' lang='lat' dir='ltr'><strong>opera</strong></span> <span class='ocrx_word' id='word_1_78' title='bbox 1540 1077 1652 1138; x_wconf 89' lang='lat' dir='ltr'><strong>Dei</strong></span> <span class='ocrx_word' id='word_1_79' title='bbox 1680 1078 1797 1138; x_wconf 87' lang='lat' dir='ltr'><strong>sint</strong></span> <span class='ocrx_word' id='word_1_80' title='bbox 1821 1074 2001 1153; x_wconf 87' lang='lat' dir='ltr'><strong>finita,</strong></span> <span class='ocrx_word' id='word_1_81' title='bbox 2030 1096 2140 1137; x_wconf 88' lang='lat' dir='ltr'><strong>nec</strong></span> <span class='ocrx_word' id='word_1_82' title='bbox 2163 1076 2350 1137; x_wconf 85' lang='lat' dir='ltr'><strong>ullum</strong></span> <span class='ocrx_word' id='word_1_83' title='bbox 2377 1074 2666 1136; x_wconf 86' lang='lat' dir='ltr'><strong>infinitum</strong></span> <span class='ocrx_word' id='word_1_84' title='bbox 2692 1085 2827 1137; x_wconf 89' lang='lat' dir='ltr'><strong>actu</strong></span> <span class='ocrx_word' id='word_1_85' title='bbox 2854 1086 2915 1138; x_wconf 87' lang='lat' dir='ltr'><strong>et</strong></span> 
     </span>
     <span class='ocr_line' id='line_1_10' title="bbox 493 1154 2922 1237; baseline 0.001 -22"><span class='ocrx_word' id='word_1_86' title='bbox 493 1159 721 1236; x_wconf 90' lang='lat' dir='ltr'><strong>proprie</strong></span> <span class='ocrx_word' id='word_1_87' title='bbox 769 1157 989 1219; x_wconf 89' lang='lat' dir='ltr'><strong>dictum</strong></span> <span class='ocrx_word' id='word_1_88' title='bbox 1016 1180 1052 1219; x_wconf 87' lang='lat' dir='ltr'><strong>a</strong></span> <span class='ocrx_word' id='word_1_89' title='bbox 1080 1160 1208 1219; x_wconf 87' lang='lat' dir='ltr'><strong>Deo</strong></span> <span class='ocrx_word' id='word_1_90' title='bbox 1250 1159 1377 1219; x_wconf 84' lang='lat' dir='ltr'><strong>fieri</strong></span> <span class='ocrx_word' id='word_1_91' title='bbox 1407 1159 1628 1237; x_wconf 88' lang='lat' dir='ltr'><strong>possit;</strong></span> <span class='ocrx_word' id='word_1_92' title='bbox 1672 1178 1792 1217; x_wconf 90' lang='lat' dir='ltr'><strong>non</strong></span> <span class='ocrx_word' id='word_1_93' title='bbox 1833 1166 2136 1237; x_wconf 90' lang='lat' dir='ltr'><strong>propterea</strong></span> <span class='ocrx_word' id='word_1_94' title='bbox 2177 1155 2458 1235; x_wconf 84' lang='lat' dir='ltr'><strong>limitatur</strong></span> <span class='ocrx_word' id='word_1_95' title='bbox 2483 1154 2922 1234; x_wconf 68' lang='lat' dir='ltr'><strong>‘omnipotentia</strong></span> 
     </span>
     <span class='ocr_line' id='line_1_11' title="bbox 494 1236 2914 1315; baseline 0 -20"><span class='ocrx_word' id='word_1_96' title='bbox 494 1236 624 1312; x_wconf 85' lang='lat' dir='ltr'><strong>Dei,</strong></span> <span class='ocrx_word' id='word_1_97' title='bbox 656 1238 793 1315; x_wconf 88' lang='lat' dir='ltr'><strong>quia</strong></span> <span class='ocrx_word' id='word_1_98' title='bbox 818 1258 935 1298; x_wconf 86' lang='lat' dir='ltr'><strong>non</strong></span> <span class='ocrx_word' id='word_1_99' title='bbox 964 1239 1176 1299; x_wconf 80' lang='lat' dir='ltr'><strong>desinit</strong></span> <span class='ocrx_word' id='word_1_100' title='bbox 1202 1257 1329 1298; x_wconf 85' lang='lat' dir='ltr'><strong>esse</strong></span> <span class='ocrx_word' id='word_1_101' title='bbox 1356 1239 1595 1314; x_wconf 87' lang='lat' dir='ltr'><strong>infinita,</strong></span> <span class='ocrx_word' id='word_1_102' title='bbox 1626 1246 1752 1297; x_wconf 88' lang='lat' dir='ltr'><strong>tum</strong></span> <span class='ocrx_word' id='word_1_103' title='bbox 1785 1240 2031 1297; x_wconf 62' lang='lat' dir='ltr'><strong>essentias</strong></span> <span class='ocrx_word' id='word_1_104' title='bbox 2056 1244 2337 1315; x_wconf 85' lang='lat' dir='ltr'><strong>respectu,</strong></span> <span class='ocrx_word' id='word_1_105' title='bbox 2369 1254 2501 1296; x_wconf 88' lang='lat' dir='ltr'><strong>cum</strong></span> <span class='ocrx_word' id='word_1_106' title='bbox 2527 1256 2645 1314; x_wconf 89' lang='lat' dir='ltr'><strong>qua</strong></span> <span class='ocrx_word' id='word_1_107' title='bbox 2671 1256 2914 1296; x_wconf 83' lang='lat' dir='ltr'><strong>conver-</strong></span> 
     </span>
     <span class='ocr_line' id='line_1_12' title="bbox 492 1316 2918 1397; baseline 0.001 -22"><span class='ocrx_word' id='word_1_108' title='bbox 492 1317 649 1393; x_wconf 88' lang='lat' dir='ltr'><strong>titur,</strong></span> <span class='ocrx_word' id='word_1_109' title='bbox 680 1328 806 1377; x_wconf 89' lang='lat' dir='ltr'><strong>tum</strong></span> <span class='ocrx_word' id='word_1_110' title='bbox 846 1329 1110 1397; x_wconf 87' lang='lat' dir='ltr'><strong>respectu</strong></span> <span class='ocrx_word' id='word_1_111' title='bbox 1150 1319 1309 1378; x_wconf 79' lang='lat' dir='ltr'><strong>modi</strong></span> <span class='ocrx_word' id='word_1_112' title='bbox 1347 1319 1641 1396; x_wconf 72' lang='lat' dir='ltr'><strong>operandi,</strong></span> <span class='ocrx_word' id='word_1_113' title='bbox 1681 1318 1784 1397; x_wconf 90' lang='lat' dir='ltr'><strong>qui</strong></span> <span class='ocrx_word' id='word_1_114' title='bbox 1827 1318 1890 1376; x_wconf 86' lang='lat' dir='ltr'><strong>in</strong></span> <span class='ocrx_word' id='word_1_115' title='bbox 1933 1317 2203 1397; x_wconf 82' lang='lat' dir='ltr'><strong>operibus</strong></span> <span class='ocrx_word' id='word_1_116' title='bbox 2229 1316 2409 1376; x_wconf 86' lang='lat' dir='ltr'><strong>finitis</strong></span> <span class='ocrx_word' id='word_1_117' title='bbox 2436 1316 2696 1375; x_wconf 86' lang='lat' dir='ltr'><strong>infinitus</strong></span> <span class='ocrx_word' id='word_1_118' title='bbox 2737 1316 2918 1377; x_wconf 79' lang='lat' dir='ltr'><strong>debet</strong></span> 
     </span>
     <span class='ocr_line' id='line_1_13' title="bbox 494 1395 2912 1477; baseline 0 -23"><span class='ocrx_word' id='word_1_119' title='bbox 494 1416 639 1473; x_wconf 89' lang='lat' dir='ltr'><strong>esse,</strong></span> <span class='ocrx_word' id='word_1_120' title='bbox 671 1397 796 1458; x_wconf 87' lang='lat' dir='ltr'><strong>sive</strong></span> <span class='ocrx_word' id='word_1_121' title='bbox 822 1408 1057 1477; x_wconf 88' lang='lat' dir='ltr'><strong>propter</strong></span> <span class='ocrx_word' id='word_1_122' title='bbox 1082 1398 1366 1459; x_wconf 87' lang='lat' dir='ltr'><strong>infinitam</strong></span> <span class='ocrx_word' id='word_1_123' title='bbox 1394 1397 1729 1459; x_wconf 77' lang='lat' dir='ltr'><strong>distantiam</strong></span> <span class='ocrx_word' id='word_1_124' title='bbox 1769 1398 1921 1457; x_wconf 90' lang='lat' dir='ltr'><strong>inter</strong></span> <span class='ocrx_word' id='word_1_125' title='bbox 1947 1416 2050 1457; x_wconf 87' lang='lat' dir='ltr'><strong>ens</strong></span> <span class='ocrx_word' id='word_1_126' title='bbox 2078 1406 2137 1456; x_wconf 91' lang='lat' dir='ltr'><strong>et</strong></span> <span class='ocrx_word' id='word_1_127' title='bbox 2175 1395 2356 1473; x_wconf 89' lang='lat' dir='ltr'><strong>nihil;</strong></span> <span class='ocrx_word' id='word_1_128' title='bbox 2403 1396 2528 1455; x_wconf 78' lang='lat' dir='ltr'><strong>sive</strong></span> <span class='ocrx_word' id='word_1_129' title='bbox 2555 1395 2692 1473; x_wconf 90' lang='lat' dir='ltr'><strong>quia</strong></span> <span class='ocrx_word' id='word_1_130' title='bbox 2717 1396 2912 1455; x_wconf 79' lang='lat' dir='ltr'><strong>infini-</strong></span> 
     </span>
     <span class='ocr_line' id='line_1_14' title="bbox 490 1475 2910 1556; baseline 0 -21"><span class='ocrx_word' id='word_1_131' title='bbox 490 1484 619 1536; x_wconf 90' lang='lat' dir='ltr'><strong>tum</strong></span> <span class='ocrx_word' id='word_1_132' title='bbox 644 1480 969 1537; x_wconf 89' lang='lat' dir='ltr'><strong>necessario</strong></span> <span class='ocrx_word' id='word_1_133' title='bbox 997 1479 1175 1540; x_wconf 88' lang='lat' dir='ltr'><strong>statui</strong></span> <span class='ocrx_word' id='word_1_134' title='bbox 1202 1478 1376 1538; x_wconf 90' lang='lat' dir='ltr'><strong>debet</strong></span> <span class='ocrx_word' id='word_1_135' title='bbox 1415 1498 1612 1556; x_wconf 89' lang='lat' dir='ltr'><strong>agens,</strong></span> <span class='ocrx_word' id='word_1_136' title='bbox 1644 1478 1740 1537; x_wconf 90' lang='lat' dir='ltr'><strong>cui</strong></span> <span class='ocrx_word' id='word_1_137' title='bbox 1779 1478 1928 1536; x_wconf 87' lang='lat' dir='ltr'><strong>nihil</strong></span> <span class='ocrx_word' id='word_1_138' title='bbox 1954 1478 2017 1535; x_wconf 87' lang='lat' dir='ltr'><strong>in</strong></span> <span class='ocrx_word' id='word_1_139' title='bbox 2043 1475 2201 1555; x_wconf 89' lang='lat' dir='ltr'><strong>quod</strong></span> <span class='ocrx_word' id='word_1_140' title='bbox 2241 1484 2380 1554; x_wconf 82' lang='lat' dir='ltr'><strong>agat</strong></span> <span class='ocrx_word' id='word_1_141' title='bbox 2405 1476 2910 1555; x_wconf 77' lang='lat' dir='ltr'><strong>praesupponitur3</strong></span> 
     </span>
     <span class='ocr_line' id='line_1_15' title="bbox 489 1552 2879 1636; baseline 0 -21"><span class='ocrx_word' id='word_1_142' title='bbox 489 1564 617 1617; x_wconf 89' lang='lat' dir='ltr'><strong>tum</strong></span> <span class='ocrx_word' id='word_1_143' title='bbox 643 1566 910 1635; x_wconf 88' lang='lat' dir='ltr'><strong>respectu</strong></span> <span class='ocrx_word' id='word_1_144' title='bbox 938 1560 1288 1635; x_wconf 80' lang='lat' dir='ltr'><strong>objectorum,</strong></span> <span class='ocrx_word' id='word_1_145' title='bbox 1319 1577 1451 1636; x_wconf 80' lang='lat' dir='ltr'><strong>quse</strong></span> <span class='ocrx_word' id='word_1_146' title='bbox 1475 1565 1722 1635; x_wconf 78' lang='lat' dir='ltr'><strong>possunt</strong></span> <span class='ocrx_word' id='word_1_147' title='bbox 1747 1552 1865 1616; x_wconf 88' lang='lat' dir='ltr'><strong>dici</strong></span> <span class='ocrx_word' id='word_1_148' title='bbox 1889 1556 2132 1632; x_wconf 86' lang='lat' dir='ltr'><strong>infinita,</strong></span> <span class='ocrx_word' id='word_1_149' title='bbox 2163 1576 2281 1615; x_wconf 89' lang='lat' dir='ltr'><strong>non</strong></span> <span class='ocrx_word' id='word_1_150' title='bbox 2308 1564 2444 1615; x_wconf 90' lang='lat' dir='ltr'><strong>actu</strong></span> <span class='ocrx_word' id='word_1_151' title='bbox 2471 1554 2576 1615; x_wconf 88' lang='lat' dir='ltr'><strong>sed</strong></span> <span class='ocrx_word' id='word_1_152' title='bbox 2601 1557 2879 1633; x_wconf 87' lang='lat' dir='ltr'><strong>potentia.</strong></span> 
     </span>
    </p>

    <p class='ocr_par' dir='ltr' id='par_1_4' title="bbox 486 1635 2914 2271">
     <span class='ocr_line' id='line_1_16' title="bbox 575 1635 2910 1711; baseline 0 -17"><span class='ocrx_word' id='word_1_153' title='bbox 575 1636 801 1697; x_wconf 89' lang='lat' dir='ltr'>XXII.</span> <span class='ocrx_word' id='word_1_154' title='bbox 846 1638 1172 1698; x_wconf 77' lang='lat' dir='ltr'><strong>Potentiam</strong></span> <span class='ocrx_word' id='word_1_155' title='bbox 1198 1639 1349 1697; x_wconf 91' lang='lat' dir='ltr'><strong>hanc</strong></span> <span class='ocrx_word' id='word_1_156' title='bbox 1376 1638 1661 1697; x_wconf 86' lang='lat' dir='ltr'><strong>infinitam</strong></span> <span class='ocrx_word' id='word_1_157' title='bbox 1688 1656 1853 1697; x_wconf 88' lang='lat' dir='ltr'><strong>suam</strong></span> <span class='ocrx_word' id='word_1_158' title='bbox 1882 1637 2044 1697; x_wconf 89' lang='lat' dir='ltr'><strong>Deus</strong></span> <span class='ocrx_word' id='word_1_159' title='bbox 2071 1644 2319 1711; x_wconf 79' lang='lat' dir='ltr'><strong>exercet,</strong></span> <span class='ocrx_word' id='word_1_160' title='bbox 2342 1635 2440 1695; x_wconf 80' lang='lat' dir='ltr'><strong>vel</strong></span> <span class='ocrx_word' id='word_1_161' title='bbox 2465 1636 2704 1695; x_wconf 69' lang='lat' dir='ltr'><strong>mediate</strong></span> <span class='ocrx_word' id='word_1_162' title='bbox 2731 1636 2910 1695; x_wconf 88' lang='lat' dir='ltr'><strong>inter·-</strong></span> 
     </span>
     <span class='ocr_line' id='line_1_17' title="bbox 489 1715 2906 1795; baseline 0 -21"><span class='ocrx_word' id='word_1_163' title='bbox 489 1727 675 1775; x_wconf 79' lang='lat' dir='ltr'><strong>vontu</strong></span> <span class='ocrx_word' id='word_1_164' title='bbox 702 1735 1003 1777; x_wconf 88' lang='lat' dir='ltr'><strong>causarum</strong></span> <span class='ocrx_word' id='word_1_165' title='bbox 1030 1718 1427 1793; x_wconf 89' lang='lat' dir='ltr'><strong>secundarum,</strong></span> <span class='ocrx_word' id='word_1_166' title='bbox 1456 1717 1670 1794; x_wconf 89' lang='lat' dir='ltr'><strong>quibus</strong></span> <span class='ocrx_word' id='word_1_167' title='bbox 1709 1725 1986 1795; x_wconf 85' lang='lat' dir='ltr'><strong>tanquam</strong></span> <span class='ocrx_word' id='word_1_168' title='bbox 2025 1715 2421 1775; x_wconf 78' lang='lat' dir='ltr'><strong>instrumentis</strong></span> <span class='ocrx_word' id='word_1_169' title='bbox 2445 1716 2630 1774; x_wconf 83' lang='lat' dir='ltr'><strong>utitur</strong></span> <span class='ocrx_word' id='word_1_170' title='bbox 2655 1715 2732 1774; x_wconf 76' lang='lat' dir='ltr'><strong>ad</strong></span> <span class='ocrx_word' id='word_1_171' title='bbox 2771 1735 2906 1795; x_wconf 89' lang='lat' dir='ltr'><strong>ope-</strong></span> 
     </span>
     <span class='ocr_line' id='line_1_18' title="bbox 490 1795 2904 1875; baseline 0.001 -22"><span class='ocrx_word' id='word_1_172' title='bbox 490 1795 770 1874; x_wconf 79' lang='lat' dir='ltr'><strong>randum3</strong></span> <span class='ocrx_word' id='word_1_173' title='bbox 813 1797 911 1858; x_wconf 85' lang='lat' dir='ltr'><strong>vel</strong></span> <span class='ocrx_word' id='word_1_174' title='bbox 938 1798 1270 1872; x_wconf 65' lang='lat' dir='ltr'><strong>immodicus,</strong></span> <span class='ocrx_word' id='word_1_175' title='bbox 1290 1818 1467 1875; x_wconf 91' lang='lat' dir='ltr'><strong>quum</strong></span> <span class='ocrx_word' id='word_1_176' title='bbox 1498 1797 1661 1857; x_wconf 91' lang='lat' dir='ltr'><strong>Deus</strong></span> <span class='ocrx_word' id='word_1_177' title='bbox 1685 1816 1794 1875; x_wconf 90' lang='lat' dir='ltr'><strong>per</strong></span> <span class='ocrx_word' id='word_1_178' title='bbox 1807 1798 2060 1875; x_wconf 87' lang='lat' dir='ltr'><strong>seipsum</strong></span> <span class='ocrx_word' id='word_1_179' title='bbox 2081 1796 2205 1855; x_wconf 89' lang='lat' dir='ltr'><strong>sine</strong></span> <span class='ocrx_word' id='word_1_180' title='bbox 2227 1796 2357 1855; x_wconf 89' lang='lat' dir='ltr'><strong>aliis</strong></span> <span class='ocrx_word' id='word_1_181' title='bbox 2384 1796 2575 1855; x_wconf 85' lang='lat' dir='ltr'><strong>causis</strong></span> <span class='ocrx_word' id='word_1_182' title='bbox 2603 1806 2904 1873; x_wconf 81' lang='lat' dir='ltr'><strong>operatur3</strong></span> 
     </span>
     <span class='ocr_line' id='line_1_19' title="bbox 488 1872 2914 1955; baseline 0.001 -22"><span class='ocrx_word' id='word_1_183' title='bbox 488 1875 668 1953; x_wconf 87' lang='lat' dir='ltr'><strong>priori</strong></span> <span class='ocrx_word' id='word_1_184' title='bbox 694 1896 869 1937; x_wconf 90' lang='lat' dir='ltr'><strong>sensu</strong></span> <span class='ocrx_word' id='word_1_185' title='bbox 897 1878 1059 1937; x_wconf 87' lang='lat' dir='ltr'><strong>Deus</strong></span> <span class='ocrx_word' id='word_1_186' title='bbox 1083 1878 1400 1955; x_wconf 88' lang='lat' dir='ltr'><strong>potentiam</strong></span> <span class='ocrx_word' id='word_1_187' title='bbox 1442 1896 1606 1937; x_wconf 90' lang='lat' dir='ltr'><strong>suam</strong></span> <span class='ocrx_word' id='word_1_188' title='bbox 1632 1876 1821 1937; x_wconf 83' lang='lat' dir='ltr'><strong>exerit</strong></span> <span class='ocrx_word' id='word_1_189' title='bbox 1859 1876 1921 1935; x_wconf 89' lang='lat' dir='ltr'><strong>in</strong></span> <span class='ocrx_word' id='word_1_190' title='bbox 1962 1875 2146 1953; x_wconf 87' lang='lat' dir='ltr'><strong>gradu</strong></span> <span class='ocrx_word' id='word_1_191' title='bbox 2185 1874 2366 1951; x_wconf 85' lang='lat' dir='ltr'><strong>finito,</strong></span> <span class='ocrx_word' id='word_1_192' title='bbox 2396 1872 2534 1953; x_wconf 88' lang='lat' dir='ltr'><strong>quia</strong></span> <span class='ocrx_word' id='word_1_193' title='bbox 2559 1894 2678 1935; x_wconf 91' lang='lat' dir='ltr'><strong>non</strong></span> <span class='ocrx_word' id='word_1_194' title='bbox 2715 1884 2914 1952; x_wconf 87' lang='lat' dir='ltr'><strong>potest</strong></span> 
     </span>
     <span class='ocr_line' id='line_1_20' title="bbox 488 1954 2908 2033; baseline 0 -20"><span class='ocrx_word' id='word_1_195' title='bbox 488 1956 913 2017; x_wconf 88' lang='lat' dir='ltr'><strong>communicare</strong></span> <span class='ocrx_word' id='word_1_196' title='bbox 940 1958 1213 2017; x_wconf 87' lang='lat' dir='ltr'><strong>virtutem</strong></span> <span class='ocrx_word' id='word_1_197' title='bbox 1242 1976 1405 2017; x_wconf 87' lang='lat' dir='ltr'><strong>suam</strong></span> <span class='ocrx_word' id='word_1_198' title='bbox 1433 1966 1708 2017; x_wconf 71' lang='lat' dir='ltr'><strong>creaturas</strong></span> <span class='ocrx_word' id='word_1_199' title='bbox 1735 1956 1850 2021; x_wconf 88' lang='lat' dir='ltr'><strong>nisi</strong></span> <span class='ocrx_word' id='word_1_200' title='bbox 1875 1956 1938 2015; x_wconf 92' lang='lat' dir='ltr'><strong>in</strong></span> <span class='ocrx_word' id='word_1_201' title='bbox 1965 1955 2150 2033; x_wconf 88' lang='lat' dir='ltr'><strong>gradu</strong></span> <span class='ocrx_word' id='word_1_202' title='bbox 2185 1954 2368 2031; x_wconf 85' lang='lat' dir='ltr'><strong>finito,</strong></span> <span class='ocrx_word' id='word_1_203' title='bbox 2398 1955 2563 2033; x_wconf 88' lang='lat' dir='ltr'><strong>cujus</strong></span> <span class='ocrx_word' id='word_1_204' title='bbox 2590 1974 2776 2033; x_wconf 87' lang='lat' dir='ltr'><strong>capax</strong></span> <span class='ocrx_word' id='word_1_205' title='bbox 2817 1964 2908 2014; x_wconf 88' lang='lat' dir='ltr'><strong>est</strong></span> 
     </span>
     <span class='ocr_line' id='line_1_21' title="bbox 489 2034 2910 2115; baseline 0 -22"><span class='ocrx_word' id='word_1_206' title='bbox 489 2044 791 2113; x_wconf 76' lang='lat' dir='ltr'><strong>creatura3</strong></span> <span class='ocrx_word' id='word_1_207' title='bbox 832 2057 890 2097; x_wconf 85' lang='lat' dir='ltr'><strong>v.</strong></span> <span class='ocrx_word' id='word_1_208' title='bbox 920 2058 980 2115; x_wconf 89' lang='lat' dir='ltr'><strong>g.</strong></span> <span class='ocrx_word' id='word_1_209' title='bbox 1023 2056 1203 2115; x_wconf 89' lang='lat' dir='ltr'><strong>quum</strong></span> <span class='ocrx_word' id='word_1_210' title='bbox 1244 2038 1562 2114; x_wconf 89' lang='lat' dir='ltr'><strong>potentiam</strong></span> <span class='ocrx_word' id='word_1_211' title='bbox 1604 2056 1768 2096; x_wconf 87' lang='lat' dir='ltr'><strong>suam</strong></span> <span class='ocrx_word' id='word_1_212' title='bbox 1809 2036 1996 2096; x_wconf 83' lang='lat' dir='ltr'><strong>exerit</strong></span> <span class='ocrx_word' id='word_1_213' title='bbox 2025 2036 2188 2095; x_wconf 83' lang='lat' dir='ltr'><strong>Deus</strong></span> <span class='ocrx_word' id='word_1_214' title='bbox 2225 2035 2287 2093; x_wconf 90' lang='lat' dir='ltr'><strong>in</strong></span> <span class='ocrx_word' id='word_1_215' title='bbox 2315 2034 2627 2093; x_wconf 83' lang='lat' dir='ltr'><strong>nutritione</strong></span> <span class='ocrx_word' id='word_1_216' title='bbox 2653 2035 2910 2094; x_wconf 85' lang='lat' dir='ltr'><strong>hominis</strong></span> 
     </span>
     <span class='ocr_line' id='line_1_22' title="bbox 486 2114 2906 2194; baseline 0.001 -22"><span class='ocrx_word' id='word_1_217' title='bbox 486 2134 593 2193; x_wconf 88' lang='lat' dir='ltr'><strong>per</strong></span> <span class='ocrx_word' id='word_1_218' title='bbox 619 2115 818 2176; x_wconf 83' lang='lat' dir='ltr'><strong>cibos:</strong></span> <span class='ocrx_word' id='word_1_219' title='bbox 859 2117 1167 2194; x_wconf 81' lang='lat' dir='ltr'><strong>posteriori</strong></span> <span class='ocrx_word' id='word_1_220' title='bbox 1192 2137 1364 2177; x_wconf 88' lang='lat' dir='ltr'><strong>sensu</strong></span> <span class='ocrx_word' id='word_1_221' title='bbox 1392 2117 1553 2175; x_wconf 84' lang='lat' dir='ltr'><strong>illam</strong></span> <span class='ocrx_word' id='word_1_222' title='bbox 1580 2118 1768 2177; x_wconf 82' lang='lat' dir='ltr'><strong>exerit</strong></span> <span class='ocrx_word' id='word_1_223' title='bbox 1792 2116 2018 2175; x_wconf 90' lang='lat' dir='ltr'><strong>infinito</strong></span> <span class='ocrx_word' id='word_1_224' title='bbox 2043 2115 2234 2193; x_wconf 82' lang='lat' dir='ltr'><strong>mode,</strong></span> <span class='ocrx_word' id='word_1_225' title='bbox 2265 2115 2404 2193; x_wconf 84' lang='lat' dir='ltr'><strong>quia</strong></span> <span class='ocrx_word' id='word_1_226' title='bbox 2430 2114 2592 2174; x_wconf 88' lang='lat' dir='ltr'><strong>solus</strong></span> <span class='ocrx_word' id='word_1_227' title='bbox 2615 2124 2906 2194; x_wconf 81' lang='lat' dir='ltr'><strong>operatur,</strong></span> 
     </span>
     <span class='ocr_line' id='line_1_23' title="bbox 488 2194 2260 2271; baseline 0.001 -18"><span class='ocrx_word' id='word_1_228' title='bbox 488 2202 556 2254; x_wconf 89' lang='lat' dir='ltr'><strong>ut</strong></span> <span class='ocrx_word' id='word_1_229' title='bbox 582 2215 759 2271; x_wconf 90' lang='lat' dir='ltr'><strong>quum</strong></span> <span class='ocrx_word' id='word_1_230' title='bbox 788 2196 1063 2256; x_wconf 77' lang='lat' dir='ltr'><strong>virtutem</strong></span> <span class='ocrx_word' id='word_1_231' title='bbox 1094 2216 1257 2256; x_wconf 87' lang='lat' dir='ltr'><strong>suam</strong></span> <span class='ocrx_word' id='word_1_232' title='bbox 1284 2196 1471 2257; x_wconf 87' lang='lat' dir='ltr'><strong>exerit</strong></span> <span class='ocrx_word' id='word_1_233' title='bbox 1496 2196 1557 2255; x_wconf 91' lang='lat' dir='ltr'><strong>in</strong></span> <span class='ocrx_word' id='word_1_234' title='bbox 1586 2196 1964 2256; x_wconf 83' lang='lat' dir='ltr'><strong>conversione</strong></span> <span class='ocrx_word' id='word_1_235' title='bbox 1991 2194 2260 2255; x_wconf 86' lang='lat' dir='ltr'><strong>hominis.</strong></span> 
     </span>
    </p>

    <p class='ocr_par' dir='ltr' id='par_1_5' title="bbox 482 2274 2924 2913">
     <span class='ocr_line' id='line_1_24' title="bbox 569 2274 2905 2355; baseline 0 -22"><span class='ocrx_word' id='word_1_236' title='bbox 569 2274 831 2335; x_wconf 87' lang='lat' dir='ltr'>XXIII.</span> <span class='ocrx_word' id='word_1_237' title='bbox 872 2277 1039 2337; x_wconf 80' lang='lat' dir='ltr'><strong>Licet</strong></span> <span class='ocrx_word' id='word_1_238' title='bbox 1064 2277 1149 2336; x_wconf 91' lang='lat' dir='ltr'><strong>rei</strong></span> <span class='ocrx_word' id='word_1_239' title='bbox 1175 2276 1611 2355; x_wconf 88' lang='lat' dir='ltr'><strong>impossibilitas</strong></span> <span class='ocrx_word' id='word_1_240' title='bbox 1640 2296 1704 2337; x_wconf 86' lang='lat' dir='ltr'><strong>se</strong></span> <span class='ocrx_word' id='word_1_241' title='bbox 1730 2276 1918 2353; x_wconf 89' lang='lat' dir='ltr'><strong>magis</strong></span> <span class='ocrx_word' id='word_1_242' title='bbox 1961 2282 2154 2335; x_wconf 88' lang='lat' dir='ltr'><strong>teneat</strong></span> <span class='ocrx_word' id='word_1_243' title='bbox 2179 2296 2215 2333; x_wconf 89' lang='lat' dir='ltr'><strong>a</strong></span> <span class='ocrx_word' id='word_1_244' title='bbox 2239 2280 2404 2353; x_wconf 86' lang='lat' dir='ltr'><strong>parte</strong></span> <span class='ocrx_word' id='word_1_245' title='bbox 2429 2274 2516 2334; x_wconf 89' lang='lat' dir='ltr'><strong>rei</strong></span> <span class='ocrx_word' id='word_1_246' title='bbox 2541 2280 2776 2352; x_wconf 86' lang='lat' dir='ltr'><strong>propter</strong></span> <span class='ocrx_word' id='word_1_247' title='bbox 2813 2294 2905 2334; x_wconf 92' lang='lat' dir='ltr'><strong>re-</strong></span> 
     </span>
     <span class='ocr_line' id='line_1_25' title="bbox 482 2353 2906 2435; baseline 0.001 -24"><span class='ocrx_word' id='word_1_248' title='bbox 482 2357 861 2432; x_wconf 84' lang='lat' dir='ltr'><strong>pugnantiam</strong></span> <span class='ocrx_word' id='word_1_249' title='bbox 890 2357 1281 2432; x_wconf 84' lang='lat' dir='ltr'><strong>terminorum‚</strong></span> <span class='ocrx_word' id='word_1_250' title='bbox 1311 2376 1488 2435; x_wconf 89' lang='lat' dir='ltr'><strong>quam</strong></span> <span class='ocrx_word' id='word_1_251' title='bbox 1526 2376 1565 2415; x_wconf 88' lang='lat' dir='ltr'><strong>a</strong></span> <span class='ocrx_word' id='word_1_252' title='bbox 1602 2364 1768 2434; x_wconf 86' lang='lat' dir='ltr'><strong>parte</strong></span> <span class='ocrx_word' id='word_1_253' title='bbox 1795 2356 1925 2433; x_wconf 90' lang='lat' dir='ltr'><strong>Dei,</strong></span> <span class='ocrx_word' id='word_1_254' title='bbox 1957 2356 2018 2413; x_wconf 91' lang='lat' dir='ltr'><strong>in</strong></span> <span class='ocrx_word' id='word_1_255' title='bbox 2058 2374 2174 2433; x_wconf 86' lang='lat' dir='ltr'><strong>qua</strong></span> <span class='ocrx_word' id='word_1_256' title='bbox 2199 2354 2362 2413; x_wconf 88' lang='lat' dir='ltr'><strong>nulla</strong></span> <span class='ocrx_word' id='word_1_257' title='bbox 2399 2353 2755 2432; x_wconf 83' lang='lat' dir='ltr'><strong>impotentia,</strong></span> <span class='ocrx_word' id='word_1_258' title='bbox 2801 2354 2906 2414; x_wconf 89' lang='lat' dir='ltr'><strong>sed</strong></span> 
     </span>
     <span class='ocr_line' id='line_1_26' title="bbox 484 2432 2914 2515; baseline 0 -22"><span class='ocrx_word' id='word_1_259' title='bbox 484 2452 713 2493; x_wconf 87' lang='lat' dir='ltr'><strong>summa</strong></span> <span class='ocrx_word' id='word_1_260' title='bbox 738 2435 925 2495; x_wconf 85' lang='lat' dir='ltr'><strong>virtus</strong></span> <span class='ocrx_word' id='word_1_261' title='bbox 953 2445 1012 2497; x_wconf 93' lang='lat' dir='ltr'><strong>et</strong></span> <span class='ocrx_word' id='word_1_262' title='bbox 1037 2436 1312 2514; x_wconf 85' lang='lat' dir='ltr'><strong>perfectio</strong></span> <span class='ocrx_word' id='word_1_263' title='bbox 1338 2444 1643 2515; x_wconf 87' lang='lat' dir='ltr'><strong>propterea</strong></span> <span class='ocrx_word' id='word_1_264' title='bbox 1682 2442 1954 2495; x_wconf 76' lang='lat' dir='ltr'><strong>notaturt</strong></span> <span class='ocrx_word' id='word_1_265' title='bbox 2013 2444 2208 2494; x_wconf 86' lang='lat' dir='ltr'><strong>tamen</strong></span> <span class='ocrx_word' id='word_1_266' title='bbox 2245 2432 2394 2491; x_wconf 82' lang='lat' dir='ltr'><strong>nihil</strong></span> <span class='ocrx_word' id='word_1_267' title='bbox 2421 2442 2511 2493; x_wconf 86' lang='lat' dir='ltr'><strong>est</strong></span> <span class='ocrx_word' id='word_1_268' title='bbox 2547 2433 2914 2511; x_wconf 80' lang='lat' dir='ltr'><strong>impossibile</strong></span> 
     </span>
     <span class='ocr_line' id='line_1_27' title="bbox 486 2506 2903 2594; baseline 0 -23"><span class='ocrx_word' id='word_1_269' title='bbox 486 2530 523 2571; x_wconf 87' lang='lat' dir='ltr'><strong>a</strong></span> <span class='ocrx_word' id='word_1_270' title='bbox 548 2522 711 2592; x_wconf 87' lang='lat' dir='ltr'><strong>parte</strong></span> <span class='ocrx_word' id='word_1_271' title='bbox 738 2516 838 2591; x_wconf 84' lang='lat' dir='ltr'><strong>rei,</strong></span> <span class='ocrx_word' id='word_1_272' title='bbox 869 2506 1027 2594; x_wconf 85' lang='lat' dir='ltr'><strong>quod</strong></span> <span class='ocrx_word' id='word_1_273' title='bbox 1066 2536 1185 2575; x_wconf 91' lang='lat' dir='ltr'><strong>non</strong></span> <span class='ocrx_word' id='word_1_274' title='bbox 1226 2518 1302 2575; x_wconf 89' lang='lat' dir='ltr'><strong>sit</strong></span> <span class='ocrx_word' id='word_1_275' title='bbox 1328 2516 1503 2575; x_wconf 88' lang='lat' dir='ltr'><strong>etiam</strong></span> <span class='ocrx_word' id='word_1_276' title='bbox 1543 2514 1660 2574; x_wconf 87' lang='lat' dir='ltr'><strong>tale</strong></span> <span class='ocrx_word' id='word_1_277' title='bbox 1688 2531 1726 2573; x_wconf 83' lang='lat' dir='ltr'><strong>a</strong></span> <span class='ocrx_word' id='word_1_278' title='bbox 1749 2524 1912 2592; x_wconf 90' lang='lat' dir='ltr'><strong>parte</strong></span> <span class='ocrx_word' id='word_1_279' title='bbox 1942 2514 2070 2590; x_wconf 86' lang='lat' dir='ltr'><strong>Dei,</strong></span> <span class='ocrx_word' id='word_1_280' title='bbox 2101 2522 2170 2573; x_wconf 87' lang='lat' dir='ltr'><strong>nt</strong></span> <span class='ocrx_word' id='word_1_281' title='bbox 2195 2512 2474 2591; x_wconf 85' lang='lat' dir='ltr'><strong>quicquid</strong></span> <span class='ocrx_word' id='word_1_282' title='bbox 2497 2513 2773 2590; x_wconf 88' lang='lat' dir='ltr'><strong>possibile</strong></span> <span class='ocrx_word' id='word_1_283' title='bbox 2814 2514 2903 2571; x_wconf 88' lang='lat' dir='ltr'><strong>di-</strong></span> 
     </span>
     <span class='ocr_line' id='line_1_28' title="bbox 488 2592 2924 2674; baseline 0 -22"><span class='ocrx_word' id='word_1_284' title='bbox 488 2593 653 2670; x_wconf 87' lang='lat' dir='ltr'><strong>citur,</strong></span> <span class='ocrx_word' id='word_1_285' title='bbox 683 2615 800 2654; x_wconf 92' lang='lat' dir='ltr'><strong>non</strong></span> <span class='ocrx_word' id='word_1_286' title='bbox 828 2596 911 2655; x_wconf 89' lang='lat' dir='ltr'><strong>ita</strong></span> <span class='ocrx_word' id='word_1_287' title='bbox 936 2604 1179 2656; x_wconf 84' lang='lat' dir='ltr'><strong>vocatur</strong></span> <span class='ocrx_word' id='word_1_288' title='bbox 1204 2615 1241 2654; x_wconf 91' lang='lat' dir='ltr'><strong>a</strong></span> <span class='ocrx_word' id='word_1_289' title='bbox 1266 2602 1428 2674; x_wconf 88' lang='lat' dir='ltr'><strong>parte</strong></span> <span class='ocrx_word' id='word_1_290' title='bbox 1454 2594 1539 2654; x_wconf 91' lang='lat' dir='ltr'><strong>rei</strong></span> <span class='ocrx_word' id='word_1_291' title='bbox 1576 2594 1929 2672; x_wconf 87' lang='lat' dir='ltr'><strong>simpliciter,</strong></span> <span class='ocrx_word' id='word_1_292' title='bbox 1960 2594 2128 2672; x_wconf 87' lang='lat' dir='ltr'><strong>quasi</strong></span> <span class='ocrx_word' id='word_1_293' title='bbox 2168 2592 2536 2653; x_wconf 83' lang='lat' dir='ltr'><strong>intrinsecam</strong></span> <span class='ocrx_word' id='word_1_294' title='bbox 2562 2593 2776 2654; x_wconf 89' lang='lat' dir='ltr'><strong>habeat</strong></span> <span class='ocrx_word' id='word_1_295' title='bbox 2802 2606 2924 2653; x_wconf 79' lang='lat' dir='ltr'><strong>en··</strong></span> 
     </span>
     <span class='ocr_line' id='line_1_29' title="bbox 483 2672 2906 2754; baseline 0.001 -22"><span class='ocrx_word' id='word_1_296' title='bbox 483 2673 711 2732; x_wconf 88' lang='lat' dir='ltr'><strong>titatem</strong></span> <span class='ocrx_word' id='word_1_297' title='bbox 738 2675 801 2732; x_wconf 89' lang='lat' dir='ltr'><strong>in</strong></span> <span class='ocrx_word' id='word_1_298' title='bbox 827 2695 891 2735; x_wconf 89' lang='lat' dir='ltr'><strong>se</strong></span> <span class='ocrx_word' id='word_1_299' title='bbox 918 2676 992 2735; x_wconf 90' lang='lat' dir='ltr'><strong>ab</strong></span> <span class='ocrx_word' id='word_1_300' title='bbox 1020 2685 1251 2752; x_wconf 79' lang='lat' dir='ltr'><strong>aetern0,</strong></span> <span class='ocrx_word' id='word_1_301' title='bbox 1282 2674 1439 2754; x_wconf 89' lang='lat' dir='ltr'><strong>quod</strong></span> <span class='ocrx_word' id='word_1_302' title='bbox 1466 2673 1702 2752; x_wconf 86' lang='lat' dir='ltr'><strong>quidam</strong></span> <span class='ocrx_word' id='word_1_303' title='bbox 1721 2674 1880 2733; x_wconf 87' lang='lat' dir='ltr'><strong>-male</strong></span> <span class='ocrx_word' id='word_1_304' title='bbox 1907 2675 2256 2752; x_wconf 78' lang='lat' dir='ltr'><strong>voluerunt3</strong></span> <span class='ocrx_word' id='word_1_305' title='bbox 2297 2672 2402 2733; x_wconf 88' lang='lat' dir='ltr'><strong>sed</strong></span> <span class='ocrx_word' id='word_1_306' title='bbox 2427 2694 2465 2732; x_wconf 91' lang='lat' dir='ltr'><strong>a</strong></span> <span class='ocrx_word' id='word_1_307' title='bbox 2489 2682 2652 2752; x_wconf 85' lang='lat' dir='ltr'><strong>parte</strong></span> <span class='ocrx_word' id='word_1_308' title='bbox 2692 2673 2820 2750; x_wconf 89' lang='lat' dir='ltr'><strong>Dei,</strong></span> <span class='ocrx_word' id='word_1_309' title='bbox 2844 2681 2906 2734; x_wconf 90' lang='lat' dir='ltr'><strong>et</strong></span> 
     </span>
     <span class='ocr_line' id='line_1_30' title="bbox 485 2753 2906 2835; baseline 0.001 -24"><span class='ocrx_word' id='word_1_310' title='bbox 485 2762 751 2832; x_wconf 89' lang='lat' dir='ltr'><strong>respectu</strong></span> <span class='ocrx_word' id='word_1_311' title='bbox 778 2756 1051 2833; x_wconf 77' lang='lat' dir='ltr'><strong>potentiss</strong></span> <span class='ocrx_word' id='word_1_312' title='bbox 1078 2755 1321 2833; x_wconf 85' lang='lat' dir='ltr'><strong>agentis,</strong></span> <span class='ocrx_word' id='word_1_313' title='bbox 1352 2762 1639 2834; x_wconf 86' lang='lat' dir='ltr'><strong>quatenus</strong></span> <span class='ocrx_word' id='word_1_314' title='bbox 1665 2753 1940 2835; x_wconf 87' lang='lat' dir='ltr'><strong>possibile</strong></span> <span class='ocrx_word' id='word_1_315' title='bbox 1967 2753 2116 2814; x_wconf 85' lang='lat' dir='ltr'><strong>illud</strong></span> <span class='ocrx_word' id='word_1_316' title='bbox 2142 2753 2370 2830; x_wconf 89' lang='lat' dir='ltr'><strong>dicitur,</strong></span> <span class='ocrx_word' id='word_1_317' title='bbox 2399 2753 2558 2832; x_wconf 87' lang='lat' dir='ltr'><strong>quod</strong></span> <span class='ocrx_word' id='word_1_318' title='bbox 2583 2773 2766 2832; x_wconf 86' lang='lat' dir='ltr'><strong>agens</strong></span> <span class='ocrx_word' id='word_1_319' title='bbox 2784 2755 2906 2833; x_wconf 93' lang='lat' dir='ltr'><strong>pri-</strong></span> 
     </span>
     <span class='ocr_line' id='line_1_31' title="bbox 484 2836 2918 2913; baseline 0.004 -22"><span class='ocrx_word' id='word_1_320' title='bbox 484 2853 647 2893; x_wconf 87' lang='lat' dir='ltr'><strong>mum</strong></span> <span class='ocrx_word' id='word_1_321' title='bbox 672 2843 865 2912; x_wconf 89' lang='lat' dir='ltr'><strong>potest</strong></span> <span class='ocrx_word' id='word_1_322' title='bbox 890 2836 1224 2913; x_wconf 88' lang='lat' dir='ltr'><strong>producere.</strong></span> <span class='ocrx_word' id='word_1_323' title='bbox 2911 2874 2918 2883; x_wconf 84' lang='lat'><em>·</em></span> 
     </span>
    </p>

    <p class='ocr_par' dir='ltr' id='par_1_6' title="bbox 486 2911 2902 3537">
     <span class='ocr_line' id='line_1_32' title="bbox 569 2911 2898 2994; baseline 0.001 -23"><span class='ocrx_word' id='word_1_324' title='bbox 569 2913 821 2975; x_wconf 86' lang='lat' dir='ltr'>XXIV.</span> <span class='ocrx_word' id='word_1_325' title='bbox 868 2915 934 2978; x_wconf 88' lang='lat' dir='ltr'><strong>Si</strong></span> <span class='ocrx_word' id='word_1_326' title='bbox 962 2917 1123 2976; x_wconf 89' lang='lat' dir='ltr'><strong>Deus</strong></span> <span class='ocrx_word' id='word_1_327' title='bbox 1150 2923 1349 2994; x_wconf 84' lang='lat' dir='ltr'><strong>posset</strong></span> <span class='ocrx_word' id='word_1_328' title='bbox 1372 2913 1561 2974; x_wconf 84' lang='lat' dir='ltr'><strong>facere</strong></span> <span class='ocrx_word' id='word_1_329' title='bbox 1588 2914 1878 2974; x_wconf 89' lang='lat' dir='ltr'><strong>infinitum</strong></span> <span class='ocrx_word' id='word_1_330' title='bbox 1905 2911 2120 2974; x_wconf 86' lang='lat' dir='ltr'><strong>actuali</strong></span> <span class='ocrx_word' id='word_1_331' title='bbox 2147 2912 2487 2974; x_wconf 81' lang='lat' dir='ltr'><strong>extensione</strong></span> <span class='ocrx_word' id='word_1_332' title='bbox 2533 2921 2596 2974; x_wconf 90' lang='lat' dir='ltr'><strong>et</strong></span> <span class='ocrx_word' id='word_1_333' title='bbox 2639 2933 2898 2990; x_wconf 88' lang='lat' dir='ltr'><strong>numer0,</strong></span> 
     </span>
     <span class='ocr_line' id='line_1_33' title="bbox 486 2993 2902 3073; baseline 0 -20"><span class='ocrx_word' id='word_1_334' title='bbox 486 2993 605 3053; x_wconf 84' lang='lat' dir='ltr'><strong>tale</strong></span> <span class='ocrx_word' id='word_1_335' title='bbox 633 3003 803 3071; x_wconf 84' lang='lat' dir='ltr'><strong>esset,</strong></span> <span class='ocrx_word' id='word_1_336' title='bbox 834 2995 992 3073; x_wconf 88' lang='lat' dir='ltr'><strong>quod</strong></span> <span class='ocrx_word' id='word_1_337' title='bbox 1018 2995 1258 3056; x_wconf 84' lang='lat' dir='ltr'><strong>haberet</strong></span> <span class='ocrx_word' id='word_1_338' title='bbox 1285 2995 1683 3056; x_wconf 81' lang='lat' dir='ltr'><strong>extensionem</strong></span> <span class='ocrx_word' id='word_1_339' title='bbox 1712 2995 1996 3055; x_wconf 84' lang='lat' dir='ltr'><strong>actualem</strong></span> <span class='ocrx_word' id='word_1_340' title='bbox 2023 2994 2324 3070; x_wconf 84' lang='lat' dir='ltr'><strong>infinitam,</strong></span> <span class='ocrx_word' id='word_1_341' title='bbox 2354 2995 2454 3054; x_wconf 78' lang='lat' dir='ltr'><strong>vel</strong></span> <span class='ocrx_word' id='word_1_342' title='bbox 2479 3011 2780 3053; x_wconf 88' lang='lat' dir='ltr'><strong>numerum</strong></span> <span class='ocrx_word' id='word_1_343' title='bbox 2807 3013 2902 3053; x_wconf 81' lang='lat' dir='ltr'><strong>re—</strong></span> 
     </span>
     <span class='ocr_line' id='line_1_34' title="bbox 486 3073 2899 3154; baseline 0 -23"><span class='ocrx_word' id='word_1_344' title='bbox 486 3091 630 3132; x_wconf 85' lang='lat' dir='ltr'><strong>vera</strong></span> <span class='ocrx_word' id='word_1_345' title='bbox 654 3073 944 3135; x_wconf 89' lang='lat' dir='ltr'><strong>infinitum</strong></span> <span class='ocrx_word' id='word_1_346' title='bbox 967 3098 983 3153; x_wconf 72' lang='grc' dir='ltr'>ς</span> <span class='ocrx_word' id='word_1_347' title='bbox 1027 3075 1111 3135; x_wconf 90' lang='lat' dir='ltr'><strong>sic</strong></span> <span class='ocrx_word' id='word_1_348' title='bbox 1139 3075 1415 3136; x_wconf 83' lang='lat' dir='ltr'><strong>darentur</strong></span> <span class='ocrx_word' id='word_1_349' title='bbox 1437 3075 1605 3154; x_wconf 88' lang='lat' dir='ltr'><strong>plura</strong></span> <span class='ocrx_word' id='word_1_350' title='bbox 1630 3082 1766 3134; x_wconf 89' lang='lat' dir='ltr'><strong>actu</strong></span> <span class='ocrx_word' id='word_1_351' title='bbox 1783 3083 1843 3134; x_wconf 90' lang='lat' dir='ltr'><strong>et</strong></span> <span class='ocrx_word' id='word_1_352' title='bbox 1867 3093 2072 3134; x_wconf 85' lang='lat' dir='ltr'><strong>revera</strong></span> <span class='ocrx_word' id='word_1_353' title='bbox 2097 3074 2339 3149; x_wconf 83' lang='lat' dir='ltr'><strong>infinita,</strong></span> <span class='ocrx_word' id='word_1_354' title='bbox 2370 3074 2488 3134; x_wconf 89' lang='lat' dir='ltr'><strong>imo</strong></span> <span class='ocrx_word' id='word_1_355' title='bbox 2531 3073 2754 3152; x_wconf 88' lang='lat' dir='ltr'><strong>aliquid</strong></span> <span class='ocrx_word' id='word_1_356' title='bbox 2779 3081 2899 3132; x_wconf 81' lang='lat' dir='ltr'><strong>tam</strong></span> 
     </span>
     <span class='ocr_line' id='line_1_35' title="bbox 488 3151 2900 3234; baseline 0 -23"><span class='ocrx_word' id='word_1_357' title='bbox 488 3172 716 3234; x_wconf 72' lang='lat' dir='ltr'><strong>magnae</strong></span> <span class='ocrx_word' id='word_1_358' title='bbox 744 3155 1116 3232; x_wconf 83' lang='lat' dir='ltr'><strong>extensionis,</strong></span> <span class='ocrx_word' id='word_1_359' title='bbox 1146 3157 1245 3216; x_wconf 87' lang='lat' dir='ltr'><strong>vel</strong></span> <span class='ocrx_word' id='word_1_360' title='bbox 1270 3155 1419 3216; x_wconf 87' lang='lat' dir='ltr'><strong>tanti</strong></span> <span class='ocrx_word' id='word_1_361' title='bbox 1444 3154 1687 3231; x_wconf 86' lang='lat' dir='ltr'><strong>numeri,</strong></span> <span class='ocrx_word' id='word_1_362' title='bbox 1739 3155 1834 3214; x_wconf 92' lang='lat' dir='ltr'><strong>cui</strong></span> <span class='ocrx_word' id='word_1_363' title='bbox 1883 3155 2044 3214; x_wconf 90' lang='lat' dir='ltr'><strong>Deus</strong></span> <span class='ocrx_word' id='word_1_364' title='bbox 2091 3153 2343 3232; x_wconf 88' lang='lat' dir='ltr'><strong>adjicere</strong></span> <span class='ocrx_word' id='word_1_365' title='bbox 2389 3172 2510 3213; x_wconf 89' lang='lat' dir='ltr'><strong>non</strong></span> <span class='ocrx_word' id='word_1_366' title='bbox 2555 3162 2754 3231; x_wconf 82' lang='lat' dir='ltr'><strong>posset</strong></span> <span class='ocrx_word' id='word_1_367' title='bbox 2800 3151 2900 3212; x_wconf 82' lang='lat' dir='ltr'><strong>vel</strong></span> 
     </span>
     <span class='ocr_line' id='line_1_36' title="bbox 486 3232 2900 3313; baseline -0 -21"><span class='ocrx_word' id='word_1_368' title='bbox 486 3233 786 3310; x_wconf 88' lang='lat' dir='ltr'><strong>unitatem,</strong></span> <span class='ocrx_word' id='word_1_369' title='bbox 814 3235 914 3294; x_wconf 82' lang='lat' dir='ltr'><strong>vel</strong></span> <span class='ocrx_word' id='word_1_370' title='bbox 940 3255 1120 3296; x_wconf 86' lang='lat' dir='ltr'><strong>unum</strong></span> <span class='ocrx_word' id='word_1_371' title='bbox 1141 3234 1415 3311; x_wconf 85' lang='lat' dir='ltr'><strong>cubitum,</strong></span> <span class='ocrx_word' id='word_1_372' title='bbox 1446 3255 1579 3296; x_wconf 87' lang='lat' dir='ltr'><strong>cum</strong></span> <span class='ocrx_word' id='word_1_373' title='bbox 1622 3235 1678 3294; x_wconf 91' lang='lat' dir='ltr'><strong>ei</strong></span> <span class='ocrx_word' id='word_1_374' title='bbox 1722 3234 1882 3313; x_wconf 90' lang='lat' dir='ltr'><strong>quod</strong></span> <span class='ocrx_word' id='word_1_375' title='bbox 1926 3243 2016 3294; x_wconf 89' lang='lat' dir='ltr'><strong>est</strong></span> <span class='ocrx_word' id='word_1_376' title='bbox 2055 3233 2345 3293; x_wconf 87' lang='lat' dir='ltr'><strong>infinitum</strong></span> <span class='ocrx_word' id='word_1_377' title='bbox 2394 3241 2528 3292; x_wconf 87' lang='lat' dir='ltr'><strong>actu</strong></span> <span class='ocrx_word' id='word_1_378' title='bbox 2571 3233 2718 3292; x_wconf 84' lang='lat' dir='ltr'><strong>nihil</strong></span> <span class='ocrx_word' id='word_1_379' title='bbox 2760 3232 2900 3292; x_wconf 85' lang='lat' dir='ltr'><strong>addi</strong></span> 
     </span>
     <span class='ocr_line' id='line_1_37' title="bbox 486 3313 2900 3392; baseline 0 -20"><span class='ocrx_word' id='word_1_380' title='bbox 486 3313 688 3392; x_wconf 88' lang='lat' dir='ltr'><strong>possit,</strong></span> <span class='ocrx_word' id='word_1_381' title='bbox 720 3315 879 3392; x_wconf 88' lang='lat' dir='ltr'><strong>quod</strong></span> <span class='ocrx_word' id='word_1_382' title='bbox 904 3334 1075 3376; x_wconf 89' lang='lat' dir='ltr'><strong>nemo</strong></span> <span class='ocrx_word' id='word_1_383' title='bbox 1098 3334 1219 3376; x_wconf 90' lang='lat' dir='ltr'><strong>non</strong></span> <span class='ocrx_word' id='word_1_384' title='bbox 1246 3316 1407 3375; x_wconf 84' lang='lat' dir='ltr'><strong>videt</strong></span> <span class='ocrx_word' id='word_1_385' title='bbox 1432 3315 1911 3375; x_wconf 86' lang='lat' dir='ltr'><strong>absurdissimum</strong></span> <span class='ocrx_word' id='word_1_386' title='bbox 1936 3333 2100 3392; x_wconf 87' lang='lat' dir='ltr'><strong>esse;</strong></span> <span class='ocrx_word' id='word_1_387' title='bbox 2132 3315 2261 3372; x_wconf 91' lang='lat' dir='ltr'><strong>Imo</strong></span> <span class='ocrx_word' id='word_1_388' title='bbox 2283 3313 2616 3373; x_wconf 77' lang='lat' dir='ltr'><strong>creaturam</strong></span> <span class='ocrx_word' id='word_1_389' title='bbox 2645 3313 2900 3390; x_wconf 86' lang='lat' dir='ltr'><strong>aliquam</strong></span> 
     </span>
     <span class='ocr_line' id='line_1_38' title="bbox 488 3391 2900 3472; baseline 0 -20"><span class='ocrx_word' id='word_1_390' title='bbox 488 3392 615 3452; x_wconf 89' lang='lat' dir='ltr'><strong>dari</strong></span> <span class='ocrx_word' id='word_1_391' title='bbox 660 3394 944 3455; x_wconf 84' lang='lat' dir='ltr'><strong>infinitam</strong></span> <span class='ocrx_word' id='word_1_392' title='bbox 992 3404 1142 3472; x_wconf 80' lang='lat' dir='ltr'><strong>actu,</strong></span> <span class='ocrx_word' id='word_1_393' title='bbox 1190 3396 1316 3455; x_wconf 86' lang='lat' dir='ltr'><strong>sive</strong></span> <span class='ocrx_word' id='word_1_394' title='bbox 1360 3395 1715 3471; x_wconf 88' lang='lat' dir='ltr'><strong>extensione,</strong></span> <span class='ocrx_word' id='word_1_395' title='bbox 1761 3395 1888 3455; x_wconf 79' lang='lat' dir='ltr'><strong>sive</strong></span> <span class='ocrx_word' id='word_1_396' title='bbox 1929 3414 2186 3472; x_wconf 86' lang='lat' dir='ltr'><strong>numer0,</strong></span> <span class='ocrx_word' id='word_1_397' title='bbox 2231 3401 2353 3453; x_wconf 82' lang='lat' dir='ltr'><strong>tarn</strong></span> <span class='ocrx_word' id='word_1_398' title='bbox 2399 3391 2675 3471; x_wconf 88' lang='lat' dir='ltr'><strong>implicat,</strong></span> <span class='ocrx_word' id='word_1_399' title='bbox 2723 3413 2900 3470; x_wconf 87' lang='lat' dir='ltr'><strong>quam</strong></span> 
     </span>
     <span class='ocr_line' id='line_1_39' title="bbox 490 3474 1772 3537; baseline 0 -3"><span class='ocrx_word' id='word_1_400' title='bbox 490 3474 824 3534; x_wconf 76' lang='lat' dir='ltr'><strong>creaturam</strong></span> <span class='ocrx_word' id='word_1_401' title='bbox 852 3495 980 3536; x_wconf 88' lang='lat' dir='ltr'><strong>esse</strong></span> <span class='ocrx_word' id='word_1_402' title='bbox 1008 3485 1283 3537; x_wconf 68' lang='lat' dir='ltr'><strong>aeternam</strong></span> <span class='ocrx_word' id='word_1_403' title='bbox 1311 3483 1371 3536; x_wconf 90' lang='lat' dir='ltr'><strong>et</strong></span> <span class='ocrx_word' id='word_1_404' title='bbox 1396 3495 1514 3535; x_wconf 93' lang='lat' dir='ltr'><strong>non</strong></span> <span class='ocrx_word' id='word_1_405' title='bbox 1540 3475 1772 3535; x_wconf 86' lang='lat' dir='ltr'><strong>factam.</strong></span> 
     </span>
    </p>

    <p class='ocr_par' dir='ltr' id='par_1_7' title="bbox 474 3551 2906 4758">
     <span class='ocr_line' id='line_1_40' title="bbox 569 3551 2906 3636; baseline 0 -24"><span class='ocrx_word' id='word_1_406' title='bbox 569 3554 787 3616; x_wconf 89' lang='lat' dir='ltr'>XXV.</span> <span class='ocrx_word' id='word_1_407' title='bbox 832 3557 1157 3636; x_wconf 88' lang='lat' dir='ltr'><strong>Propositio</strong></span> <span class='ocrx_word' id='word_1_408' title='bbox 1184 3556 1323 3633; x_wconf 64' lang='lat' dir='ltr'><strong>ista,</strong></span> <span class='ocrx_word' id='word_1_409' title='bbox 1344 3557 1535 3615; x_wconf 79' lang='lat' dir='ltr'><strong>Deum</strong></span> <span class='ocrx_word' id='word_1_410' title='bbox 1565 3575 1740 3634; x_wconf 80' lang='lat' dir='ltr'><strong>posse</strong></span> <span class='ocrx_word' id='word_1_411' title='bbox 1766 3557 1981 3631; x_wconf 81' lang='lat' dir='ltr'><strong>fallere</strong></span> <span class='ocrx_word' id='word_1_412' title='bbox 2027 3554 2082 3613; x_wconf 78' lang='lat' dir='ltr'><strong>si</strong></span> <span class='ocrx_word' id='word_1_413' title='bbox 2121 3553 2267 3631; x_wconf 75' lang='lat' dir='ltr'><strong>velit,</strong></span> <span class='ocrx_word' id='word_1_414' title='bbox 2305 3552 2433 3612; x_wconf 71' lang='lat' dir='ltr'><strong>licet</strong></span> <span class='ocrx_word' id='word_1_415' title='bbox 2471 3571 2574 3611; x_wconf 80' lang='lat' dir='ltr'><strong>nec</strong></span> <span class='ocrx_word' id='word_1_416' title='bbox 2603 3551 2750 3626; x_wconf 79' lang='lat' dir='ltr'><strong>velit,</strong></span> <span class='ocrx_word' id='word_1_417' title='bbox 2797 3571 2906 3612; x_wconf 73' lang='lat' dir='ltr'><strong>nee</strong></span> 
     </span>
     <span class='ocr_line' id='line_1_41' title="bbox 475 3631 2898 3716; baseline -0 -22"><span class='ocrx_word' id='word_1_418' title='bbox 475 3637 659 3712; x_wconf 76' lang='lat' dir='ltr'><strong>possit</strong></span> <span class='ocrx_word' id='word_1_419' title='bbox 680 3639 833 3714; x_wconf 77' lang='lat' dir='ltr'><strong>velle,</strong></span> <span class='ocrx_word' id='word_1_420' title='bbox 864 3657 1207 3716; x_wconf 86' lang='lat' dir='ltr'><strong>quacunque</strong></span> <span class='ocrx_word' id='word_1_421' title='bbox 1235 3637 1705 3715; x_wconf 85' lang='lat' dir='ltr'><strong>interpretatione</strong></span> <span class='ocrx_word' id='word_1_422' title='bbox 1733 3635 2073 3710; x_wconf 84' lang='lat' dir='ltr'><strong>emolliatur,</strong></span> <span class='ocrx_word' id='word_1_423' title='bbox 2109 3641 2384 3709; x_wconf 85' lang='lat' dir='ltr'><strong>tanquam</strong></span> <span class='ocrx_word' id='word_1_424' title='bbox 2410 3632 2586 3690; x_wconf 88' lang='lat' dir='ltr'><strong>nimis</strong></span> <span class='ocrx_word' id='word_1_425' title='bbox 2611 3631 2791 3691; x_wconf 83' lang='lat' dir='ltr'><strong>cruda</strong></span> <span class='ocrx_word' id='word_1_426' title='bbox 2833 3641 2898 3693; x_wconf 87' lang='lat' dir='ltr'><strong>et</strong></span> 
     </span>
     <span class='ocr_line' id='line_1_42' title="bbox 484 3712 2896 3794; baseline -0.002 -19"><span class='ocrx_word' id='word_1_427' title='bbox 484 3715 823 3794; x_wconf 87' lang='lat' dir='ltr'><strong>periculosa,</strong></span> <span class='ocrx_word' id='word_1_428' title='bbox 854 3717 972 3778; x_wconf 91' lang='lat' dir='ltr'><strong>imo</strong></span> <span class='ocrx_word' id='word_1_429' title='bbox 1000 3727 1060 3779; x_wconf 90' lang='lat' dir='ltr'><strong>et</strong></span> <span class='ocrx_word' id='word_1_430' title='bbox 1079 3717 1311 3779; x_wconf 81' lang='lat' dir='ltr'><strong>veritati</strong></span> <span class='ocrx_word' id='word_1_431' title='bbox 1338 3717 1411 3778; x_wconf 91' lang='lat' dir='ltr'><strong>de</strong></span> <span class='ocrx_word' id='word_1_432' title='bbox 1442 3718 1569 3777; x_wconf 85' lang='lat' dir='ltr'><strong>Deo</strong></span> <span class='ocrx_word' id='word_1_433' title='bbox 1596 3716 1660 3775; x_wconf 88' lang='lat' dir='ltr'><strong>in</strong></span> <span class='ocrx_word' id='word_1_434' title='bbox 1690 3716 1986 3794; x_wconf 84' lang='lat' dir='ltr'><strong>Scriptura</strong></span> <span class='ocrx_word' id='word_1_435' title='bbox 2031 3712 2256 3772; x_wconf 68' lang='lat' dir='ltr'><strong>traditae</strong></span> <span class='ocrx_word' id='word_1_436' title='bbox 2305 3721 2501 3790; x_wconf 86' lang='lat' dir='ltr'><strong>aperte</strong></span> <span class='ocrx_word' id='word_1_437' title='bbox 2543 3731 2896 3790; x_wconf 86' lang='lat' dir='ltr'><strong>repugnans,</strong></span> 
     </span>
     <span class='ocr_line' id='line_1_43' title="bbox 485 3791 2896 3876; baseline -0.001 -22"><span class='ocrx_word' id='word_1_438' title='bbox 485 3797 691 3857; x_wconf 85' lang='lat' dir='ltr'><strong>merito</strong></span> <span class='ocrx_word' id='word_1_439' title='bbox 717 3798 1001 3876; x_wconf 62' lang='lat' dir='ltr'><strong>rejicitur:</strong></span> <span class='ocrx_word' id='word_1_440' title='bbox 1080 3797 1231 3876; x_wconf 85' lang='lat' dir='ltr'><strong>Quia</strong></span> <span class='ocrx_word' id='word_1_441' title='bbox 1256 3798 1305 3858; x_wconf 90' lang='lat' dir='ltr'><strong>si</strong></span> <span class='ocrx_word' id='word_1_442' title='bbox 1337 3799 1498 3858; x_wconf 90' lang='lat' dir='ltr'><strong>Deus</strong></span> <span class='ocrx_word' id='word_1_443' title='bbox 1523 3804 1717 3876; x_wconf 88' lang='lat' dir='ltr'><strong>potest</strong></span> <span class='ocrx_word' id='word_1_444' title='bbox 1741 3795 1957 3870; x_wconf 86' lang='lat' dir='ltr'><strong>fallere,</strong></span> <span class='ocrx_word' id='word_1_445' title='bbox 1979 3801 2165 3872; x_wconf 72' lang='lat' dir='ltr'><strong>potest</strong></span> <span class='ocrx_word' id='word_1_446' title='bbox 2189 3791 2362 3853; x_wconf 86' lang='lat' dir='ltr'><strong>etiam</strong></span> <span class='ocrx_word' id='word_1_447' title='bbox 2405 3793 2634 3852; x_wconf 55' lang='lat' dir='ltr'><strong>mentiri</strong></span> <span class='ocrx_word' id='word_1_448' title='bbox 2671 3802 2728 3850; x_wconf 77' lang='lat' dir='ltr'><strong>et</strong></span> <span class='ocrx_word' id='word_1_449' title='bbox 2760 3812 2896 3869; x_wconf 81' lang='lat' dir='ltr'><strong>pec-</strong></span> 
     </span>
     <span class='ocr_line' id='line_1_44' title="bbox 485 3871 2896 3956; baseline -0.001 -23"><span class='ocrx_word' id='word_1_450' title='bbox 485 3895 621 3934; x_wconf 81' lang='lat' dir='ltr'><strong>care</strong></span> <span class='ocrx_word' id='word_1_451' title='bbox 646 3876 699 3933; x_wconf 77' lang='lat' dir='ltr'><strong>si</strong></span> <span class='ocrx_word' id='word_1_452' title='bbox 720 3879 864 3953; x_wconf 77' lang='lat' dir='ltr'><strong>velit,</strong></span> <span class='ocrx_word' id='word_1_453' title='bbox 894 3877 1051 3956; x_wconf 90' lang='lat' dir='ltr'><strong>quod</strong></span> <span class='ocrx_word' id='word_1_454' title='bbox 1079 3877 1509 3956; x_wconf 72' lang='lat' dir='ltr'><strong>perfectissimas</strong></span> <span class='ocrx_word' id='word_1_455' title='bbox 1536 3879 1666 3956; x_wconf 88' lang='lat' dir='ltr'><strong>ejus</strong></span> <span class='ocrx_word' id='word_1_456' title='bbox 1686 3875 1917 3934; x_wconf 83' lang='lat' dir='ltr'><strong>veritati</strong></span> <span class='ocrx_word' id='word_1_457' title='bbox 1945 3883 2004 3934; x_wconf 90' lang='lat' dir='ltr'><strong>et</strong></span> <span class='ocrx_word' id='word_1_458' title='bbox 2032 3872 2321 3934; x_wconf 85' lang='lat' dir='ltr'><strong>sanctitati</strong></span> <span class='ocrx_word' id='word_1_459' title='bbox 2341 3871 2697 3950; x_wconf 83' lang='lat' dir='ltr'><strong>adversatur,</strong></span> <span class='ocrx_word' id='word_1_460' title='bbox 2719 3881 2896 3950; x_wconf 86' lang='lat' dir='ltr'><strong>atque</strong></span> 
     </span>
     <span class='ocr_line' id='line_1_45' title="bbox 484 3952 2894 4035; baseline 0 -24"><span class='ocrx_word' id='word_1_461' title='bbox 484 3953 620 4012; x_wconf 88' lang='lat' dir='ltr'><strong>ideo</strong></span> <span class='ocrx_word' id='word_1_462' title='bbox 641 3952 868 4031; x_wconf 80' lang='lat' dir='ltr'><strong>jamdiu</strong></span> <span class='ocrx_word' id='word_1_463' title='bbox 896 3957 1232 4018; x_wconf 88' lang='lat' dir='ltr'><strong>damnatum</strong></span> <span class='ocrx_word' id='word_1_464' title='bbox 1276 3965 1365 4016; x_wconf 86' lang='lat' dir='ltr'><strong>est</strong></span> <span class='ocrx_word' id='word_1_465' title='bbox 1407 3965 1684 4035; x_wconf 87' lang='lat' dir='ltr'><strong>tanquam</strong></span> <span class='ocrx_word' id='word_1_466' title='bbox 1729 3955 2132 4032; x_wconf 88' lang='lat' dir='ltr'><strong>blasphemum</strong></span> <span class='ocrx_word' id='word_1_467' title='bbox 2173 3953 2236 4012; x_wconf 89' lang='lat' dir='ltr'><strong>in</strong></span> <span class='ocrx_word' id='word_1_468' title='bbox 2287 3952 2660 4013; x_wconf 82' lang='lat' dir='ltr'><strong>Scholasticis</strong></span> <span class='ocrx_word' id='word_1_469' title='bbox 2683 3975 2698 4029; x_wconf 88' lang='lat'>;</span> <span class='ocrx_word' id='word_1_470' title='bbox 2744 3953 2894 4011; x_wconf 88' lang='lat' dir='ltr'><strong>Nam</strong></span> 
     </span>
     <span class='ocr_line' id='line_1_46' title="bbox 486 4032 2902 4112; baseline -0 -21"><span class='ocrx_word' id='word_1_471' title='bbox 486 4033 731 4092; x_wconf 85' lang='lat' dir='ltr'><strong>alterum</strong></span> <span class='ocrx_word' id='word_1_472' title='bbox 761 4035 955 4094; x_wconf 83' lang='lat' dir='ltr'><strong>verbis</strong></span> <span class='ocrx_word' id='word_1_473' title='bbox 982 4036 1199 4111; x_wconf 84' lang='lat' dir='ltr'><strong>fallere,</strong></span> <span class='ocrx_word' id='word_1_474' title='bbox 1231 4035 1373 4112; x_wconf 86' lang='lat' dir='ltr'><strong>quid</strong></span> <span class='ocrx_word' id='word_1_475' title='bbox 1405 4035 1565 4094; x_wconf 90' lang='lat' dir='ltr'><strong>aliud</strong></span> <span class='ocrx_word' id='word_1_476' title='bbox 1600 4043 1690 4094; x_wconf 87' lang='lat' dir='ltr'><strong>est</strong></span> <span class='ocrx_word' id='word_1_477' title='bbox 1733 4053 1908 4112; x_wconf 88' lang='lat' dir='ltr'><strong>quam</strong></span> <span class='ocrx_word' id='word_1_478' title='bbox 1955 4033 2202 4110; x_wconf 79' lang='lat' dir='ltr'><strong>mentiri,</strong></span> <span class='ocrx_word' id='word_1_479' title='bbox 2253 4041 2356 4092; x_wconf 89' lang='lat' dir='ltr'><strong>aut</strong></span> <span class='ocrx_word' id='word_1_480' title='bbox 2402 4032 2611 4092; x_wconf 85' lang='lat' dir='ltr'><strong>falsum</strong></span> <span class='ocrx_word' id='word_1_481' title='bbox 2655 4032 2846 4092; x_wconf 87' lang='lat' dir='ltr'><strong>dicere</strong></span> <span class='ocrx_word' id='word_1_482' title='bbox 2865 4034 2902 4090; x_wconf 72' lang='lat'><strong>1&gt;</strong></span> 
     </span>
     <span class='ocr_line' id='line_1_47' title="bbox 486 4111 2892 4192; baseline 0 -21"><span class='ocrx_word' id='word_1_483' title='bbox 486 4111 623 4172; x_wconf 90' lang='lat' dir='ltr'><strong>ideo</strong></span> <span class='ocrx_word' id='word_1_484' title='bbox 650 4111 701 4172; x_wconf 88' lang='lat' dir='ltr'><strong>si</strong></span> <span class='ocrx_word' id='word_1_485' title='bbox 725 4121 917 4191; x_wconf 85' lang='lat' dir='ltr'><strong>potest</strong></span> <span class='ocrx_word' id='word_1_486' title='bbox 945 4116 1108 4175; x_wconf 90' lang='lat' dir='ltr'><strong>Deus</strong></span> <span class='ocrx_word' id='word_1_487' title='bbox 1135 4115 1335 4174; x_wconf 86' lang='lat' dir='ltr'><strong>fallere</strong></span> <span class='ocrx_word' id='word_1_488' title='bbox 1361 4115 1572 4190; x_wconf 86' lang='lat' dir='ltr'><strong>verbis,</strong></span> <span class='ocrx_word' id='word_1_489' title='bbox 1602 4121 1796 4190; x_wconf 88' lang='lat' dir='ltr'><strong>potest</strong></span> <span class='ocrx_word' id='word_1_490' title='bbox 1821 4121 1882 4174; x_wconf 89' lang='lat' dir='ltr'><strong>et</strong></span> <span class='ocrx_word' id='word_1_491' title='bbox 1907 4111 2153 4190; x_wconf 88' lang='lat' dir='ltr'><strong>mentiri,</strong></span> <span class='ocrx_word' id='word_1_492' title='bbox 2184 4112 2342 4192; x_wconf 88' lang='lat' dir='ltr'><strong>quod</strong></span> <span class='ocrx_word' id='word_1_493' title='bbox 2369 4131 2644 4191; x_wconf 84' lang='lat' dir='ltr'><strong>expresse</strong></span> <span class='ocrx_word' id='word_1_494' title='bbox 2679 4131 2892 4192; x_wconf 91' lang='lat' dir='ltr'><strong>repug-</strong></span> 
     </span>
     <span class='ocr_line' id='line_1_48' title="bbox 486 4192 2898 4272; baseline 0.001 -22"><span class='ocrx_word' id='word_1_495' title='bbox 486 4201 591 4250; x_wconf 90' lang='lat' dir='ltr'><strong>nat</strong></span> <span class='ocrx_word' id='word_1_496' title='bbox 622 4192 947 4270; x_wconf 68' lang='lat' dir='ltr'><strong>Scripturas,</strong></span> <span class='ocrx_word' id='word_1_497' title='bbox 978 4194 1095 4253; x_wconf 83' lang='lat' dir='ltr'><strong>Tit.</strong></span> <span class='ocrx_word' id='word_1_498' title='bbox 1123 4194 1164 4253; x_wconf 92' lang='lat' dir='ltr'><strong>i.</strong></span> <span class='ocrx_word' id='word_1_499' title='bbox 1194 4197 1251 4268; x_wconf 75' lang='lat'><strong>2,</strong></span> <span class='ocrx_word' id='word_1_500' title='bbox 1284 4192 1437 4254; x_wconf 89' lang='lat' dir='ltr'><strong>Heb.</strong></span> <span class='ocrx_word' id='word_1_501' title='bbox 1466 4193 1547 4254; x_wconf 81' lang='lat' dir='ltr'><strong>vi.</strong></span> <span class='ocrx_word' id='word_1_502' title='bbox 1580 4195 1672 4266; x_wconf 87' lang='grc'><strong>18,</strong></span> <span class='ocrx_word' id='word_1_503' title='bbox 1703 4202 1762 4253; x_wconf 90' lang='lat' dir='ltr'><strong>et</strong></span> <span class='ocrx_word' id='word_1_504' title='bbox 1787 4203 2009 4253; x_wconf 78' lang='lat' dir='ltr'><strong>naturae</strong></span> <span class='ocrx_word' id='word_1_505' title='bbox 2028 4194 2158 4270; x_wconf 85' lang='lat' dir='ltr'><strong>Dei,</strong></span> <span class='ocrx_word' id='word_1_506' title='bbox 2187 4195 2250 4251; x_wconf 90' lang='lat' dir='ltr'><strong>in</strong></span> <span class='ocrx_word' id='word_1_507' title='bbox 2269 4211 2388 4271; x_wconf 87' lang='lat' dir='ltr'><strong>qua</strong></span> <span class='ocrx_word' id='word_1_508' title='bbox 2411 4211 2522 4252; x_wconf 89' lang='lat' dir='ltr'><strong>nec</strong></span> <span class='ocrx_word' id='word_1_509' title='bbox 2548 4211 2676 4252; x_wconf 88' lang='lat' dir='ltr'><strong>esse</strong></span> <span class='ocrx_word' id='word_1_510' title='bbox 2703 4200 2898 4272; x_wconf 86' lang='lat' dir='ltr'><strong>potest</strong></span> 
     </span>
     <span class='ocr_line' id='line_1_49' title="bbox 480 4271 2892 4352; baseline -0.001 -21"><span class='ocrx_word' id='word_1_511' title='bbox 480 4271 825 4350; x_wconf 87' lang='lat' dir='ltr'><strong>ignorantia,</strong></span> <span class='ocrx_word' id='word_1_512' title='bbox 854 4291 963 4333; x_wconf 87' lang='lat' dir='ltr'><strong>nec</strong></span> <span class='ocrx_word' id='word_1_513' title='bbox 990 4293 1149 4333; x_wconf 89' lang='lat' dir='ltr'><strong>error</strong></span> <span class='ocrx_word' id='word_1_514' title='bbox 1169 4273 1394 4351; x_wconf 85' lang='lat' dir='ltr'><strong>judicii,</strong></span> <span class='ocrx_word' id='word_1_515' title='bbox 1423 4290 1531 4333; x_wconf 88' lang='lat' dir='ltr'><strong>nec</strong></span> <span class='ocrx_word' id='word_1_516' title='bbox 1556 4273 1792 4350; x_wconf 87' lang='lat' dir='ltr'><strong>malitia,</strong></span> <span class='ocrx_word' id='word_1_517' title='bbox 1823 4293 1932 4334; x_wconf 89' lang='lat' dir='ltr'><strong>nee</strong></span> <span class='ocrx_word' id='word_1_518' title='bbox 1960 4273 2180 4352; x_wconf 86' lang='lat' dir='ltr'><strong>aliquid</strong></span> <span class='ocrx_word' id='word_1_519' title='bbox 2197 4273 2330 4350; x_wconf 84' lang='lat' dir='ltr'><strong>tale,</strong></span> <span class='ocrx_word' id='word_1_520' title='bbox 2355 4273 2510 4334; x_wconf 87' lang='lat' dir='ltr'><strong>unde</strong></span> <span class='ocrx_word' id='word_1_521' title='bbox 2527 4271 2892 4332; x_wconf 85' lang='lat' dir='ltr'><strong>mendacium</strong></span> 
     </span>
     <span class='ocr_line' id='line_1_50' title="bbox 484 4349 2894 4431; baseline -0.001 -19"><span class='ocrx_word' id='word_1_522' title='bbox 484 4349 770 4429; x_wconf 88' lang='lat' dir='ltr'><strong>originem</strong></span> <span class='ocrx_word' id='word_1_523' title='bbox 818 4352 994 4414; x_wconf 87' lang='lat' dir='ltr'><strong>ducit.</strong></span> <span class='ocrx_word' id='word_1_524' title='bbox 1082 4353 1210 4412; x_wconf 89' lang='lat' dir='ltr'><strong>Imo</strong></span> <span class='ocrx_word' id='word_1_525' title='bbox 1266 4354 1317 4411; x_wconf 87' lang='lat' dir='ltr'><strong>si</strong></span> <span class='ocrx_word' id='word_1_526' title='bbox 1362 4354 1473 4412; x_wconf 87' lang='lat' dir='ltr'><strong>hoc</strong></span> <span class='ocrx_word' id='word_1_527' title='bbox 1514 4353 1854 4430; x_wconf 85' lang='lat' dir='ltr'><strong>diceremus,</strong></span> <span class='ocrx_word' id='word_1_528' title='bbox 1899 4353 2090 4414; x_wconf 87' lang='lat' dir='ltr'><strong>dicere</strong></span> <span class='ocrx_word' id='word_1_529' title='bbox 2132 4353 2306 4414; x_wconf 87' lang='lat' dir='ltr'><strong>etiam</strong></span> <span class='ocrx_word' id='word_1_530' title='bbox 2351 4372 2655 4431; x_wconf 85' lang='lat' dir='ltr'><strong>possemus</strong></span> <span class='ocrx_word' id='word_1_531' title='bbox 2704 4352 2894 4410; x_wconf 87' lang='lat' dir='ltr'><strong>Deum</strong></span> 
     </span>
     <span class='ocr_line' id='line_1_51' title="bbox 482 4431 2898 4512; baseline -0.001 -22"><span class='ocrx_word' id='word_1_532' title='bbox 482 4452 655 4512; x_wconf 88' lang='lat' dir='ltr'><strong>posse</strong></span> <span class='ocrx_word' id='word_1_533' title='bbox 682 4432 807 4492; x_wconf 85' lang='lat' dir='ltr'><strong>fieri</strong></span> <span class='ocrx_word' id='word_1_534' title='bbox 832 4453 951 4492; x_wconf 89' lang='lat' dir='ltr'><strong>non</strong></span> <span class='ocrx_word' id='word_1_535' title='bbox 979 4433 1187 4510; x_wconf 87' lang='lat' dir='ltr'><strong>Deum,</strong></span> <span class='ocrx_word' id='word_1_536' title='bbox 1217 4433 1487 4494; x_wconf 89' lang='lat' dir='ltr'><strong>horresco</strong></span> <span class='ocrx_word' id='word_1_537' title='bbox 1513 4431 1803 4511; x_wconf 79' lang='lat' dir='ltr'><strong>referens3</strong></span> <span class='ocrx_word' id='word_1_538' title='bbox 1833 4433 1974 4512; x_wconf 89' lang='lat' dir='ltr'><strong>quia</strong></span> <span class='ocrx_word' id='word_1_539' title='bbox 1999 4432 2048 4494; x_wconf 89' lang='lat' dir='ltr'><strong>si</strong></span> <span class='ocrx_word' id='word_1_540' title='bbox 2076 4434 2242 4492; x_wconf 90' lang='lat' dir='ltr'><strong>Deus</strong></span> <span class='ocrx_word' id='word_1_541' title='bbox 2265 4441 2464 4511; x_wconf 88' lang='lat' dir='ltr'><strong>posset</strong></span> <span class='ocrx_word' id='word_1_542' title='bbox 2489 4431 2704 4507; x_wconf 86' lang='lat' dir='ltr'><strong>fallere,</strong></span> <span class='ocrx_word' id='word_1_543' title='bbox 2731 4431 2898 4490; x_wconf 88' lang='lat' dir='ltr'><strong>Deus</strong></span> 
     </span>
     <span class='ocr_line' id='line_1_52' title="bbox 484 4512 2890 4593; baseline -0.001 -21"><span class='ocrx_word' id='word_1_544' title='bbox 484 4521 682 4592; x_wconf 86' lang='lat' dir='ltr'><strong>posset</strong></span> <span class='ocrx_word' id='word_1_545' title='bbox 706 4533 961 4591; x_wconf 86' lang='lat' dir='ltr'><strong>peccare,</strong></span> <span class='ocrx_word' id='word_1_546' title='bbox 994 4513 1044 4573; x_wconf 89' lang='lat' dir='ltr'><strong>si</strong></span> <span class='ocrx_word' id='word_1_547' title='bbox 1070 4523 1271 4593; x_wconf 88' lang='lat' dir='ltr'><strong>posset</strong></span> <span class='ocrx_word' id='word_1_548' title='bbox 1294 4534 1546 4593; x_wconf 88' lang='lat' dir='ltr'><strong>peccare,</strong></span> <span class='ocrx_word' id='word_1_549' title='bbox 1576 4522 1776 4592; x_wconf 87' lang='lat' dir='ltr'><strong>posset</strong></span> <span class='ocrx_word' id='word_1_550' title='bbox 1801 4514 1927 4574; x_wconf 89' lang='lat' dir='ltr'><strong>fieri</strong></span> <span class='ocrx_word' id='word_1_551' title='bbox 1953 4534 2068 4573; x_wconf 88' lang='lat' dir='ltr'><strong>non</strong></span> <span class='ocrx_word' id='word_1_552' title='bbox 2116 4514 2294 4589; x_wconf 88' lang='lat' dir='ltr'><strong>Deus,</strong></span> <span class='ocrx_word' id='word_1_553' title='bbox 2345 4512 2486 4591; x_wconf 86' lang='lat' dir='ltr'><strong>quia</strong></span> <span class='ocrx_word' id='word_1_554' title='bbox 2526 4512 2627 4591; x_wconf 90' lang='lat' dir='ltr'><strong>qui</strong></span> <span class='ocrx_word' id='word_1_555' title='bbox 2672 4518 2890 4590; x_wconf 88' lang='lat' dir='ltr'><strong>peccat,</strong></span> 
     </span>
     <span class='ocr_line' id='line_1_53' title="bbox 484 4592 2896 4673; baseline -0.001 -21"><span class='ocrx_word' id='word_1_556' title='bbox 484 4594 583 4653; x_wconf 84' lang='lat' dir='ltr'><strong>vel</strong></span> <span class='ocrx_word' id='word_1_557' title='bbox 608 4613 846 4670; x_wconf 87' lang='lat' dir='ltr'><strong>peccare</strong></span> <span class='ocrx_word' id='word_1_558' title='bbox 872 4601 1065 4672; x_wconf 86' lang='lat' dir='ltr'><strong>potest</strong></span> <span class='ocrx_word' id='word_1_559' title='bbox 1092 4614 1209 4655; x_wconf 91' lang='lat' dir='ltr'><strong>non</strong></span> <span class='ocrx_word' id='word_1_560' title='bbox 1238 4603 1327 4654; x_wconf 89' lang='lat' dir='ltr'><strong>est</strong></span> <span class='ocrx_word' id='word_1_561' title='bbox 1358 4594 1533 4656; x_wconf 88' lang='lat' dir='ltr'><strong>Deus.</strong></span> <span class='ocrx_word' id='word_1_562' title='bbox 1618 4599 1676 4655; x_wconf 77' lang='lat'><strong>2.</strong></span> <span class='ocrx_word' id='word_1_563' title='bbox 1722 4594 1885 4656; x_wconf 87' lang='lat' dir='ltr'><strong>Deus</strong></span> <span class='ocrx_word' id='word_1_564' title='bbox 1911 4613 2014 4673; x_wconf 89' lang='lat' dir='ltr'><strong>per</strong></span> <span class='ocrx_word' id='word_1_565' title='bbox 2038 4593 2374 4669; x_wconf 87' lang='lat' dir='ltr'><strong>bonitatem,</strong></span> <span class='ocrx_word' id='word_1_566' title='bbox 2425 4592 2792 4652; x_wconf 87' lang='lat' dir='ltr'><strong>sanctitatem</strong></span> <span class='ocrx_word' id='word_1_567' title='bbox 2834 4597 2896 4650; x_wconf 88' lang='lat' dir='ltr'><strong>et</strong></span> 
     </span>
     <span class='ocr_line' id='line_1_54' title="bbox 474 4670 2901 4758; baseline -0.001 -22"><span class='ocrx_word' id='word_1_568' title='bbox 474 4672 765 4752; x_wconf 84' lang='lat' dir='ltr'><strong>justitiam</strong></span> <span class='ocrx_word' id='word_1_569' title='bbox 786 4695 953 4738; x_wconf 87' lang='lat' dir='ltr'><strong>suam</strong></span> <span class='ocrx_word' id='word_1_570' title='bbox 978 4675 1182 4758; x_wconf 84' lang='lat' dir='ltr'><strong>nequit</strong></span> <span class='ocrx_word' id='word_1_571' title='bbox 1208 4675 1325 4746; x_wconf 85' lang='lat' dir='ltr'><strong>dici</strong></span> <span class='ocrx_word' id='word_1_572' title='bbox 1352 4695 1522 4758; x_wconf 85' lang='lat' dir='ltr'><strong>posse</strong></span> <span class='ocrx_word' id='word_1_573' title='bbox 1548 4677 1740 4738; x_wconf 80' lang='lat' dir='ltr'><strong>facere</strong></span> <span class='ocrx_word' id='word_1_574' title='bbox 1765 4675 1999 4754; x_wconf 86' lang='lat' dir='ltr'><strong>malum,</strong></span> <span class='ocrx_word' id='word_1_575' title='bbox 2029 4675 2309 4754; x_wconf 86' lang='lat' dir='ltr'><strong>injustum</strong></span> <span class='ocrx_word' id='word_1_576' title='bbox 2337 4683 2398 4742; x_wconf 84' lang='lat' dir='ltr'><strong>et</strong></span> <span class='ocrx_word' id='word_1_577' title='bbox 2424 4673 2734 4754; x_wconf 86' lang='lat' dir='ltr'><strong>impurum,</strong></span> <span class='ocrx_word' id='word_1_578' title='bbox 2783 4670 2901 4734; x_wconf 78' lang='lat' dir='ltr'><strong>etsi</strong></span> 
     </span>
    </p>
   </div>
   <div class='ocr_carea' id='block_1_3' title="bbox 3290 770 3298 1457">
    <p class='ocr_par' dir='ltr' id='par_1_8' title="bbox 3290 770 3298 1457">
     <span class='ocr_line' id='line_1_55' title="bbox 3290 770 3298 1457; baseline 0 0"><span class='ocrx_word' id='word_1_579' title='bbox 3290 770 3298 1457; x_wconf 95' lang='lat' dir='ltr'><strong> </strong></span> 
     </span>
    </p>
   </div>
  </div>
 </body>
</html>
