3300 5225
597 329 713 388 572
1585 347 1768 389 Locus
1795 345 2009 388 nonus.
2651 319 2932 404 [Quaes‘r.
2963 341 3028 382 x.

598 487 727 545 Imo
754 505 791 544 a
816 485 1035 564 major-l,
1068 485 1119 543 si
1148 485 1343 544 David
1370 486 1463 544 vir
1509 487 1826 546 secundum
1875 505 1976 545 cor
2003 483 2112 543 Dei
2161 481 2224 541 in
2269 489 2506 560 peccato
2547 490 2874 558 conceptus
2906 491 3023 556 est,
3187 400 3224 581 Κ

596 573 813 642 quanto
840 566 1025 640 magis
1054 565 1202 622 alii?
1281 565 1395 624 Vel
1440 585 1572 624 eum
1598 566 1760 642 loqui
1804 585 1922 624 non
1965 565 2037 623 de
2065 570 2300 640 peccato
2331 581 2434 621 suo
2461 561 2746 638 originali,
2783 562 2900 619 sed
2943 562 3023 620 de

595 652 833 721 peccato
860 644 1087 718 actuali,
1118 644 1217 702 vel
1243 652 1543 720 parentum
1565 663 1796 703 suorum
1821 643 2212 717 communiter,
2237 641 2334 699 vel
2350 642 2634 718 praecipue
2653 641 2865 698 matris
2889 660 3022 698 suae

598 723 983 798 singulariter.
1029 723 1101 780 R.
1133 721 1283 795 Quia
1308 729 1528 780 certum
1574 731 1666 782 est
1695 725 1982 782 Davidem
2009 720 2426 780 confessionem
2463 720 2631 778 edere
2659 717 2731 776 de
2760 728 3022 796 peccato

597 821 719 876 sue,
752 801 917 877 cujus
944 802 1173 859 veniam
1200 821 1305 878 pro
1334 821 1395 859 se
1422 803 1583 878 petit,
1614 821 1732 860 non
1759 802 1833 860 de
1859 803 2064 875 alieno,
2094 807 2161 858 ut
2187 807 2312 857 tota
2335 799 2513 858 series
2540 798 2818 856 orationis
2845 799 3024 856 clare

596 881 967 954 demonstrat,
999 899 1127 955 quse
1154 881 1387 937 omnino
1411 881 1641 956 periret,
1669 881 1718 938 si
1745 880 1822 938 ad
1847 881 2098 938 alienum
2113 886 2414 956 peccatum
2433 877 2734 936 transitum
2763 875 3016 936 faceret.

599 959 989 1033 Praeterquam
1016 958 1172 1034 quod
1200 957 1345 1016 falso
1374 958 1716 1035 supponitur
1741 978 2010 1036 peccasse
2035 965 2302 1034 parentes
2341 957 2470 1033 ejus
2497 957 2558 1012 in
2585 955 2712 1030 ejus
2755 974 3016 1030 genera-

594 1037 769 1110 tione,
800 1037 967 1112 quasi
992 1057 1069 1094 ex
1095 1036 1399 1114 illegitimo
1428 1038 1736 1096 concubitu
1763 1047 1936 1096 natus
1961 1045 2132 1096 esset.
2217 1035 2340 1094 Nec
2367 1035 2548 1093 verba
2571 1053 2642 1092 eo
2668 1034 2822 1092 trahi
2861 1054 3016 1110 pos-

596 1123 770 1174 sunt:
814 1115 964 1172 Nam
990 1116 1233 1174 verbum
1278 1119 1452 1174 *abb-m
1498 1125 1788 1192 conceptus
1833 1135 1972 1190 sum,
2001 1113 2201 1174 referri
2227 1133 2344 1171 non
2384 1120 2576 1190 potest
2607 1111 2684 1169 ad
2708 1112 3019 1171 actionem

595 1193 873 1270 gignendi
899 1201 1215 1269 parentum,
1249 1194 1352 1252 sed
1378 1195 1455 1252 ad
1480 1196 1736 1271 corporis
1776 1194 1959 1271 geniti
1985 1193 2383 1252 formationem
2421 1192 2486 1248 in
2523 1199 2704 1264 utero,
2735 1199 2796 1249 et
2817 1211 3012 1250 mn·-

593 1293 710 1331 non
739 1271 1027 1348 significat
1074 1272 1315 1348 gignere
1340 1281 1443 1330 aut
1484 1274 1803 1349 concipere,
1832 1272 1990 1348 quod
2031 1279 2332 1348 parentum
2375 1278 2480 1344 est,
2513 1268 2618 1327 sed
2653 1271 2906 1347 calefieri
2945 1279 3008 1328 et

574 1352 783 1426 foveri,
814 1351 969 1426 quod
998 1357 1219 1428 spectat
1245 1350 1321 1408 ad
1346 1351 1549 1409 foetum
1569 1352 1697 1428 jam
1723 1351 2046 1424 formatum,
2077 1359 2136 1408 et
2161 1349 2222 1406 in
2248 1357 2486 1426 peccato
2513 1348 2871 1407 calefactum.

639 1473 669 1518 5
702 1475 781 1520 Ex
802 1473 864 1519 Jo
902 1474 954 1517 ffi
982 1427 1019 1516 ⁵5
1196 1428 1317 1486 XI.
1383 1429 1615 1504 Quinto,
1648 1430 1797 1503 Quia
1841 1448 2040 1487 omnes
2081 1437 2288 1486 natura
2331 1435 2466 1485 sunt
2501 1446 2656 1500 care,
2687 1434 2746 1484 et
2771 1429 2898 1484 nati
2919 1447 3000 1485 a

672 1507 683 1518 ‘
868 1508 878 1518 '
959 1506 970 1517 ‘
1022 1504 1034 1518 ‘
1114 1527 1302 1582 carne,
1354 1508 1452 1566 J0.
1501 1507 1583 1566 iii.
1628 1511 1683 1582 5,
1729 1511 1783 1582 6,
1826 1527 1961 1566 nam
2010 1509 2046 1540 ‘⁶
2066 1507 2178 1565 nisi
2223 1506 2354 1582 quis
2393 1505 2690 1581 regenitus
2717 1504 2889 1564 fuerit
2917 1525 2996 1564 ex

587 1605 738 1661 aqua
758 1593 817 1644 et
841 1583 1074 1660 Spiritu,
1094 1603 1212 1642 non
1239 1587 1476 1644 intrabit
1500 1587 1563 1642 in
1588 1605 1832 1662 regnum
1855 1586 2000 1660 Dei3
2031 1585 2308 1662 quicquid
2333 1592 2532 1642 natum
2560 1603 2636 1641 ex
2663 1603 2834 1642 carne
2851 1604 2988 1642 caro

588 1665 736 1722 est.’'
803 1663 923 1722 Ubi
955 1665 1009 1719 1.
1037 1662 1287 1720 Notatur
1304 1665 1595 1722 necessitas
1617 1665 2050 1740 reqenemtc'oms
2077 1662 2543 1741 supernaturalis,
2568 1682 2698 1738 quae
2719 1664 2996 1738 supponit

590 1741 1020 1816 generationem
1046 1741 1365 1799 naturalem
1392 1750 1734 1819 corruptam.
1819 1747 1874 1802 2.
1913 1743 2317 1801 Universalitas
2343 1741 2736 1817 corruptions,
2766 1760 2895 1816 quse
2929 1743 2992 1798 in

590 1838 791 1877 omnes
818 1826 1113 1894 grassatur
1138 1819 1276 1896 quia
1302 1839 1501 1878 omnes
1528 1830 1665 1879 sunt
1692 1841 1843 1880 caro.
1925 1825 1982 1880 3.
2014 1822 2418 1880 Unica-salitas
2445 1821 2829 1893 studentior-ds,
2849 1820 2994 1878 dum

588 1917 723 1956 caro
751 1897 1007 1955 nascitur
1034 1917 1108 1954 ex
1136 1917 1325 1956 carne.
1356 1931 1361 1938 ·
1410 1899 1533 1958 Nec
1573 1899 1690 1958 dici
1715 1909 1907 1978 potest
1949 1921 2176 1959 carnem
2218 1901 2314 1957 hic
2331 1900 2560 1974 physice
2606 1898 2856 1975 intelligi
2883 1919 2990 1974 pro

588 1975 899 2052 fragilitate
927 1984 1165 2034 naturae.
1247 1978 1397 2035 Nam
1423 1977 1561 2038 licet
1580 1999 1990 2056 nonnunquam
2013 1996 2082 2038 eo
2109 1997 2284 2037 sensu
2305 1984 2563 2036 sumatur
2581 1978 2642 2034 in
2673 1978 2988 2053 Scriptura,

587 2075 704 2114 non
732 2062 923 2132 potest
950 2064 1144 2113 tamen
1168 2055 1265 2113 hic
1292 2056 1375 2114 ita
1400 2058 1682 2135 usurpari,
1713 2058 1817 2116 sed
1843 2059 2150 2131 moraliter,
2180 2057 2318 2133 quia
2353 2057 2546 2132 agitur
2571 2055 2645 2113 de
2671 2075 2846 2113 carne
2887 2075 2988 2132 op·

584 2135 775 2211 posita
801 2134 1042 2211 spiritui,
1074 2142 1133 2192 et
1158 2142 1440 2212 quatenus
1467 2155 1613 2214 opus
1638 2137 1818 2196 habet
1845 2136 2294 2214 regeneratione,
2316 2135 2396 2192 id.
2424 2153 2530 2211 pro
2556 2142 2764 2192 natura
2789 2143 2994 2192 nostra

584 2214 912 2289 imgenita,
944 2214 1209 2290 opposita
1233 2214 1321 2271 illi
1346 2233 1463 2290 qua
1488 2216 1780 2292 regenitse,
1810 2235 1926 2291 quo
1966 2214 2138 2272 modo
2166 2215 2380 2291 passim
2409 2213 2672 2272 sumitur.
2757 2213 2988 2272 Deinde

582 2292 867 2369 fragilitas
893 2292 1007 2350 ista
1031 2292 1275 2368 physica
1302 2295 1573 2370 supponit
1598 2295 1922 2353 necessario
1940 2293 2363 2370 corruptionem
2389 2291 2684 2366 moralem,
2707 2297 2986 2368 tanquam

582 2391 833 2448 causam,
863 2371 1018 2429 unde
1044 2371 1119 2429 ab
1146 2390 1216 2430 ea
1244 2373 1495 2448 separari
1521 2373 1740 2449 nequit.

1186 2449 1342 2508 XII.
1388 2451 1586 2526 Sext0,
1608 2452 1759 2525 Quia
1777 2471 1976 2510 omnes
2003 2459 2123 2511 tam
2149 2451 2194 2510 J
2197 2451 2348 2509 udaei
2368 2469 2540 2526 quam
2565 2449 2830 2508 Gentiles
2847 2458 2986 2508 sunt

1086 2529 1207 2605 filii
1230 2528 1346 2604 ἕνα,
1380 2529 1595 2606 Ephes.
1624 2531 1685 2588 ii.
1716 2533 1772 2604 3,
1807 2533 1843 2563 ‘⁴
1866 2531 1945 2588 Et
1971 2548 2198 2588 eramus
2240 2529 2347 2586 filii
2373 2529 2474 2586 irae
2499 2535 2720 2606 nature,
2751 2529 2906 2586 sicut
2925 2537 2988 2586 et

581 2606 833 2681 caeteri,”
862 2605 963 2665 ubi
988 2626 1108 2665 non
1134 2616 1358 2666 tantum
1386 2617 1659 2669 notantur
1683 2617 1922 2687 peccata
1947 2609 2194 2667 actualia
2213 2628 2316 2685 per
2341 2627 2470 2685 q-uae
2498 2606 2768 2665 dicuntur
2777 2608 2986 2681 fecisse

580 2686 909 2760 cupiditates
936 2688 1139 2762 carm‘s,
1172 2686 1275 2745 sed
1302 2688 1475 2746 etiam
1504 2689 1800 2765 originale,
1820 2690 1957 2765 quia
1984 2687 2252 2746 dicuntur
2260 2688 2518 2765 filii-‘'⁹⁸⁶¹'’
2541 2685 2620 2743 id.
2642 2686 2984 2761 irae-divina

581 2764 835 2840 obnoxii,
866 2784 983 2822 non
1010 2764 1327 2823 imitatione
1354 2775 1415 2824 et
1440 2768 1872 2842 consuetudine,
1904 2766 2006 2825 sed
2033 2764 2174 2837 φῖκηι
2207 2774 2428 2839 natura,
2456 2783 2574 2822 non
2599 2764 2844 2839 integra,
2877 2764 2984 2823 sed

580 2852 863 2920 corrupta,
892 2852 960 2902 ut
984 2844 1258 2902 innuatur
1282 2845 1497 2903 malum
1524 2864 1652 2903 esse
1680 2846 1964 2903 inhterens
1993 2845 2066 2902 ab
2093 2854 2274 2915 utero,
2305 2852 2365 2902 et
2390 2862 2506 2901 non
2526 2850 2750 2901 tantum
2781 2862 2980 2919 super-

579 2923 821 2980 veniens
847 2942 883 2979 a
908 2922 1159 2997 peccatis
1187 2923 1528 2981 actualibus.
1612 2924 1734 2981 Nec
1755 2924 1874 2981 dici
1893 2922 2068 2982 debet
2087 2942 2194 2981 nos
2219 2922 2372 2980 filios
2398 2922 2499 2979 irae
2526 2920 2821 2997 appellari,
2841 2920 2982 2997 qnia

580 3001 762 3075 geniti
790 3018 989 3058 sumus
1016 2998 1091 3056 ab
1120 2998 1367 3075 Adam0,
1399 3020 1531 3057 cum
1551 3001 1677 3077 jam
1703 3000 1858 3058 filius
1883 3002 1984 3058 irse
2009 3009 2246 3077 propter
2269 3008 2566 3077 peccatum
2593 3000 2784 3058 factus
2803 3008 2977 3058 esset.

582 3078 731 3150 Quia
755 3095 874 3134 non
900 3076 973 3132 de
1001 3075 1249 3151 Adamo,
1282 3077 1385 3135 sed
1410 3078 1485 3135 de
1512 3078 1641 3154 ejus
1667 3078 1913 3155 posteris
1935 3078 2163 3154 dicitur,
2184 3078 2339 3155 quod
2356 3078 2472 3137 sint
2497 3077 2604 3135 filii
2629 3078 2731 3135 irae
2751 3086 2975 3153 natura,

578 3154 737 3230 quod
764 3153 880 3212 dici
904 3172 1022 3211 non
1048 3162 1245 3229 posset
1271 3155 1385 3214 nisi
1410 3175 1447 3213 a
1472 3165 1678 3215 natura
1697 3158 1822 3233 jam
1847 3166 2178 3234 peccatores
2203 3165 2413 3215 essent.

608 3276 653 3321 ⁷·
673 3276 752 3321 ΕΚ
775 3274 1023 3322 ...12
1102 3232 1427 3370 ῑηέἓέἑῐὶη
1440 3234 2306 3391 Ἧὲῗὲςῃέἳῗὲτῖἰὲὲᾚ
2329 3234 2976 3386 ἒὲἓῗῖέθὲἕὲἓοῗῗ

582 3390 675 3461 12,
704 3386 807 3445 ubi
834 3386 1155 3463 Apostolus
1182 3392 1434 3467 assurgit
1460 3392 1533 3449 ad
1572 3394 1816 3469 primam
1843 3394 1982 3451 mali
2021 3394 2228 3467 labem,
2259 3400 2318 3451 et
2345 3390 2626 3467 originem
2665 3391 2890 3467 peccati
2917 3400 2978 3449 et

574 3466 779 3525 mortis
802 3467 1001 3544 aperit,
1032 3468 1219 3527 nimir.
1248 3471 1496 3546 primum
1522 3472 1771 3530 hominis
1796 3480 2114 3548 peccatum,
2133 3470 2289 3547 quod
2315 3470 2376 3526 in
2415 3468 2693 3527 mundum
2734 3470 2974 3543 introiit,

576 3545 717 3603 nim.
764 3545 826 3603 in
872 3546 1151 3621 homines,
1180 3555 1304 3606 tum
1350 3569 1455 3626 per
1500 3550 1953 3626 imputationem,
1981 3558 2105 3607 tum
2131 3568 2236 3625 per
2261 3547 2730 3624 propagationem
2755 3569 2769 3621 ;
2816 3548 2978 3622 quod

576 3623 897 3699 Apostolus
924 3626 1130 3701 probat
1156 3646 1231 3683 ex
1258 3636 1441 3686 morte
1479 3628 1704 3703 peccati
1739 3627 1942 3687 effecto
1982 3627 2322 3699 necessario,
2352 3626 2488 3701 quia
2513 3625 2575 3681 in
2603 3644 2802 3683 omnes
2841 3644 2973 3701 reg-

576 3711 692 3777 nat,
722 3710 847 3761 tum
874 3712 1111 3761 externa
1136 3713 1195 3763 et
1220 3706 1569 3782 temporalis,
1600 3714 1724 3765 tum
1749 3706 1973 3763 interna
1999 3713 2060 3763 et
2095 3703 2424 3781 spiritualia,
2455 3711 2578 3760 tum
2606 3712 2836 3777 esterna,
2866 3722 2974 3761 nec

576 3789 799 3839 tantum
826 3800 981 3839 mors
1008 3783 1267 3857 actualis,
1300 3783 1403 3842 sed
1430 3784 1602 3842 etiam
1630 3784 1971 3843 obnoxietas
1998 3791 2058 3842 et
2083 3782 2360 3858 obligatio
2387 3780 2464 3838 ad
2487 3790 2748 3837 mortem.
2849 3781 2974 3839 Nec

576 3860 691 3916 diei
717 3867 909 3934 potest
934 3860 1230 3918 transiisse
1257 3881 1360 3937 per
1386 3864 1762 3936 imitationem,
1791 3870 1860 3920 ut
1885 3862 2118 3919 volebat
2147 3859 2438 3935 Pelagius,
2468 3858 2606 3934 quia
2632 3878 2748 3916 non
2773 3866 2974 3934 posset

576 3937 693 3993 dici
718 3938 961 3994 transire
987 3938 1049 3994 in
1076 3938 1339 4013 infantes,
1364 3940 1466 4016 qui
1506 3940 1845 3999 imitationis
1872 3960 1988 3997 non
2031 3947 2166 3997 sunt
2191 3956 2449 4014 capaces.
2492 3940 2548 3993 2.
2580 3935 2730 4008 Quia
2757 3937 2840 3994 sic
2867 3936 2969 3994 de-

575 4013 797 4072 buisset
822 4015 1088 4073 omnibus
1130 4016 1503 4091 innotescere,
1534 4038 1666 4076 cum
1709 4026 1902 4075 tamen
1943 4017 2228 4076 innumeri
2275 4016 2346 4073 de
2375 4013 2607 4072 Adamo
2633 4014 2780 4071 nihil
2807 4013 2972 4072 audi·

572 4091 780 4149 verint.
830 4096 887 4149 3.
918 4092 1065 4165 Quia
1091 4114 1207 4151 non
1233 4096 1421 4171 magis
1446 4103 1641 4170 posset
1669 4094 1784 4153 dici
1811 4096 2107 4155 transiisse
2133 4114 2238 4172 per
2263 4112 2440 4153 unum
2467 4093 2776 4166 hominem,
2797 4111 2970 4168 quam

572 4188 675 4244 per
704 4168 1031 4244 Diabolum,
1062 4172 1163 4246 qui
1188 4173 1547 4247 peccantium
1576 4182 1666 4231 est
1695 4173 1886 4232 Pater.

569 4298 601 4346 3
645 4298 687 4343 E
752 4300 801 4344 N
934 4301 1025 4345 ’tat
1174 4250 1355 4307 XIV.
1399 4250 1637 4324 OctaVO,
1685 4252 1966 4311 Rationes
1993 4252 2168 4312 variae
2212 4251 2366 4309 idem
2411 4248 2675 4327 probant.
2763 4251 2816 4307 1.
2845 4251 2966 4307 Ne-

602 4332 613 4344 “
692 4312 947 4401 Χωοξξίῗει
1026 4315 1053 4345 ²
1094 4328 1315 4385 cessitas
1340 4330 1671 4387 universalis
1697 4334 1891 4390 mortis
1917 4332 2184 4389 omnibus
2217 4329 2500 4405 imposita,
2531 4328 2706 4386 etiam
2732 4326 2967 4385 infanti·
3025 4400 3033 4405 .

1091 4404 1239 4479 bus;
1300 4406 1448 4465 Nam
1493 4409 1543 4465 si
1570 4428 1725 4468 mors
1768 4417 1974 4484 regnat
2012 4409 2072 4464 in
2109 4426 2322 4482 omnes,
2357 4408 2514 4482 Ergo
2541 4414 2840 4481 peccatum
2867 4422 2968 4463 ne-

572 4482 821 4542 cessario
848 4482 1021 4541 debet
1046 4481 1108 4541 in
1135 4484 1275 4561 ipsis
1303 4504 1559 4562 regnare,
1589 4489 1728 4563 quia
1755 4488 1856 4545 illa
1882 4496 1972 4545 est
1997 4486 2164 4545 istius
2183 4484 2548 4561 stipendium,
2568 4484 2780 4542 necilli
2806 4482 2970 4540 locus

572 4562 697 4620 dari
722 4572 929 4640 potest,
952 4562 1054 4620 ubi
1082 4582 1197 4621 non
1219 4562 1387 4622 datur
1406 4574 1721 4640 peccatum.
1781 4567 2096 4625 Recurrere
2117 4564 2212 4621 hic
2234 4564 2307 4621 ad
2329 4562 2620 4638 sequelam
2641 4570 2880 4635 naturae,
2903 4568 2970 4619 ut

610 2494 655 2539 6.
674 2495 753 2540 Ex
774 2494 899 2553 Eph.
920 2495 971 2538 ii.
990 2494 1035 2540 3.
