3300 5225
540 353 659 414 336
1508 377 1691 419 Locus
1719 378 2008 427 QUARTUS·
2537 359 2785 442 [Quaesr.
2819 386 2950 428 xm.

540 516 813 592 monium,
845 517 942 576 vel
971 517 1227 594 sigillum
1256 537 1383 576 esse
1412 518 1591 577 fallax
1618 528 1679 579 et
1713 521 2028 596 incertum;
2072 520 2168 578 vel
2209 518 2438 579 fidelem
2467 522 2570 599 qui
2611 525 2762 584 serio
2804 526 2951 587 illud

538 596 826 656 observat.
870 616 1041 674 posse
1070 617 1295 675 semper
1321 597 1527 676 decipi,
1556 607 1623 658 ut
1649 619 1946 677 nunquam
1973 598 2045 659 de
2074 600 2202 677 ejus
2228 600 2472 660 veritate
2500 604 2947 682 persuadeatur;

540 683 701 735 tanta
729 677 882 734 enim
910 687 1001 736 est
1028 679 1285 737 suavitas
1307 687 1365 737 ct
1391 679 1649 756 potentia
1677 680 1845 739 istius
1872 679 2238 757 operationis,
2269 689 2390 739 tam
2417 681 2773 744 admirabilis
2798 686 2948 746 lucis

538 755 707 814 istius
734 755 947 815 diviuae
976 757 1263 835 splendor,
1294 767 1353 818 et
1389 767 1509 817 tam
1548 759 1768 818 invicta
1807 759 1886 818 ad
1924 759 2334 838 captivandum
2376 781 2476 819 cor
2517 763 2578 820 in
2603 764 2946 842 obsequium

538 834 677 894 fidei
724 836 991 912 efficacia,
1042 847 1162 896 tam
1210 838 1589 898 inenarrabile
1639 839 1918 916 gaudium
1965 848 2026 898 et
2067 839 2353 916 solatium,
2404 860 2520 917 quo
2565 845 2947 906 conscientias

537 915 847 992 perfundit,
878 925 945 976 ut
969 918 1200 977 fidelem
1227 917 1407 977 latere
1434 927 1701 996 nequeat,
1733 919 1837 977 sed
1865 918 2204 977 indubitatis
2231 922 2588 996 argumentis
2617 943 2678 982 se
2705 944 2742 983 a
2767 933 2944 984 teme-

540 996 689 1054 raria
713 997 1083 1073 profanorum
1111 998 1451 1075 gloriatione
1480 998 1648 1056 facile
1679 1006 1956 1058 secernat.
2030 998 2202 1057 Unde
2235 1003 2265 1056 1
2297 999 2341 1058 J
2345 1000 2472 1058 oha.
2503 1001 2584 1060 iii.
2615 1005 2692 1060 24
2741 1005 2816 1062 In
2843 1007 2946 1064 hoc

539 1077 960 1217 coqnosgimgzl
968 1077 1177 1216 {11me
1208 1081 1365 1154 quod
1384 1097 1674 1138 manemus
1701 1079 1760 1136 in
1786 1079 1925 1154 ipso,
1956 1087 2010 1136 et
2034 1079 2152 1154 ipse
2179 1078 2236 1136 in
2264 1080 2432 1156 nobis,
2463 1082 2600 1156 quia
2627 1047 2710 1141 dc,
2723 1085 2945 1160 Spiritu

538 1175 639 1213 suo
666 1177 739 1214 no
774 1177 819 1215 es
958 1179 975 1216 τ
1001 1203 1016 1218 .

618 1235 773 1295 XII.
818 1237 940 1297 Nec
967 1237 1083 1297 alio
1108 1238 1373 1316 pertinet,
1406 1237 1562 1316 quod
1591 1237 1809 1297 Paulus
1837 1237 1934 1312 ait,
1963 1239 1995 1295 1
2021 1237 2238 1297 Corint.
2269 1238 2328 1298 ii.
2356 1242 2450 1298 12.
2493 1242 2620 1300 Nos
2666 1245 2944 1320 accepisse

534 1335 647 1374 non
684 1318 959 1394 Spirimm
996 1319 1207 1392 mundi,
1245 1321 1349 1377 scd
1384 1319 1660 1394 Spiritum
1701 1318 1801 1393 qui
1837 1326 1918 1375 est
1947 1337 2024 1376 ex
2058 1319 2203 1392 Deo,
2247 1329 2312 1377 ut
2345 1320 2586 1379 sciamus
2623 1343 2750 1398 quoe
2783 1325 2944 1384 Deus

532 1397 685 1454 ηοὸἱε
728 1408 811 1456 est
849 1399 1219 1479 yratg’ficanoe.
1304 1398 1587 1457 Nimirum
1632 1397 1760 1456 Deo
1799 1406 2034 1474 propter
2073 1397 2320 1474 gloriam
2361 1419 2542 1475 suam,
2589 1411 2648 1460 et
2695 1403 2942 1478 salutem

533 1484 805 1554 nostram,
842 1483 981 1537 non‘
1000 1479 1141 1537 satis
1168 1486 1258 1537 est
1298 1479 1451 1537 bona
1487 1478 1657 1536 nobis
1695 1477 1911 1554 largiri,
1948 1477 2060 1536 nisi
2099 1497 2332 1538 sensum
2359 1487 2420 1538 et
2445 1481 2704 1538 notitiam
2741 1502 2940 1542 eorum

532 1556 740 1616 animis
779 1559 994 1617 nostris
1030 1558 1341 1635 imprimat,
1368 1565 1435 1617 ut
1460 1565 1519 1616 et
1546 1557 1619 1616 de
1657 1557 1773 1614 illis
1813 1557 2031 1633 gratias
2059 1577 2232 1634 agere
2271 1558 2573 1634 possimne,
2605 1568 2666 1618 et
2704 1561 2778 1620 iis
2805 1583 2938 1623 cum

533 1635 750 1712 gaudio
790 1645 849 1696 et
886 1637 1092 1696 solatio
1133 1637 1263 1696 frui.
1348 1636 1471 1696 Nec
1504 1637 1695 1695 dicere
1728 1636 1902 1713 juvat
1941 1657 2072 1695 cum
2101 1637 2352 1713 Becan0,
2385 1637 2733 1714 Apostolum
2773 1640 2938 1719 loqui

532 1714 605 1773 de
634 1714 803 1774 donis
844 1715 1061 1794 gloriae,
1098 1737 1229 1794 quae
1270 1716 1343 1775 ab
1385 1725 1600 1775 aeterno
1639 1716 1810 1775 nobis
1849 1717 2212 1794 proeparavit,
2255 1736 2372 1774 non
2405 1717 2479 1776 de
2505 1718 2676 1778 donis
2715 1721 2936 1800 gratiae,

530 1793 603 1852 de
645 1794 857 1871 quibus
900 1797 1191 1874 quaeritur.
1283 1795 1431 1871 Quia
1470 1795 1545 1856 de
1584 1796 1842 1873 utrisque
1883 1797 2142 1874 loquitur
2183 1796 2416 1872 Paulus,
2459 1806 2520 1857 et
2559 1798 2632 1856 de
2677 1801 2936 1879 utrisque

531 1872 910 1951 disputamus,
962 1885 1021 1935 et
1074 1877 1125 1934 si
1172 1875 1457 1936 certitudo
1504 1876 1677 1935 datur
1722 1895 1828 1953 per
1875 1877 2153 1954 Spiritum
2201 1875 2482 1937 donorum
2536 1878 2754 1955 glorize,
2804 1901 2936 1958 quae.

530 1961 666 2012 sunt
706 1953 913 2032 futura,
958 1965 1175 2033 quanto
1214 1956 1403 2034 magis
1430 1955 1662 2015 dabitur
1687 1955 1969 2015 donorum
2011 1956 2212 2034 gratiae
2240 1977 2372 2034 quas
2411 1967 2548 2018 sunt
2586 1962 2892 2036 praesentia
2907 1965 2936 2021 Ρ

530 2033 587 2092 N
588 2053 655 2092 ec
703 2035 753 2094 si
803 2034 1073 2096 dicuntur
1116 2037 1219 2094 illa
1260 2035 1321 2093 in
1364 2055 1465 2095 cor
1509 2036 1762 2096 hominis
1809 2056 1926 2095 non
1970 2037 2299 2096 ascendisse
2347 2047 2612 2116 respectu
2655 2043 2934 2101 naturalis

527 2112 764 2252 notitliae,
798 2115 991 2176 statim
1020 2116 1280 2194 sequitur
1319 2136 1435 2174 non
1476 2135 1645 2194 posse
1675 2137 1710 2175 a
1738 2116 1909 2175 corde
1951 2116 2110 2176 fideli
2150 2118 2367 2196 percipi
2408 2138 2484 2178 ex
2511 2122 2931 2197 supernaturali

528 2213 665 2254 reve
690 2196 900 2257 atione.

612 2273 803 2334 XIII.
848 2277 1083 2354 Quart0,
1115 2277 1348 2354 Rata,
1380 2286 1435 2337 et
1458 2279 1750 2354 Exempla
1777 2278 2131 2352 Sanctorum,
2175 2277 2276 2355 qui
2317 2277 2390 2337 de
2429 2277 2728 2340 Electione
2755 2289 2814 2340 et
2841 2301 2930 2340 sa·

525 2353 647 2415 lute
674 2377 781 2416 sua
806 2358 949 2418 certi
976 2357 1222 2432 fuerunt,
1254 2358 1464 2417 docent
1488 2377 1607 2417 non
1638 2356 1812 2416 modo
1853 2357 2190 2435 possibilem
2205 2377 2361 2434 esse,
2405 2359 2510 2418 sed
2549 2361 2929 2420 necessariam

524 2434 697 2496 istam
718 2438 1139 2498 certitudinem.
1212 2438 1381 2497 Patet
1408 2438 1469 2496 in
1488 2439 1818 2496 Abrahamo
1841 2437 2013 2496 Patre
2035 2437 2407 2513 credentium,
2433 2440 2534 2514 qui
2555 2449 2754 2500 contra
2776 2461 2932 2517 opem

521 2518 621 2575 sub
647 2537 745 2592 spe
772 2519 1024 2594 credidit,
1054 2539 1166 2578 non
1186 2517 1499 2597 infirmatus
1520 2518 1728 2596 infide,
1751 2519 1855 2575 scd
1875 2533 1984 2580 nan
2012 2521 2246 2595 οφοςηθιὶς
2263 2517 2583 2591 plenissime
2600 2539 2926 2596 persuasus,

470 2607 477 2615 ’
522 2600 680 2675 quod
712 2598 804 2657 ille
830 2599 931 2675 qui
960 2599 1309 2675 promiserat
1339 2597 1494 2674 potis
1534 2605 1665 2656 crat
1701 2597 1928 2671 efficere,
2019 2616 2131 2655 om.
2161 2597 2240 2655 iv·
2275 2597 2366 2672 18,
2403 2599 2496 2656 19.
2581 2598 2654 2657 In
2681 2600 2924 2677 Davide,

566 2679 625 2739 ui
654 2686 811 2737 certo
859 2678 970 2735 sibi
997 2677 1320 2755 persuadet,
1353 2696 1415 2736 se
1442 2696 1559 2735 non
1586 2684 1809 2735 motum
1845 2676 1932 2751 iri,
1967 2676 2062 2735 Ps.
2094 2675 2216 2733 xvi.
2247 2676 2302 2750 8,
2334 2674 2439 2733 sed
2477 2678 2928 2739 misericordiam

520 2700 640 2817 t1¹)ei
666 2776 799 2817 eum
828 2757 1225 2816 comitaturam
1252 2756 1521 2814 omnibus
1548 2755 1756 2813 diebus
1782 2754 1918 2813 vitae
1957 2774 2093 2828 susc,
2127 2755 2223 2813 ΡΒ.
2267 2754 2434 2813 xxiii.
2479 2759 2534 2832 6,
2578 2766 2638 2815 et
2671 2759 2829 2835 quod
2866 2760 2926 2819 in

523 2845 801 2898 aeternum
828 2855 945 2895 non
972 2836 1181 2895 debeat
1206 2834 1497 2910 confundi,
1531 2835 1598 2893 P.
1628 2834 1796 2893 xxxi.
1831 2836 1883 2891 1.
1929 2833 2002 2891 In
2023 2836 2224 2907 Paulo,
2255 2834 2356 2910 qui
2383 2853 2654 2911 expresse
2683 2846 2928 2897 testatur

524 2938 586 2979 se
625 2936 967 2995 persuasum
994 2935 1137 2991 esse,
1181 2915 1329 2973 nihil
1368 2934 1498 2973 cum
1529 2932 1794 2991 separare
1834 2932 2004 2991 posse
2033 2913 2108 2972 ab
2135 2932 2327 2971 amore
2358 2913 2487 2987 Dei,
2517 2912 2804 2990 πέπεισμαι,
2837 2917 2921 2973 in·

522 2998 666 3075 quit,
696 3016 871 3073 neque
896 3005 1146 3071 mortem,
1176 3014 1352 3071 neque
1378 2995 1564 3069 vitam,
1594 3012 1772 3069 neque
1797 2994 2058 3069 Anqelos,
2089 3012 2264 3069 neque
2291 2992 2612 3068 Pota-statas,
2644 2994 2734 3067 ἅτ.
2755 3014 2925 3071 posse

520 3098 607 3137 me
632 3094 909 3152 separare
934 3077 1005 3135 ab
1032 3094 1228 3133 amore
1247 3074 1366 3132 Dei
1388 3074 1447 3131 in
1471 3072 1710 3149 Christo,
1733 3073 1978 3132 Roman.
2003 3072 2124 3131 viii.
2149 3073 2244 3132 38.
2289 3071 2470 3146 Quale
2499 3080 2690 3131 autem
2718 3073 2922 3133 fimda-

519 3162 778 3215 mentum
806 3174 933 3214 esse
974 3162 1165 3233 potest
1204 3152 1372 3213 istius
1412 3151 1822 3228 insultationis,
1851 3152 1964 3211 nisi
2001 3151 2286 3212 certitudo
2314 3152 2628 3229 electionis,
2659 3162 2719 3213 et
2745 3152 2858 3213 ado
2898 3188 2921 3199 -

516 3234 695 3295 tionis
734 3234 993 3293 fidelium
1012 3238 1041 3294 Ρ
1080 3242 1314 3312 propter
1353 3252 1527 3311 quam
1566 3231 1649 3308 fit,
1681 3241 1748 3292 ut
1787 3233 1849 3290 in
1891 3232 2158 3292 omnibus
2189 3235 2487 3315 ὑπτςνικῧστ,
2519 3240 2578 3292 et
2619 3234 2806 3293 securi
2889 3255 2922 3295 e

517 3314 785 3373 hostibus
812 3314 1079 3374 omnibus
1108 3314 1227 3372 suis
1254 3312 1605 3390 triumphare
1632 3321 1893 3390 possunt,
1917 3332 1977 3373 v.
2001 3315 2097 3390 31,
2123 3317 2218 3389 32,
2243 3316 2340 3373 33.
2405 3314 2609 3391 Neque
2636 3314 2732 3373 hic
2757 3334 2920 3374 reve-

516 3394 658 3454 latio
686 3393 951 3471 quaedam
978 3393 1433 3453 extraordinaria
1458 3401 1549 3452 est
1574 3392 1960 3467 obtendenda,
1984 3394 2152 3472 quasi
2176 3394 2288 3452 hoc
2315 3392 2592 3470 peculiari
2617 3394 2822 3472 privile
2869 3394 2923 3454 ‘o

517 3473 863 3553 quibusdam
906 3494 943 3532 a
981 3475 1109 3534 Deo
1152 3474 1228 3533 sit
1266 3473 1572 3548 indultum,
1611 3492 1731 3531 non
1758 3492 1898 3532 vero
1943 3472 2200 3547 caeteris3
2244 3472 2381 3549 quia
2411 3472 2730 3531 Abrahami
2777 3474 2816 3531 fi
2859 3494 2922 3535 es

514 3555 857 3634 proponitur
894 3554 956 3613 in
996 3553 1325 3632 exemplum
1366 3553 1611 3629 caeteris,
1644 3553 1812 3612 Rom.
1849 3552 1927 3611 iv.
1958 3556 2056 3612 23.
2139 3554 2219 3612 Et
2261 3552 2480 3611 Paulus
2520 3552 2920 3613 certitudinem

517 3655 680 3696 suam
720 3630 883 3712 petit,
927 3654 1045 3694 non
1086 3654 1162 3695 ex
1202 3634 1478 3713 peculiari
1519 3633 1889 3708 revelatione,
1921 3632 2026 3691 sed
2067 3650 2142 3690 ex
2182 3630 2574 3690 fundamentis
2601 3640 2660 3691 et
2685 3634 2922 3694 motivis

516 3716 901 3794 generalibus,
934 3724 1148 3775 aeterna
1175 3714 1395 3773 scilicet
1424 3714 1541 3772 Dei
1578 3712 1876 3785 electione,
1907 3711 2122 3769 Christi
2158 3718 2358 3785 morte,
2391 3718 2451 3769 et
2490 3711 2918 3789 intercessione,

515 3815 709 3855 amore
741 3796 853 3854 Dei
892 3794 1273 3869 immutabili3
1317 3814 1447 3870 quse
1476 3813 1606 3851 cum
1636 3792 1753 3850 sint
1779 3790 2048 3850 fidelibus
2075 3789 2344 3849 omnibus
2372 3791 2714 3867 communia,
2761 3800 2920 3869 patet

514 3895 631 3951 eos,
676 3895 792 3933 non
827 3874 1026 4011 trininus
1066 3895 1135 3933 ac
1177 3872 1439 3947 Paulum,
1486 3880 1680 3931 actum
1723 3871 1896 3929 istum
1940 3867 2300 3929 certitudinis
2341 3867 2668 3929 fiducialem
2712 3870 2919 3937 elicere

552 3973 683 4011 osse
732 3972 800 4012 ac
868 3954 1055 4013 ebere.

512 3974 551 4032 P
594 3998 775 4090 XI'V.
820 4032 1055 4107 Quarto,
1102 4034 1327 4105 Effecta
1355 4030 1504 4109 fidei
1542 4029 1694 4087 hanc
1737 4027 2140 4087 certitudinem
2182 4014 2496 4106 postulant,
2541 4029 2735 4107 qualia
2781 4040 2918 4090 sunt

510 4114 806 4185 πτποιὌηο-ις,
846 4110 996 4188 Eph.
1040 4111 1119 4169 iii.
1164 4114 1256 4184 12,
1298 4108 1622 4190 πληςοφοςίοι,
1670 4108 1824 4166 Heb.
1853 4128 1915 4166 x.
1955 4112 2050 4183 22,
2090 4108 2353 4185 nahmens,
2397 4109 2566 4168 Rom.
2597 4131 2654 4169 v.
2685 4113 2740 4185 2,
2771 4114 2916 4192 χιςὶ

510 4191 860 4264 annuam-05,
894 4193 924 4247 1
960 4190 1085 4248 Pet.
1114 4190 1152 4247 i.
1184 4190 1238 4262 8,
1270 4209 1399 4266 quae
1432 4208 1468 4246 a
1507 4188 1677 4247 nobis
1717 4187 1845 4246 tolli
1871 4208 1990 4246 non
2016 4197 2223 4266 potest,
2255 4189 2430 4249 Joha.
2461 4190 2583 4249 xvi.
2614 4194 2730 4265 223
2774 4211 2916 4268 quo-

510 4270 683 4329 modo
712 4270 866 4327 enim
892 4269 991 4327 vel
1028 4267 1316 4342 fiduciam,
1354 4277 1415 4327 et
1451 4267 1684 4345 plenam
1724 4268 2152 4345 persuasionem
2195 4268 2406 4327 habere
2449 4288 2771 4347 possumus,
2815 4290 2918 4347 per

508 4370 684 4428 quam
710 4349 787 4408 ad
812 4348 1083 4407 thronum
1112 4347 1313 4425 gratiae
1341 4368 1473 4407 cum
1500 4347 1850 4407 confidentia
1877 4347 2148 4407 accedere
2174 4349 2327 4424 licet,
2355 4349 2448 4407 vel
2475 4369 2674 4426 pacem
2704 4350 2916 4409 habere

508 4429 665 4507 apud
694 4429 900 4504 Deum,
932 4436 990 4487 et
1018 4448 1180 4505 spem
1206 4448 1337 4505 quse
1363 4448 1480 4487 non
1508 4427 1846 4504 confundit;
1890 4428 1987 4487 vel
2027 4428 2279 4506 gloriari,
2311 4436 2372 4488 et
2397 4428 2611 4505 gaudio
2638 4426 2916 4486 ineffabili

508 4519 567 4569 et
595 4509 849 4587 glorioso
874 4508 1154 4584 exultare,
1186 4508 1233 4567 si
1273 4517 1548 4586 perpetuo
1575 4519 1736 4569 metu
1763 4516 1821 4567 et
1849 4507 2208 4568 dubitatione
2237 4508 2594 4585 agitarentur
2619 4506 2912 4565 conscien-

508 4590 621 4665 tioe,
654 4598 715 4648 et
750 4586 979 4647 nonnisi
1020 4588 1468 4667 conjecturalem
1508 4595 1568 4647 et
1608 4588 1886 4649 incertam
1927 4588 2316 4665 opinationem
2362 4586 2432 4644 de
2475 4596 2668 4644 ‘amore
2701 4585 2808 4643 Dei
2855 4595 2916 4646 et

508 4670 693 4729 salute
721 4676 919 4734 nostra
946 4688 1249 4747 possemus
1274 4668 1531 4727 obtinere
1548 4670 1577 4726 ?
