3300 5225
353 407 573 462 QuAEsr.
605 387 762 472 xm]
1241 409 1321 450 nn
1347 407 1938 450 ramensi-murore.
2642 391 2759 453 345

353 553 587 623 aum»,
617 551 678 611 id
707 559 797 610 est
823 550 1186 627 humor-iqui,
1217 559 1272 609 et
1295 559 1661 626 contumaces,
1690 551 1777 610 ad
1798 552 1954 626 quod
1976 551 2145 610 elt'ctm
2165 547 2345 627 positi
2372 559 2519 626 sunt,
2542 552 2760 628 utique,

353 654 389 694 a
419 634 564 708 Deo,
594 640 653 690 et
672 629 896 710 judicio
923 630 1120 708 ipsius,
1150 637 1220 689 ut
1243 629 1385 688 alibi
1415 629 1715 707 Scriptura
1738 635 2001 706 testatur,
2038 634 2067 689 1
2094 631 2299 690 Thess·
2317 651 2375 690 v.
2406 633 2480 707 93
2510 631 2554 690 J
2556 630 2653 690 ud.
2684 635 2757 706 43

354 732 471 772 non
499 721 568 772 ut
607 710 936 772 infunderet
974 710 1116 788 ipsis
1157 708 1576 787 infidelitatem,
1617 709 1725 770 sed
1752 709 1891 787 quia
1928 711 2309 772 constituerat
2334 710 2453 770 illis
2478 730 2597 770 non
2624 710 2763 772 dare

353 792 544 869 fidem,
574 800 636 852 et
661 791 906 851 rebelles
931 791 1090 868 ipsos
1116 790 1396 850 adversus
1418 790 1809 868 Evangelium
1836 790 2073 867 gravius
2101 810 2411 869 excaecare,
2442 799 2502 851 et
2528 791 2761 852 tandem

353 881 631 934 aeternum
659 871 950 930 damnare.
994 868 1167 930 Unde
1195 871 1416 930 32me
1439 890 1558 929 non
1575 869 1789 930 desinit
1816 889 1943 930 esse
1970 869 2379 946 inobedientia,
2394 871 2533 950 quia
2547 873 2763 950 positio

355 953 432 1012 ad
459 973 604 1028 eam,
635 972 764 1030 quae
790 951 860 1010 fit
885 971 920 1010 a
949 949 1063 1010 Dei
1099 949 1348 1026 decret0,
1393 969 1510 1010 non
1537 949 1604 1010 fit
1650 950 1728 1009 ad
1754 969 1881 1010 eam
1909 949 2283 1028 efficiendam,
2315 951 2421 1010 sed
2460 951 2537 1012 ad
2574 953 2761 1012 homi-

355 1053 488 1092 nem
517 1032 578 1090 in
604 1051 674 1090 ea
700 1029 1098 1105 deserendum,
1129 1038 1188 1090 et
1213 1031 1398 1108 ipsam
1421 1031 1584 1107 justo
1605 1028 1833 1108 judicio
1858 1031 2311 1108 aggravandam.

436 1112 664 1171 XXII.
708 1111 942 1187 Quart0,
979 1110 1044 1170 Si
1085 1109 1440 1188 Reprobatio
1467 1109 1632 1169 fieret
1660 1130 1737 1168 ex
1775 1111 2025 1187 praevisa
2063 1109 2421 1188 infidelitate,
2462 1131 2579 1170 non
2606 1121 2761 1172 esset

355 1192 697 1268 mysterium
737 1190 1128 1264 inscrutabile,
1159 1209 1268 1249 nec
1295 1189 1618 1268 Apostolus
1645 1189 1723 1248 ad
1750 1209 2023 1248 arcanum
2057 1190 2171 1250 Dei
2203 1191 2493 1268 judicium
2519 1201 2579 1251 et
2604 1197 2757 1266 ιἰηξι-

356 1273 562 1354 gn'aemm
601 1271 912 1332 ascendere
952 1269 1250 1330 debuisset
1289 1269 1366 1329 ad
1407 1269 1630 1328 homini
1674 1289 1740 1329 os
1785 1269 2171 1330 obturandum
2214 1271 2275 1328 in
2316 1271 2757 1350 objectionibus,

355 1373 502 1430 quas
531 1373 664 1412 earo
691 1353 788 1410 hic
814 1369 1047 1410 movere
1077 1351 1242 1426 solet,
1273 1350 1324 1409 si
1365 1357 1484 1410 tam
1511 1348 1701 1408 facilis
1728 1349 2076 1427 suppetebat
2112 1349 2429 1428 responsio,
2473 1353 2657 1428 petita
2682 1373 2761 1412 ex

293 1431 297 1436 “
355 1433 499 1510 ipsis
538 1431 888 1506 hominibus,
917 1438 980 1490 et
1015 1449 1214 1489 eorum
1255 1429 1630 1506 infidelitate;
1674 1429 1833 1506 quod
1873 1450 2007 1489 cum
2046 1430 2219 1490 faciat
2260 1451 2379 1490 non
2418 1431 2615 1508 semel,
2648 1433 2759 1492 Ro.

353 1512 436 1571 ix.
465 1515 561 1589 14,
593 1519 654 1571 et
677 1511 760 1570 xi.
784 1514 879 1586 33,
905 1513 1002 1587 34,
1048 1511 1285 1570 Deuter.
1317 1509 1484 1570 xxix,
1509 1512 1606 1585 29,
1656 1529 1726 1570 eo
1754 1509 1881 1586 ipso
1909 1517 2156 1570 testatur
2180 1530 2299 1569 non
2326 1509 2499 1570 aliam
2526 1531 2761 1572 causam

355 1591 434 1652 ab
459 1611 528 1651 eo
555 1590 794 1670 agnosci
822 1590 992 1652 istius
1019 1589 1398 1665 discretionis,
1431 1608 1604 1666 quam
1633 1589 1823 1660 solum
1854 1585 1967 1648 Dei
1993 1590 2436 1668 beneplacitum.

959 1669 1222 1729 XXIII.
1265 1669 1545 1746 Quamvis
1585 1668 1851 1729 doctrina
1875 1670 2005 1730 rista
2044 1679 2261 1747 sancta,
2290 1679 2565 1748 tanquam
2594 1671 2757 1748 dura,

413 1735 758 1841 Foatsguglolu-
878 1757 938 1810 et
965 1749 1234 1826 crudelis,
1258 1749 1520 1827 adeoque
1539 1749 1938 1826 consolationi,
1968 1749 2171 1827 pietati
2192 1769 2260 1809 ac
2284 1749 2581 1830 Religioni
2600 1752 2759 1810 omni

676 1827 690 1841 ‘
877 1828 1114 1888 inimica
1151 1829 1326 1907 impie
1353 1828 1580 1889 traduci
1605 1829 1792 1890 soleat
1820 1829 1893 1888 ab
1923 1827 2313 1906 Adversarii&
2344 1831 2448 1908 qui
2487 1831 2759 1909 reprobo-

354 1929 484 1970 rum
511 1909 790 1970 adversus
819 1909 1011 1968 Deum
1039 1917 1307 1986 suscepta
1331 1927 1528 1985 causa,
1553 1909 1747 1987 ipsum
1774 1909 2094 1987 injustitiae,
2125 1911 2527 1987 simulationis,
2557 1911 2759 1971 erude—

353 1989 552 2065 litatis,
576 1988 1056 2068 prosopolepsias,
1079 1989 1316 2048 immani
1341 1988 1703 2066 blasphemia
1741 1989 2077 2049 insimulare
2106 1990 2327 2066 solent;
2370 1990 2539 2050 facile
2564 2000 2759 2052 tamen

355 2077 446 2128 est
468 2068 659 2128 Deum
679 2068 753 2128 ab
773 2069 904 2128 istis
922 2069 1222 2128 hominum
1242 2068 1739 2129 criminationibus
1758 2067 2085 2128 falsissimis
2102 2069 2367 2146 liberare,
2398 2071 2761 2132 strationem

353 2148 666 2207 humanam
693 2148 1141 2208 tumultuantem
1169 2156 1230 2208 et
1254 2148 1635 2208 insanientem
1664 2167 2046 2226 compescere.
2340 2212 2361 2229 s

433 2228 687 2288 XXIV.
731 2229 884 2288 Nam
921 2229 1112 2306 posito
1140 2228 1406 2288 absoluto
1439 2227 1863 2306 reprobationis
1902 2227 2167 2305 decreto;
2213 2229 2347 2288 Non
2386 2229 2613 2289 laborat
2643 2230 2759 2290 Dei

352 2308 606 2384 Justitia,
635 2307 733 2367 vel
773 2309 1068 2368 hominem
1092 2307 1172 2367 ad
1195 2317 1440 2368 mortem
1467 2307 1829 2382 destinando,
1860 2307 1999 2384 quia
2022 2307 2315 2368 neminem
2339 2308 2455 2368 nisi
2494 2319 2761 2386 peccato·

353 2407 476 2446 rem
505 2387 757 2464 damnat,
787 2388 886 2448 vel
926 2387 1246 2466 aequalibus
1285 2387 1594 2466 inaequalia
1619 2386 1831 2464 dando,
1863 2387 2008 2446 alios
2036 2387 2323 2466 eligendo,
2355 2398 2413 2448 et
2440 2388 2587 2450 alios
2612 2409 2759 2468 prze-

353 2467 668 2544 tereundo;
712 2467 864 2542 Quia
889 2476 1030 2528 tune
1055 2487 1174 2527 non
1201 2467 1325 2545 agit
1348 2473 1417 2526 ut
1441 2468 1485 2527 J
1487 2466 1665 2545 udex,
1704 2465 1811 2527 sed
1847 2475 1915 2528 ut
1941 2467 2244 2544 Dominus,
2275 2469 2379 2546 qui
2416 2477 2609 2547 potest
2634 2470 2761 2530 sine

353 2547 696 2627 cujusquam
731 2547 948 2627 injuria
973 2547 1296 2627 aequalibus
1335 2546 1644 2626 inaequalia
1670 2547 1941 2624 tribuere,
1972 2547 2205 2627 quando
2232 2549 2427 2627 agitur
2451 2547 2525 2608 de
2564 2569 2627 2608 re
2668 2550 2758 2608 in-

353 2627 568 2705 debita,
599 2628 789 2706 qualis
817 2635 908 2688 est
933 2628 1138 2707 gratia.
1223 2628 1320 2689 Ita
1354 2627 1528 2687 electi
1564 2628 1783 2687 habent
1810 2628 2045 2706 quidem
2073 2628 2145 2688 de
2174 2648 2290 2707 quo
2331 2628 2551 2708 gratias
2576 2639 2759 2709 agant

355 2708 483 2769 Deo
511 2710 586 2769 ob
615 2707 982 2768 collationem
1011 2708 1232 2786 gratiae,
1261 2727 1438 2786 quam
1463 2707 1657 2769 meriti
1682 2728 1801 2767 non
1826 2716 1979 2785 sunt,
2012 2708 2117 2769 sed
2142 2710 2374 2787 reprobi
2400 2728 2518 2768 non
2544 2709 2761 2770 habent

353 2787 425 2847 de
455 2807 571 2866 quo
599 2798 948 2867 querantur3
992 2796 1116 2848 tum
1144 2788 1282 2866 quia
1311 2789 1473 2847 Deus
1499 2788 1648 2847 nulli
1676 2795 1906 2847 tenetur
1944 2788 2299 2867 benefacere,
2328 2808 2436 2848 nee
2462 2789 2585 2848 ulla
2624 2810 2755 2867 pro·

350 2868 624 2929 missione
665 2888 727 2928 se
769 2868 1084 2931 obstrinxit
1122 2867 1384 2946 reprobis
1426 2868 1505 2927 ad
1551 2867 1956 2927 conferendam
1996 2868 2239 2929 eandem
2286 2869 2533 2947 gratiam
2581 2889 2755 2947 quam

350 2948 550 3008 electis
590 2947 870 3026 largitur;
914 2956 1036 3009 tum
1070 2948 1210 3026 quia
1250 2947 1302 3007 si
1343 2948 1566 3026 seipsos
1607 2948 1927 3027 excutiunt,
1970 2947 2358 3025 justissimum
2396 2957 2456 3008 et
2496 2951 2755 3027 prseteri-

349 3028 524 3088 tionis
553 3036 612 3088 et
639 3028 956 3107 punitionis
983 3048 1104 3089 suae
1131 3028 1568 3088 fundamentum
1595 3027 1659 3086 in
1684 3036 1923 3106 peccato
1951 3047 2057 3087 suo
2086 3027 2537 3107 deprehendunt.

431 3108 647 3168 XXV.
709 3109 842 3167 Non
883 3108 1110 3168 laborat
1145 3109 1369 3168 Veritas
1415 3109 1561 3186 ejus,
1589 3107 1731 3168 dum
1757 3116 1931 3167 vocat
1972 3108 2047 3166 ad
2096 3108 2360 3184 salutem,
2389 3127 2535 3185 quos
2560 3115 2759 3171 tamen

349 3186 616 3247 absoluto
643 3187 876 3247 decreto
903 3208 940 3246 a
964 3188 1152 3247 salute
1178 3187 1468 3265 exclusit;
1511 3187 1665 3263 Quia
1688 3187 1917 3247 vocatio
1956 3186 2061 3245 illa
2086 3196 2326 3248 externa
2357 3208 2475 3247 non
2501 3188 2760 3249 declarat

350 3266 530 3325 ullam
555 3266 912 3341 volitionem,
941 3266 1038 3326 vel
1064 3267 1444 3327 intentionem
1474 3268 1604 3342 Dei,
1633 3287 1751 3344 qua
1776 3267 1921 3326 velit
1962 3266 2097 3326 illos
2123 3268 2367 3343 salvare,
2398 3267 2502 3328 sed
2527 3276 2755 3329 tantum

349 3344 798 3424 propositionem
826 3345 1016 3422 officii,
1043 3354 1106 3406 et
1131 3345 1580 3405 declarationem
1603 3346 1764 3406 modi
1789 3346 1889 3406 vel
1912 3346 2109 3423 medii,
2136 3367 2241 3425 per
2272 3347 2431 3424 quod
2456 3348 2615 3409 salus
2652 3370 2755 3427 po-

347 3432 464 3484 test
505 3425 858 3503 contingere,
889 3446 1020 3485 cum
1059 3425 1440 3504 promissione
1483 3425 1640 3483 illius
1668 3426 1741 3485 iis
1784 3426 1885 3503 qui
1928 3426 2315 3486 conditionem
2362 3428 2755 3506 praescriptam

353 3504 698 3565 habuerint:
743 3506 827 3566 Ut
853 3525 994 3583 ergo
1022 3505 1240 3565 oblatio
1269 3504 1472 3563 salutis
1498 3524 1630 3581 quae
1658 3504 1775 3563 illis
1801 3504 1883 3579 fit,
1914 3525 2031 3564 non
2058 3514 2149 3566 est
2174 3505 2457 3581 absoluta,
2488 3506 2593 3566 sed
2618 3528 2757 3567 con·

351 3583 648 3661 ditionata,
677 3603 794 3644 non
819 3594 1012 3664 potest
1039 3584 1154 3645 dici
1184 3585 1348 3645 Deus
1387 3604 1520 3643 cum
1545 3583 1665 3642 illis
1706 3584 1973 3644 simulate
1998 3604 2189 3663 agere,
2220 3604 2399 3661 quum
2436 3605 2537 3645 eos
2564 3596 2757 3665 vocat,

349 3663 486 3724 lieet
513 3664 588 3724 ab
615 3673 829 3725 aeterno
857 3686 956 3725 eos
981 3664 1276 3759 praeterire
1301 3672 1362 3725 et
1388 3663 1661 3729 damnare
1688 3663 2049 3723 decreverit:
2094 3664 2247 3723 Sane
2274 3664 2325 3723 si
2352 3665 2523 3725 aliam
2551 3666 2760 3729 salutis

349 3743 506 3803 viam
533 3754 879 3805 monstraret
903 3746 1046 3824 ipsis
1071 3744 1136 3804 in
1162 3744 1507 3823 Evangelio,
1537 3762 1711 3821 quam
1754 3763 1881 3802 eam
1908 3763 2036 3822 quse
2063 3742 2142 3802 ad
2178 3743 2425 3803 salutem
2450 3744 2627 3821 ducit,
2657 3748 2758 3807 vel

352 3824 402 3882 si
429 3844 506 3883 ex
535 3826 705 3885 eorde
733 3825 1032 3885 credentes
1059 3833 1120 3886 et
1145 3826 1550 3904 resipiscentes
1576 3842 1612 3882 a
1639 3824 1825 3883 salute
1846 3823 2181 3883 excluderet
2206 3832 2443 3902 propter
2460 3824 2753 3885 decretum

349 3905 784 3982 reprobationiS,
814 3914 1012 3983 posset
1054 3905 1172 3966 dici
1213 3906 1404 3965 minus
1453 3903 1675 3964 sincere
1719 3924 1851 3963 cum
1894 3902 2011 3962 illis
2050 3922 2263 3981 agere;
2326 3903 2445 3964 Sed
2470 3904 2565 3963 hic
2590 3906 2757 3965 nulla

347 3992 541 4061 potest
567 4006 693 4045 esse
720 3984 1064 4063 hypocrisis,
1095 3986 1192 4045 vel
1231 3992 1500 4064 respectu
1529 3984 1660 4059 Dei,
1690 3984 1829 4061 quia
1868 3983 2088 4043 sincere
2130 3982 2399 4043 ostendit·
2424 3984 2654 4043 unicam
2696 3995 2755 4046 et

349 4063 712 4123 infallibilem
737 4066 894 4125 viam
935 4065 1012 4125 ad
1053 4065 1314 4141 salutem,
1346 4064 1496 4124 serio
1522 4065 1788 4123 hortatur
1825 4062 1902 4122 ad
1934 4063 2094 4123 illam
2136 4062 2503 4141 sequendam,
2534 4072 2594 4123 et
2618 4084 2749 4143 pro-

347 4144 528 4204 mittit
553 4145 852 4205 verissime
880 4146 1126 4205 salutem
1151 4145 1224 4205 iis
1252 4143 1520 4203 omnibus
1599 4144 1665 4204 ui
1688 4144 1849 4203 illam
1890 4144 2075 4204 secuti
2115 4142 2343 4220 fuerint,
2388 4143 2757 4207 credentibus

345 4224 617 4283 nimirum
643 4234 704 4285 et
727 4224 1178 4301 poenitentibus3
1242 4224 1358 4284 Vel
1397 4165 1602 4301 quoadl
1633 4223 1913 4299 homines,
1943 4224 2082 4302 quia
2120 4222 2339 4283 oblatio
2384 4243 2501 4282 non
2543 4224 2613 4283 fit
2637 4226 2763 4287 illis

347 4304 626 4380 absolute,
659 4304 764 4364 sed
791 4305 899 4364 sub
928 4304 1272 4380 conditione,
1303 4323 1480 4380 quam
1504 4302 1596 4363 'illi
1621 4325 1727 4365 sua
1766 4312 1969 4383 sponte
1998 4310 2059 4363 et
2095 4303 2329 4382 propria
2362 4304 2533 4381 culpa
2558 4323 2751 4383 asper-

343 4392 573 4443 nantur-

429 4462 680 4523 XXVI.
747 4463 880 4523 Non
920 4464 1145 4523 laborat
1185 4463 1314 4542 ejus
1355 4466 1701 4545 ‹peameca-la
1740 4473 1798 4523 et
1830 4463 2249 4538 Misericordia,
2290 4463 2447 4540 quod
2476 4465 2751 4542 majorem

344 4542 643 4603 hominum
669 4553 893 4621 partem
921 4545 980 4601 in
1007 4552 1247 4621 peccato
1276 4564 1382 4605 suo
1421 4546 1762 4621 relinquere,
1790 4551 1851 4603 et
1890 4552 2127 4622 propter
2166 4542 2314 4602 illud
2350 4540 2621 4601 damnare
2649 4543 2747 4603 de-

345 4622 629 4700 ereverit;
675 4624 825 4683 Nam
851 4622 1120 4701 quamvis
1162 4644 1387 4684 summa
1428 4624 1519 4699 sit,
1550 4630 1851 4701 propterea
1892 4622 2239 4683 universalis
2278 4640 2407 4682 esse
2433 4640 2549 4680 non
2578 4622 2751 4681 debet

346 4702 420 4759 ad
449 4721 648 4763 omnes
677 4704 1028 4781 salvandos;
1091 4703 1208 4763 imo
1233 4713 1300 4781 ut
1339 4704 1522 4763 libera
1549 4710 1638 4761 est
1678 4710 1737 4761 et
1776 4701 2051 4778 indebita,
2080 4710 2272 4780 potest
2302 4702 2463 4762 Deus
2490 4720 2613 4759 earn
2644 4722 2749 4777 pro
