3300 5225
517 340 637 397 424
1503 356 1687 397 Locus
1714 356 1986 407 cauturus.
2527 335 2779 419 [Qua-:sn
2809 358 2919 403 xn-

512 504 722 556 natura
764 503 1048 575 corrupta,
1091 495 1416 556 necessaria
1441 504 1636 556 tamen
1664 496 1869 555 fixisset
1894 496 1971 555 ad
1996 495 2153 555 illius
2180 494 2715 575 multiplicationem
2746 500 2923 577 juxta

512 577 848 654 primaevam
891 575 1366 652 benedictionem,
1412 576 1626 635 Genea.
1660 577 1699 635 i.
1730 578 1827 635 28.
1912 576 2077 634 Idem
2117 575 2235 633 dici
2276 575 2450 636 debet
2485 576 2559 637 de
2602 580 2921 639 necessitate

511 656 619 715 cibi
641 666 696 714 et
709 666 896 733 potus,
927 676 1057 733 quae
1082 656 1275 715 locum
1301 676 1418 715 non
1445 657 1714 715 habitura
1740 665 1830 715 est
1856 656 1917 713 in
1954 655 2380 715 immortalitate
2422 656 2641 733 glorio,
2672 659 2774 718 sed
2814 660 2917 717 ha-

511 736 704 795 bitura
743 735 948 796 fuisset
987 736 1050 794 in
1093 736 1520 796 immortalitate
1561 747 1799 810 naturae,
1829 754 2003 812 quam
2033 735 2194 793 Deus
2236 754 2355 794 non
2397 756 2703 813 procurare
2730 739 2921 799 voluit

511 814 859 891 immediate,
891 815 994 874 sed
1019 816 1350 875 interventu
1379 816 1639 875 ciborum
1666 816 1743 874 ad
1768 815 1906 874 vitae
1932 814 2199 872 animalis
2228 816 2723 876 sustentationem.
2794 818 2917 877 Nec

511 893 564 953 si
592 904 795 953 venter
835 914 967 953 cum
1007 895 1154 953 cibis
1195 894 1407 953 dicitur
1445 894 1783 967 abolendus,
1818 898 1847 952 1
1882 894 2011 953 Cor.
2040 894 2120 953 vi.
2154 897 2247 970 13,
2289 895 2401 953 hoc
2440 897 2668 972 proprie
2696 906 2921 974 spectat

511 972 807 1034 Adamum
846 974 1153 1051 integrum,
1201 973 1306 1032 sed
1347 975 1610 1033 homines
1653 982 1787 1051 post
1824 974 2069 1051 lapsum,
2111 993 2219 1032 nec
2246 982 2364 1031 tam
2391 984 2657 1056 respectu
2696 984 2919 1036 naturas

511 1052 623 1111 hoc
651 1052 1109 1130 intelligendum,
1141 1073 1272 1112 cum
1299 1054 1472 1113 homo
1499 1061 1658 1113 totus
1687 1052 1763 1111 sit
1780 1061 2222 1129 resurrecturae,
2253 1072 2429 1131 quam
2453 1064 2720 1131 respectu
2746 1056 2919 1116 officii

509 1132 748 1208 ventris,
779 1142 840 1191 et
863 1133 1226 1192 necessitatis
1252 1133 1528 1207 ciborum,
1559 1153 1691 1211 quae
1718 1140 2010 1192 cessatura
2036 1141 2143 1191 est.

593 1212 712 1270 IX.
758 1212 924 1270 Licet
963 1231 1172 1289 corpus
1200 1211 1417 1270 Adami
1457 1212 1681 1289 origine
1708 1221 1863 1271 esset
1888 1218 2195 1287 terrenum,
2226 1221 2284 1270 et
2313 1221 2379 1271 ut
2404 1214 2804 1291 compositum,
2834 1216 2919 1274 sic

510 1290 686 1349 etiam
712 1289 1024 1349 resolubile
1066 1310 1170 1369 per
1193 1292 1448 1351 materiae
1489 1291 1961 1365 imbecillitatem,
2005 1290 2194 1368 potuit
2220 1300 2415 1350 tamen
2440 1312 2567 1351 esse
2594 1292 2917 1353 immortale

507 1389 612 1446 per
638 1369 938 1447 originalis
964 1370 1209 1448 justitias
1235 1370 1596 1447 dignitatem,
1627 1379 1689 1431 et
1715 1370 1981 1448 specialis
2010 1370 2125 1429 Dei
2150 1371 2352 1447 gratiss
2380 1371 2671 1431 virtutem.
2754 1373 2917 1432 Ade-

509 1456 640 1507 rant
681 1448 916 1526 quidem
965 1468 1154 1508 causae
1201 1451 1404 1508 mortis
1447 1460 1682 1509 remotae
1736 1451 1799 1508 in
1850 1450 2093 1508 materia
2134 1450 2513 1527 corruptibili,
2556 1460 2615 1510 et
2660 1452 2917 1512 mixtura

507 1528 858 1603 elementari,
879 1537 1114 1605 eratque
1143 1548 1350 1605 corpus
1371 1530 1499 1607 ejus
1519 1531 1693 1588 ustile
1714 1538 1773 1589 et
1792 1530 2179 1604 vulnerabile3
2210 1529 2315 1588 sed
2339 1530 2603 1607 proxima
2622 1550 2739 1589 non
2760 1532 2919 1608 data,

509 1626 640 1683 quae
667 1606 778 1668 fuit
803 1617 1120 1684 peccatum,
1153 1627 1446 1684 nunquam
1475 1608 1590 1666 illae
1618 1609 1680 1666 in
1708 1617 1899 1667 actum
1928 1607 2095 1667 educi
2122 1609 2487 1686 potuissent.
2547 1610 2698 1669 Nam
2726 1612 2917 1671 anima

505 1686 729 1763 peccati
757 1687 1140 1763 corruptionis
1169 1706 1393 1763 expers,
1425 1707 1461 1745 a
1488 1707 1725 1765 corpore
1752 1688 2173 1765 corruptionem
2202 1689 2559 1763 removisset,
2590 1699 2649 1748 et
2686 1690 2916 1767 justitia

507 1766 807 1842 originalis
847 1765 1052 1825 fuisset
1077 1767 1262 1825 veluti
1303 1767 1389 1825 sal
1429 1774 1755 1841 comatum,
1800 1766 1958 1844 quod
1997 1768 2277 1827 arcuisset
2316 1770 2756 1847 corruptionem,
2785 1788 2915 1847 quse

507 1843 818 1904 videbatur
845 1844 1062 1904 oritura
1089 1865 1164 1903 ex
1192 1846 1522 1905 conditione
1548 1847 1821 1905 materias.

590 1924 676 1983 X.
719 1924 918 1983 Arbor
942 1924 1079 1984 vites
1107 1944 1226 1983 non
1265 1924 1376 1984 fuit
1403 1924 1540 1984 data
1566 1925 1799 1985 Adamo
1833 1925 1910 1984 ad
1948 1935 2192 1985 mortem
2232 1926 2556 2004 arcendam,
2598 1930 2767 2005 quasi
2793 1930 2915 1989 vita

505 2002 638 2081 ejus
665 2003 1005 2082 pependerit
1031 2004 1104 2062 ab
1132 2005 1309 2082 hujus
1337 2006 1558 2064 arboris
1585 2026 1724 2082 esu;
1771 2005 1889 2066 Sed
1928 2006 2135 2083 partim
2170 2006 2245 2065 ad
2286 2007 2772 2068 immortalitatem
2810 2010 2913 2069 ho-

507 2083 650 2141 mini
689 2084 751 2141 in
777 2083 880 2142 illo
909 2090 1064 2143 statu
1092 2083 1526 2161 obsignandam,
1557 2094 1626 2145 ut
1652 2093 1806 2144 esset
1844 2085 2058 2161 pignus
2098 2086 2205 2161 illi,
2234 2093 2295 2144 et
2322 2096 2758 2164 sacramentum,
2790 2098 2913 2148 tum

506 2181 624 2221 non
652 2162 959 2221 excidendi
999 2182 1076 2221 ex
1113 2162 1386 2222 felicitate
1430 2164 1492 2221 in
1529 2184 1644 2241 qua
1680 2162 1949 2223 conditus
1991 2172 2133 2239 erat,
2174 2164 2347 2223 modo
2388 2185 2505 2224 non
2545 2167 2815 2227 deficeret
2840 2169 2917 2227 ab

507 2241 710 2317 officio,
756 2250 882 2301 tum
923 2242 1096 2301 etiam
1137 2242 1436 2301 obtinendi
1477 2244 1713 2302 tandem
1760 2243 2250 2303 immortalitatem
2292 2246 2524 2321 patriae3
2584 2248 2793 2323 partim
2839 2249 2916 2307 ad

504 2320 689 2380 vitam
717 2321 844 2399 ejus
871 2322 932 2379 in
959 2321 1168 2399 aequali
1193 2322 1398 2398 vigore
1425 2342 1653 2399 semper
1677 2323 2132 2382 conservandam
2154 2346 2169 2399 ς
2213 2324 2504 2400 quomodo
2530 2325 2630 2383 alii
2658 2327 2772 2385 cibi
2798 2347 2915 2385 non

505 2399 786 2460 inservire
823 2400 1147 2460 debuerunt
1187 2400 1410 2459 viribus
1457 2402 1671 2461 attritis
1710 2402 2063 2479 reparandis,
2110 2402 2213 2462 sed
2256 2412 2483 2463 tantum
2524 2404 2641 2464 illis
2685 2426 2913 2468 conser-

508 2481 735 2539 vandis.
2085 2522 2091 2529 -
2930 2526 2939 2532 -

588 2561 709 2620 XI.
755 2561 976 2639 Corpus
1011 2559 1237 2639 ψυχικὴ
1272 2581 1376 2623 seu
1411 2558 1659 2624 ani-male
1700 2563 1961 2642 opposite
2000 2562 2075 2623 ad
2116 2568 2443 2640 πνευματικὴ
2482 2584 2585 2624 seu
2622 2565 2915 2640 spirituale

507 2641 814 2717 dupliciter
855 2651 1046 2719 potest
1089 2642 1356 2719 intelligi,
1399 2645 1498 2702 vel
1545 2644 1606 2701 in
1647 2664 1763 2702 esse
1798 2665 1899 2702 suo
1936 2645 2169 2720 physico
2206 2653 2448 2722 tantum,
2498 2654 2668 2723 prout
2712 2663 2917 2704 recens

505 2719 740 2780 Adamo
766 2719 967 2780 datum
993 2721 1180 2781 fiierat
1221 2723 1284 2779 in
1321 2732 1475 2782 statu
1515 2723 1883 2800 integritatis,
1928 2724 1990 2782 in
2030 2743 2145 2800 quo
2172 2724 2355 2783 vitam
2382 2724 2687 2783 animalem
2712 2733 2773 2783 et
2798 2733 2913 2784 ter-

505 2819 702 2858 renam
739 2801 1058 2877 transigere
1086 2801 1303 2875 debuit,
1335 2812 1395 2861 et
1421 2822 1568 2879 opus
1607 2802 1811 2862 habuit
1838 2803 2097 2862 subsidio
2126 2803 2401 2879 ciborum,
2430 2812 2498 2863 ut
2538 2813 2598 2863 et
2624 2823 2827 2862 somno
2852 2813 2913 2863 et

505 2879 734 2956 quiete;
777 2880 876 2938 vel
902 2881 963 2937 in
991 2900 1116 2939 esse
1134 2881 1368 2957 physico
1396 2892 1450 2940 et
1473 2883 1685 2940 morali
1708 2882 1896 2958 simul,
1927 2891 2099 2958 prout
2124 2890 2258 2960 post
2282 2893 2581 2961 peccatum
2608 2903 2713 2959 per
2740 2903 2913 2961 gene-

503 2959 785 3017 rationem
829 2958 1150 3019 traducitur
1193 2960 1265 3017 ab
1310 2960 1558 3036 Adamo,
1607 2961 1667 3018 in
1708 2963 1834 3020 vita
1876 2971 2143 3040 corrupta
2182 2971 2243 3021 et
2288 2963 2556 3039 animali3
2604 2963 2915 3022 Posteriori

507 3057 698 3112 sensu,
728 3037 816 3094 illi
845 3039 1117 3096 convenit
1144 3039 1594 3116 corruptibilitas
1621 3041 1898 3115 actualis3
1947 3040 2063 3100 Sed
2103 3041 2280 3119 priori
2306 3042 2537 3101 nonnisi
2563 3042 2911 3119 potentialis,

504 3115 566 3174 in
593 3125 874 3192 quantum
901 3118 1076 3175 homo
1100 3117 1337 3176 relictus
1376 3119 1439 3176 in
1464 3138 1640 3178 manu
1668 3120 1895 3179 consilii
1924 3121 2015 3179 sui
2049 3121 2239 3198 potuit
2266 3121 2509 3180 deficere
2536 3142 2572 3181 a
2601 3122 2767 3197 Deo;
2810 3121 2915 3180 sed

505 3214 637 3253 cum
679 3195 781 3253 illa
813 3196 1292 3272 corruptibilitate
1325 3206 1385 3256 et
1425 3198 1775 3258 mortalitate
1815 3199 2116 3277 potentiali
2156 3208 2217 3260 et
2254 3209 2493 3275 remota,
2522 3201 2766 3268 actualis
2806 3202 2912 3259 im-

503 3274 824 3333 mortalitas
866 3283 926 3333 et
965 3275 1476 3352 incorruptibilitas
1515 3278 1706 3354 potuit
1745 3280 2076 3339 consistere.
2163 3280 2328 3339 Licet
2370 3297 2511 3358 ergo
2541 3281 2763 3358 Corpus
2796 3300 2915 3339 non

504 3352 678 3412 fuerit
703 3355 1012 3429 apa-iasab,
1042 3355 1238 3431 qualia
1265 3365 1433 3415 erunt
1460 3376 1703 3436 corpora
1727 3367 1861 3436 post
1884 3359 2379 3433 resurrectionem,
2410 3378 2531 3418 non
2554 3369 2778 3435 natura,
2810 3359 2915 3419 sed

504 3433 897 3510 qualitatibus,
928 3434 1139 3510 quibus
1160 3435 1468 3495 conveniet
1485 3456 1600 3497 non
1621 3457 1793 3515 posse
1814 3439 1979 3512 mori,
2008 3438 2119 3497 fixit
2138 3447 2332 3497 tamen
2354 3439 2681 3515 immortale,
2712 3447 2915 3516 quate-

503 3532 616 3572 nus
635 3512 711 3571 ab
731 3513 924 3572 anima
944 3523 1144 3573 sancta
1161 3523 1440 3593 perpetuo
1457 3517 1872 3577 vivificandum
1888 3517 2108 3594 fixisset,
2134 3528 2193 3579 et
2212 3518 2295 3578 ita
2312 3521 2599 3596 potuisset
2614 3538 2733 3578 non
2750 3519 2913 3578 mori.

505 3592 696 3666 Quum
723 3611 862 3652 vero
894 3593 1128 3668 Paulae,
1173 3598 1203 3652 l
1237 3595 1368 3655 Cor.
1398 3614 1500 3654 κν.
1529 3599 1626 3672 44,
1652 3600 1750 3672 46,
1780 3597 1905 3674 agit
1931 3598 2005 3656 de
2026 3617 2261 3674 corpore
2288 3597 2511 3676 ψυχικᾷ
2535 3617 2637 3657 seu
2659 3597 2911 3672 animali,

503 3691 622 3730 non
648 3681 768 3732 tam
793 3673 1051 3750 loquitur
1078 3673 1150 3732 de
1178 3694 1416 3750 corpore
1440 3674 1657 3734 Adami
1684 3675 1744 3734 in
1766 3685 1921 3736 statu
1939 3677 2184 3753 integre,
2208 3696 2381 3753 quam
2410 3680 2483 3737 de
2512 3698 2581 3736 eo
2608 3679 2778 3754 quale
2806 3677 2915 3736 fuit

503 3760 637 3827 post
675 3752 918 3830 lapsum,
963 3754 1101 3829 quia
1144 3754 1270 3831 agit
1308 3754 1382 3813 de
1423 3775 1679 3832 corpore,
1726 3755 1883 3833 quod
1928 3757 2136 3816 seritur
2172 3775 2279 3832 per
2314 3765 2559 3816 mortem
2598 3758 2638 3815 iv
2664 3760 2841 3838 monensi,
2874 3758 2914 3814 iv

502 3829 703 3908 amus,
736 3841 794 3890 et
821 3831 1054 3910 ἐπιεικίᾳ,
1085 3835 1144 3891 in
1171 3834 1545 3909 corruptione,
1569 3837 1857 3910 dedecore,
1880 3845 1935 3894 et
1952 3836 2289 3914 infimitate,
2310 3855 2370 3895 v.
2395 3840 2491 3911 42,
2516 3840 2613 3912 43,
2636 3840 2735 3910 44,
2758 3836 2917 3914 quod

502 3909 576 3968 de
605 3929 842 3986 corpore
869 3920 1106 3988 peccato
1133 3922 1402 3989 corrupto
1451 3922 1512 3972 et
1539 3913 1773 3972 animali
1800 3915 1988 3973 ethice
2014 3923 2239 3974 tantum
2264 3923 2456 3993 potest
2482 3915 2617 3975 dici.
2686 3915 2916 3974 Deinde

503 4007 574 4048 eo
599 3987 774 4047 modo
801 3989 874 4047 de
902 3988 1136 4048 Adamo
1177 3992 1448 4066 loquitur,
1493 4011 1610 4068 quo
1652 3993 1779 4069 ejus
1819 3993 2131 4070 imaginem
2171 3995 2319 4053 ferre
2348 3995 2625 4054 debemus
2654 3996 2915 4072 opposite

482 4067 580 4126 ·ad
608 4068 919 4142 Christum,
949 4089 1007 4127 v.
1036 4072 1134 4144 49,
1166 4068 1227 4127 id
1255 4078 1360 4143 est,
1391 4089 1507 4127 non
1536 4070 1710 4128 modo
1736 4071 1799 4128 in
1824 4081 2047 4148 natura,
2080 4073 2184 4133 sed
2210 4074 2271 4131 in
2297 4081 2552 4152 peccato,
2585 4075 2735 4134 Gen.
2764 4095 2822 4134 v.
2856 4077 2914 4134 3.

501 4147 626 4205 Nec
653 4146 811 4224 quod
841 4146 1162 4239 Apostolus
1189 4146 1371 4220 affert,
1394 4167 1454 4206 v,
1477 4151 1573 4224 45,
1605 4148 1679 4207 de
1706 4150 1937 4210 homine
1964 4153 2151 4229 primo
2178 4153 2331 4213 facto
2358 4153 2420 4210 in
2442 4154 2691 4212 animam
2710 4154 2916 4213 viven-

499 4233 637 4300 tem,
667 4245 738 4284 eo
780 4226 1030 4302 respicit,
1074 4235 1141 4286 ut
1179 4227 1386 4302 probet
1414 4225 1707 4286 Adamum
1748 4229 2021 4290 habuisse
2050 4232 2385 4310 simpliciter
2412 4252 2621 4310 corpus
2648 4233 2913 4312 animale,

501 4312 562 4363 et
581 4304 971 4381 corruptibile,
1002 4304 1106 4364 sed
1127 4314 1350 4364 tantum
1372 4305 1449 4364 ad
1468 4306 1913 4385 descriptionem
1942 4311 2205 4389 subjecti,
2236 4311 2395 4389 quod
2420 4311 2483 4370 in
2502 4313 2679 4371 talem
2701 4321 2916 4372 statum

501 4391 674 4442 antea
700 4382 1051 4460 descriptum
1079 4383 1332 4443 incidere
1359 4387 1564 4462 potuit,
1595 4387 1734 4463 quia
1760 4387 1870 4448 fuit
1896 4390 1957 4446 in
1986 4391 2312 4450 conditione
2354 4391 2517 4450 labili
2544 4400 2604 4451 et
2630 4393 2914 4467 mutabili,

498 4464 561 4521 in
607 4482 724 4540 qua
767 4461 1009 4542 proinde
1049 4462 1242 4541 potuit
1287 4463 1412 4523 fieri
1455 4467 1759 4528 actualiter
1801 4470 2171 4547 corruptibile
2226 4479 2286 4530 et
2338 4471 2581 4531 mortale
2627 4491 2732 4550 per
2771 4491 2907 4555 pecf

499 4551 713 4603 catum.

581 4623 736 4683 XII.
779 4621 1060 4698 Quamvis
1087 4622 1353 4682 Christus
1379 4643 1496 4683 non
1521 4643 1630 4684 nos
1656 4627 1917 4696 liberarit
1944 4648 1979 4688 a
2016 4629 2213 4688 mortis
2238 4631 2603 4706 obnoxietate,
2633 4631 2905 4690 liberavit
