3300 5225
302 318 539 369 Qmssr.
569 295 661 379 w]
1230 314 1311 357 nr
1338 313 1745 359 rnovnmnm
1773 314 1893 355 nm.
2612 298 2733 359 455

294 458 721 519 simultaneum
778 452 1037 515 sufficere
1080 454 1435 519 existimant.
1520 454 1649 517 Alii
1688 466 1830 517 vero
1869 460 2196 534 utrumque,
2239 460 2303 517 et
2341 454 2624 534 p'raeviuin
2669 456 2732 520 'et

303 538 737 614 simultaneum‚
760 536 857 595 hic
885 537 1356 616 conjungendum
1385 555 1513 596 esse
1540 544 1766 615 putant,
1797 544 1862 596 ut
1889 544 2012 597 tota
2037 536 2186 597 ratio
2206 536 2596 596 Providentiae
2615 537 2730 597 Dei

302 619 421 679 rite
463 619 821 696 explicetur:
872 616 1039 689 Licet
1065 638 1205 679 vero
1246 636 1457 695 graves
1497 637 1615 675 non
1659 616 1850 677 desint
1890 617 2162 695 utrinque
2202 616 2472 693 rationes,
2515 617 2728 695 quibus

298 699 599 759 sententia
643 716 865 776 negans
891 698 989 756 vel
1030 697 1321 757 affirmans
1360 696 1748 773 confirmetur,
1774 696 2060 759 veriorem
2100 704 2314 775 tamen,
2357 705 2418 758 et
2454 699 2727 759 tutiorem

304 778 689 856 posteriorem
714 797 843 838 esse
871 777 1177 839 oredimus.

924 858 1073 917 VII.
1117 858 1232 917 Pro
1277 857 1390 917 hac
1446 856 1732 917 sententia
1784 857 2052 935 militant,
2109 865 2320 937 praeter
2359 864 2720 935 argumenta,

324 920 773 1040 cgffluggssaffiae·
843 956 973 1014 quae
1009 936 1359 1015 praecedenti
1402 936 1736 1012 Quaestione
1775 937 2028 997 adducta
2068 945 2206 998 sunt
2243 936 2320 999 ad
2359 937 2724 1015 probandum

726 1016 740 1029 ’
836 1016 1243 1095 particularem
1270 1016 1386 1076 Dei
1413 1036 1778 1093 concursum,
1811 1024 1870 1076 et
1897 1018 2215 1095 sequentia.
2288 1020 2340 1075 1.
2374 1018 2472 1075 Ex
2508 1028 2725 1081 natura

300 1114 498 1154 causoe
514 1096 725 1172 pm'mae
751 1104 805 1154 et
826 1098 1279 1157 subordinatione
1305 1118 1609 1157 camaram
1635 1099 2026 1156 secundarum
2059 1097 2258 1157 Prima
2283 1117 2460 1157 causa
2487 1107 2578 1158 est
2603 1098 2719 1176 pri-

302 1194 473 1235 mum
500 1194 743 1235 movens
771 1176 833 1233 in
859 1178 1017 1236 omni
1043 1178 1285 1253 actione,
1318 1177 1654 1249 ideocausa
1682 1176 1936 1237 secunda
1960 1196 2079 1236 non
2110 1185 2304 1255 potest
2329 1197 2580 1254 movere,
2610 1177 2726 1237 nisi

304 1262 631 1331 moveatur,
654 1275 761 1314 nec
783 1275 971 1334 agere,
994 1256 1109 1315 nisi
1128 1264 1258 1317 acta
1277 1278 1313 1317 a
1330 1256 1541 1334 prima3
1573 1256 1791 1336 alioqui
1817 1256 1928 1317 erit
1951 1256 2298 1335 principium
2317 1258 2408 1317 sui
2429 1265 2638 1333 motus,
2662 1265 2724 1317 et

302 1335 398 1395 sic
426 1354 543 1393 non
564 1335 813 1413 amplius
840 1344 995 1395 esset
1022 1356 1198 1397 causa
1224 1336 1495 1412 secunda,
1526 1337 1630 1397 sed
1649 1336 1851 1415 prima.
1897 1336 2020 1397 Nee
2035 1336 2228 1415 excipi
2255 1344 2464 1415 potest,
2489 1356 2721 1395 causam

302 1414 627 1474 secundam
670 1435 897 1495 semper
938 1417 1303 1477 subordinari
1341 1417 1559 1493 primae,
1604 1424 1729 1476 tum
1769 1417 1991 1477 ratione
2019 1436 2334 1478 concursus
2373 1415 2719 1494 simultanei,

302 1494 415 1571 qui
442 1502 533 1553 est
556 1502 763 1554 natura
790 1504 851 1555 et
877 1496 1077 1556 ordine
1106 1495 1264 1574 prior
1290 1516 1573 1557 concursu
1598 1505 1894 1574 creaturae,
1939 1505 2064 1557 tum
2090 1498 2310 1557 ratione
2352 1496 2720 1557 sustentatio-

306 1574 404 1632 nis
430 1573 787 1651 facultatum,
817 1596 921 1653 per
947 1596 1093 1653 quas
1122 1577 1245 1653 agit
1272 1596 1447 1635 cansa
1475 1576 1746 1637 secunda.
1809 1578 1882 1637 R.
1915 1576 2065 1636 Nam
2093 1585 2360 1638 neutmm
2387 1584 2580 1655 potest
2607 1576 2718 1635 sal-

308 1672 449 1712 vare
477 1653 921 1732 dependentiam
948 1676 1137 1717 causae
1166 1655 1435 1717 secundae
1476 1654 1539 1715 in
1564 1656 1812 1734 agendo.
1883 1656 2018 1717 Non
2043 1656 2222 1734 prius,
2251 1657 2388 1733 quia
2423 1656 2526 1715 ubi
2553 1655 2724 1716 datur

302 1739 533 1793 tantum
562 1754 874 1795 concursus
915 1736 1311 1812 simultaneus,
1354 1735 1438 1796 ibi
1480 1737 1642 1797 Deus
1685 1744 1956 1813 operatur
1996 1737 2218 1814 quidem
2259 1757 2384 1796 cam
2415 1736 2718 1812 Creatura,

304 1812 417 1871 sed
444 1814 645 1872 nonin
673 1834 759 1889 ea,
789 1824 850 1875 et
876 1836 1051 1876 causa
1082 1818 1113 1875 1
1126 1830 1157 1861 ⁸
1176 1825 1235 1877 et
1263 1821 1298 1875 2
1316 1831 1347 1861 ⁸
1378 1824 1514 1876 sunt
1534 1837 1724 1877 causae
1749 1817 2024 1895 partiales
2050 1826 2110 1877 et
2137 1816 2308 1876 sociae
2335 1815 2598 1894 ejusdem
2627 1836 2720 1875 ac-

307 1891 505 1968 tionis,
549 1893 839 1969 quomodo
880 1895 998 1955 duo
1038 1897 1173 1973 equi
1213 1897 1509 1955 trahentes
1548 1918 1814 1973 currum3
1857 1904 1918 1957 et
1959 1897 2042 1957 sic
2081 1916 2444 1975 unaquaeque
2486 1895 2724 1955 adhibet

310 1972 609 2049 proprium
638 1981 699 2033 et
723 1976 1073 2051 peculiarem
1100 1976 1403 2052 influxum,
1434 1995 1607 2052 quem
1634 1978 1812 2035 habet
1839 1996 1874 2034 a
1901 1976 2106 2053 seipsa,
2135 1977 2222 2035 ita
2247 1984 2314 2035 ut
2340 1977 2401 2034 in
2427 1976 2723 2035 influendo

310 2071 433 2110 non
463 2052 786 2129 dependeat
813 2074 891 2113 ex
916 2055 1143 2115 influxu
1170 2056 1407 2115 alterius
1436 2075 1641 2130 causae,
1671 2064 1950 2132 tanquam
1989 2076 2026 2114 a
2052 2075 2228 2115 causa
2255 2075 2392 2113 vere
2420 2055 2719 2133 efficiente,

310 2130 449 2190 licet
478 2130 716 2191 effectus
743 2134 1066 2211 dependeat
1108 2136 1181 2192 ab
1222 2144 1483 2209 utraque.
1554 2135 1689 2190 Non
1715 2134 2018 2209 posterius,
2050 2135 2188 2210 quia
2231 2135 2592 2193 conservatio
2621 2154 2723 2193 na-

313 2218 459 2271 turae
486 2219 547 2271 et
573 2212 785 2271 virium
812 2214 957 2290 ejus,
990 2213 1165 2273 efficit
1189 2212 1441 2290 quidem,
1465 2219 1533 2271 ut
1558 2232 1735 2271 causa
1761 2211 2016 2271 secunda
2055 2210 2303 2287 pendeat
2331 2232 2366 2271 a
2389 2213 2516 2271 Deo
2543 2214 2604 2271 in
2633 2234 2723 2272 es-

310 2291 513 2385 send0‚
548 2291 653 2351 sed
681 2312 799 2351 non
826 2293 887 2350 in
915 2292 1206 2371 operando
1246 2299 1308 2385 et
1334 2291 1643 2385 causando,
1676 2291 1750 2350 de
1777 2311 1894 2368 quo
1921 2291 2236 2368 quaeritur:
2300 2291 2598 2384 &quidem
2625 2292 2724 2352 hic

308 2371 905 2529 {fflujssaffiffttz
931 2370 2726 2529 “15„iffzssfflfflsttzae02303515503332532232310‘32‘:

316 2530 479 2591 Deus
505 2551 623 2593 non
650 2534 863 2610 poterit
890 2532 1113 2593 censeri
1145 2552 1321 2593 causa
1346 2532 1537 2610 prima
1574 2532 1736 2593 illius
1781 2530 2072 2608 motionis,
2102 2551 2234 2609 quae
2277 2538 2345 2592 ut
2385 2551 2488 2592 ens
2529 2540 2724 2593 tamen

310 2610 489 2672 debet
514 2613 765 2690 pendere
794 2635 830 2672 a
857 2615 1005 2676 Deo·

395 2691 579 2752 VIII.
624 2698 680 2753 2.
712 2693 883 2768 Quod
909 2701 999 2754 est
1032 2713 1108 2754 ex
1136 2709 1199 2754 se
1226 2691 1560 2753 indifferens
1597 2693 1675 2752 ad
1699 2691 1898 2770 plures
1926 2699 2106 2768 actus,
2147 2691 2224 2752 ad
2270 2693 2578 2770 agendum,
2625 2700 2726 2754 aut

314 2791 433 2832 non
461 2773 768 2850 agendum,
792 2794 1029 2834 necesse
1055 2782 1145 2834 est
1163 2783 1230 2834 ut
1256 2774 1333 2834 ad
1361 2772 1652 2851 agendum
1679 2774 1754 2832 ab
1783 2773 1897 2832 alio
1925 2772 2368 2849 determinetur3
2401 2773 2552 2847 Quia
2567 2772 2728 2850 quod

310 2862 404 2912 est
442 2851 506 2912 in
546 2855 822 2930 potentia,
852 2874 971 2914 non
1011 2861 1205 2933 potest
1242 2853 1445 2914 reduci
1484 2853 1547 2912 in
1588 2862 1800 2927 actum,
1831 2852 1945 2914 nisi
1985 2852 2060 2911 ab
2089 2852 2302 2930 aliquo,
2342 2853 2502 2930 quod
2547 2853 2624 2912 sit
2659 2853 2722 2912 in

313 2943 485 3009 actu3
546 2933 665 2994 Sed
707 2934 897 2995 omnis
923 2955 1098 2995 causa
1138 2934 1409 3010 secunda,
1440 2941 1500 2994 et
1532 2933 1820 3013 praecipue
1848 2933 2122 2994 voluntas
2164 2932 2414 2993 hominis
2453 2940 2544 2992 est
2569 2933 2722 2992 talis.

320 3013 480 3090 Ergo
502 3033 739 3074 necesse
761 3023 867 3090 est,
890 3023 959 3074 ut
978 3015 1053 3074 ab
1070 3014 1265 3092 aliquo
1288 3015 1404 3074 alio
1431 3013 1717 3092 principio
1743 3022 1990 3074 externo
2010 3013 2423 3074 determinetur
2449 3012 2527 3070 ad
2547 3031 2723 3090 agen-

319 3091 479 3168 dum,
500 3093 656 3169 quod
683 3114 801 3153 non
826 3102 1019 3170 potest
1046 3095 1205 3153 aliud
1232 3115 1360 3154 esse
1389 3095 1463 3153 ab
1498 3094 1624 3172 ipso
1644 3095 1792 3154 Deo.
1877 3094 1933 3152 N
1935 3114 2000 3154 ec
2029 3093 2146 3153 dici
2173 3093 2364 3168 debet,
2394 3091 2724 3151 indifferen-

316 3171 461 3230 tiam
488 3172 805 3232 voluntatis
832 3175 929 3232 vel
970 3193 1271 3232 causarum
1300 3174 1683 3234 secundarum
1724 3194 1840 3234 non
1889 3175 2117 3234 obstare
2155 3173 2464 3250 quominus
2505 3173 2726 3251 seipsas

316 3249 717 3328 determinent,
738 3252 971 3328 quando
996 3253 1229 3329 propria
1250 3253 1485 3328 objecta
1510 3254 1654 3330 ipsis
1681 3251 1997 3314 offeruntur
2021 3277 2036 3314 ι
2081 3253 2230 3328 Quia
2255 3253 2394 3313 licet
2421 3272 2608 3312 causae
2637 3273 2724 3312 se-

316 3331 526 3396 cundae
554 3331 827 3392 virtutem
870 3331 1247 3392 sufficientem
1275 3331 1488 3410 agendi
1514 3333 1768 3392 habeant
1793 3333 1855 3390 in
1883 3332 2083 3392 ordine
2109 3352 2415 3392 causarum
2443 3331 2725 3392 secunda-

322 3431 448 3470 rum
476 3418 535 3472 et
562 3410 787 3488 possint
827 3412 1046 3489 seipsas
1074 3411 1455 3471 determinare
1482 3411 1558 3470 ad
1583 3413 1697 3470 hoc
1738 3411 1836 3470 vel
1873 3411 2022 3471 illud
2061 3412 2388 3488 agendum;
2429 3431 2548 3471 non
2575 3412 2726 3472 desi-

320 3499 467 3551 nunt
494 3500 689 3551 tamen
729 3512 875 3569 opus
902 3491 1113 3550 habere
1140 3491 1514 3570 praemotione
1544 3489 1659 3549 Dei
1699 3489 1776 3548 ad
1815 3489 2216 3550 certitudinem
2249 3498 2500 3550 eventus
2526 3510 2725 3550 conse-

318 3571 639 3648 quendam:
667 3571 811 3630 alias
838 3593 971 3632 cum
992 3592 1069 3631 ex
1094 3581 1301 3632 natura
1329 3590 1434 3632 sua
1462 3568 1856 3630 indifferentes
1883 3569 2017 3645 sint,
2039 3569 2403 3646 praecientia
2426 3570 2539 3628 Dei
2565 3571 2728 3630 nulia

320 3651 397 3712 de
424 3652 543 3710 iuis
568 3660 727 3712 certa
752 3651 954 3714 haberi
979 3659 1195 3730 posset.

404 3731 525 3790 IX.
570 3732 783 3808 Tertio,
828 3732 893 3792 Si
922 3733 1083 3792 Deus
1110 3752 1227 3793 non
1254 3737 1559 3792 concurrat
1586 3747 1872 3790 concursu
1896 3727 2132 3808 praevio,
2161 3727 2599 3788 determinando
2626 3748 2725 3788 an-

324 3811 654 3872 tecedenter
681 3821 1001 3873 creaturam
1027 3812 1102 3871 ad
1130 3820 1324 3872 actum
1353 3829 1521 3873 suum
1544 3833 1559 3887 3
1616 3829 1806 3888 neque
1847 3809 2059 3888 poterit
2088 3808 2369 3886 conjungi
2409 3809 2472 3867 in
2498 3808 2727 3887 agendo

316 3909 455 3952 cum
482 3901 743 3954 creatura
770 3913 1055 3954 concursu
1087 3892 1450 3952 simultaneo.
1535 3891 1688 3950 Nam
1729 3895 1795 3950 ut
1821 3889 1952 3950 duae
1993 3889 2324 3949 voluntates
2363 3887 2562 3948 liberae
2589 3909 2727 3950 con-

316 3973 425 4051 jun
470 3973 491 4032 i
530 3982 590 4034 et
627 3974 933 4034 convenire
959 3974 1201 4052 possint,
1232 3971 1309 4031 ad
1344 3970 1589 4031 eandem
1616 3989 1980 4030 communem
2023 3969 2308 4030 actionem
2336 3969 2510 4030 simul
2535 3978 2595 4030 et
2621 3970 2727 4028 im·-

326 4073 415 4112 me
458 4054 589 4130 iate,
620 4062 680 4113 et
705 4053 985 4130 proxime,
1029 4073 1097 4114 ac
1136 4049 1433 4112 indivisim
1460 4049 1822 4127 eliciendam,
1851 4049 2026 4127 idque
2063 4069 2182 4110 non
2209 4069 2348 4111 casu
2373 4057 2434 4109 et
2473 4049 2728 4125 fortuito,

324 4133 430 4192 sed
454 4133 849 4209 infflfibiliter,
870 4141 929 4192 et
944 4141 1065 4194 tam
1084 4141 1258 4209 certo,
1282 4141 1350 4194 ut
1368 4131 1882 4192 contradictionem
1902 4129 2178 4208 implicet,
2196 4149 2372 4190 unam
2399 4129 2523 4188 sine
2551 4131 2735 4190 altera

326 4212 501 4272 talem
526 4213 811 4272 actionem
838 4213 1082 4289 elicere;
1125 4212 1244 4273 Vel
1284 4213 1469 4272 ambae
1496 4231 1533 4272 a
1558 4211 1810 4292 quadam
1845 4217 2199 4290 praepotente
2239 4228 2414 4270 causa
2450 4209 2731 4288 superiori

329 4292 605 4370 conjungi
631 4292 845 4352 debent
870 4293 947 4352 ad
973 4293 1217 4353 eandem
1246 4293 1531 4353 actionem
1558 4292 1766 4351 eodem
1793 4300 2008 4370 puncto
2037 4289 2311 4368 temporis
2351 4289 2727 4367 eliciendam3

331 4371 445 4430 Vel
472 4373 657 4432 ambae
682 4381 889 4432 natura
924 4393 1033 4433 sua
1059 4381 1197 4433 sunt
1224 4373 1619 4434 determinatae
1639 4372 1717 4431 ad
1745 4372 2134 4450 operationem
2161 4369 2338 4444 illam,
2367 4368 2452 4428 ita
2477 4379 2544 4430 ut
2569 4370 2730 4428 illam

330 4471 445 4511 non
472 4453 697 4530 possint
722 4473 839 4512 non
864 4453 1217 4532 producere3
1261 4452 1381 4512 Vel
1404 4473 1521 4514 una
1548 4473 1626 4512 ex
1653 4451 1772 4512 inis
1799 4451 2142 4512 determinat
2169 4449 2560 4528 operationem
2587 4449 2730 4508 alte-

330 4532 465 4609 rius,
495 4541 557 4594 et
582 4543 1000 4611 consequenter
1024 4533 1373 4595 determinat
1398 4553 1631 4594 causam
1661 4533 1900 4592 alteram
1917 4531 1994 4592 ad
2010 4530 2334 4610 agendum3
2363 4549 2499 4588 nam
2525 4536 2734 4606 praeter

330 4613 436 4673 hos
464 4613 847 4676 conveniendi
873 4624 933 4677 et
958 4613 1339 4678 concurrendi
1366 4613 1442 4676 ad
1467 4613 1905 4694 productionem
1931 4611 2106 4674 unius
2130 4609 2505 4689 ejusdemque
2533 4623 2731 4690 opera-
