3300 5225
306 298 543 348 Quassr.
574 277 690 360 ιι]
1182 299 1261 340 ns
1290 298 1697 342 rsovmssrm
1725 300 1846 343 nm.
2603 284 2719 345 479

302 438 691 499 consulantur
742 436 897 517 apud
948 445 1277 517 utrumque.
1358 443 1418 501 4.
1447 441 1838 503 Bellarminus
1885 459 2004 500 non
2055 444 2248 519 potest
2299 440 2444 499 vitio
2498 448 2724 501 vertere

307 518 561 577 Calvino
588 518 737 578 tales
761 518 1039 596 loquendi
1073 520 1295 597 modos,
1336 540 1469 581 cum
1508 522 1635 600 ipsc
1662 520 1990 581 durioribus
2015 540 2156 582 usus
2195 520 2290 597 sit,
2321 540 2502 597 quum
2531 520 2722 580 Deum

308 608 579 675 torques-e
606 601 905 677 etflcctere
926 602 1237 659 voluntates
1281 600 1425 661 dicit
1470 602 1531 661 in
1576 602 1646 659 its
1689 602 2032 661 invisibiliter
2078 603 2386 677 operando,
2435 609 2504 661 ut
2549 620 2724 679 supra

303 686 598 738 notatum.

401 758 549 818 XV.
592 756 784 833 Quum
811 757 1042 837 Martyr
1066 758 1129 817 in
1158 758 1329 821 Rom.
1358 780 1485 839 cap.
1512 759 1553 820 i.
1583 760 1728 821 dicit
1756 762 1794 797 “
1814 762 2004 821 Deum
2032 779 2160 821 esse
2189 759 2561 838 aliquomodo
2588 779 2723 821 cau·

312 858 445 899 sam
470 839 753 917 peccati‚''
783 846 843 898 et
869 858 995 917 cap.
1022 840 1105 897 ix.
1136 842 1173 873 ‘⁴
1203 840 1395 899 Deum
1443 840 1873 920 quodammodo
1899 841 2158 901 voluisse
2199 849 2504 918 peccatum
2551 839 2722 916 Adae,

312 939 389 979 ac
416 920 543 997 ejus
571 919 973 996 quadantenus
1000 921 1299 979 authorem
1327 922 1513 997 esse,’'
1545 941 1688 981 sano
1715 940 1892 981 sensu
1928 920 2346 997 intelligendus
2371 928 2478 996 est,
2514 940 2634 979 non
2659 927 2728 980 ut

312 1019 496 1059 causa
522 998 749 1058 dicatur
773 997 1021 1077 proprie,
1052 998 1157 1059 sed
1182 999 1491 1078 improprie
1518 1008 1577 1060 et
1602 1004 2036 1082 amm-neniis,
2067 1009 2133 1059 ut
2159 1000 2364 1060 innuat
2389 1000 2728 1078 adjunctum

314 1079 687 1155 antecedens,
716 1079 815 1138 vel
842 1099 1076 1138 causam
1102 1079 1228 1139 sine
1256 1100 1373 1157 qua
1396 1099 1534 1156 non,
1562 1081 1663 1141 vel
1701 1089 1771 1141 ut
1809 1089 1973 1141 notet
2011 1088 2238 1143 tannim
2275 1100 2511 1141 causam
2547 1080 2728 1140 actio·

314 1161 431 1235 nis,
460 1179 581 1219 non
606 1178 747 1219 vero
772 1159 1026 1236 malitiae,
1058 1179 1188 1237 quse
1214 1160 1303 1217 illi
1329 1180 1559 1219 annexa
1586 1168 1693 1221 est.

404 1239 588 1299 XVI.
632 1240 824 1314 Quum
861 1239 1167 1317 Zuinglius
1207 1239 1281 1299 de
1324 1240 1559 1300 Provid.
1603 1260 1729 1317 cap.
1771 1238 1852 1299 vi.
1895 1239 1980 1299 ita
2015 1238 2289 1318 loquitur,
2337 1240 2374 1273 ‘⁴
2403 1240 2528 1300 Nec
2571 1239 2730 1299 dicat

317 1320 649 1398 quisquam,
664 1320 954 1378 Innocens
971 1327 1061 1379 est
1078 1319 1255 1394 latro;
1288 1320 1416 1379 Deo
1444 1319 1597 1379 enim
1625 1318 1939 1397 impulsore
1967 1319 2118 1395 egit:
2147 1340 2283 1379 nam
2311 1326 2512 1379 contra
2535 1318 2730 1397 legem

313 1400 601 1477 peccavit.
684 1399 771 1458 At
797 1399 1061 1477 inquiesz
1102 1408 1337 1459 coactus
1363 1407 1453 1459 est
1480 1400 1556 1459 ad
1580 1400 1957 1477 peccandum.
2016 1397 2313 1475 Permitte,
2343 1398 2598 1477 inquam,
2631 1420 2726 1459 co-

318 1488 517 1538 actum
562 1498 706 1554 esse,
754 1478 858 1537 sed
899 1479 962 1537 in
1006 1478 1137 1553 hoc,
1184 1486 1253 1537 ut
1299 1478 1445 1539 alter
1490 1478 1896 1538 transferretur
1939 1486 1998 1539 et
2044 1478 2192 1537 alter
2237 1478 2730 1557 crucifigeretur.'’

320 1560 491 1618 Licet
517 1559 698 1618 verba
725 1557 1059 1618 duriuscula
1084 1558 1202 1618 sint
1224 1558 1281 1619 si
1307 1558 1383 1618 ad
1409 1558 1613 1619 vivum
1639 1565 2004 1635 resecentur3
2033 1566 2279 1636 possunt
2304 1566 2498 1618 tamen
2527 1578 2732 1617 sanum

321 1658 559 1698 sensum
586 1638 863 1713 obtinere,
894 1638 946 1697 si
971 1637 1228 1715 impulsio
1255 1646 1317 1699 et
1340 1640 1553 1698 coactio
1594 1646 1896 1699 sumantur
1935 1638 2244 1715 improprie
2269 1656 2375 1717 pro
2417 1637 2635 1701 efficaci
2675 1645 2736 1698 et

321 1718 706 1777 determinata
732 1718 987 1778 motione
1014 1738 1133 1777 non
1158 1718 1237 1777 ad
1261 1719 1635 1797 peccandum,
1667 1718 1773 1778 sed
1799 1717 1876 1776 ad
1903 1717 2213 1796 agendum.
2299 1717 2472 1779 Unde
2497 1737 2618 1777 non
2645 1717 2734 1775 di-

324 1799 408 1857 cit
436 1801 713 1856 latronem
741 1800 869 1857 Deo
896 1799 1201 1875 impulsore
1215 1818 1497 1877 peccasse,
1528 1798 1634 1859 sed
1660 1805 1886 1859 tantum
1915 1799 2085 1876 eqisse
2095 1821 2120 1871 ,·
2149 1805 2209 1856 at
2235 1797 2396 1857 aliud
2423 1806 2514 1857 est
2541 1816 2732 1875 agere,

324 1877 489 1936 aliud
515 1897 654 1936 vero
681 1896 939 1954 peccare.
1024 1876 1252 1936 Deinde
1279 1898 1397 1937 non
1424 1878 1631 1938 asserit
1656 1878 1886 1956 proprie
1925 1886 2188 1937 coactum
2231 1896 2375 1953 esse,
2417 1878 2524 1937 sed
2550 1876 2738 1937 veluti

324 1977 431 2035 per
458 1958 887 2015 concessionem
916 1956 1012 2032 ait,
1033 1958 1302 2033 permitto
1330 1968 1583 2017 coactum
1608 1978 1740 2033 esse,
1771 1957 1929 2034 quod
1965 1965 2056 2017 est
2096 1956 2414 2034 largientis,
2461 1957 2567 2019 sed
2613 1976 2738 2017 non

325 2050 555 2113 semper
579 2036 948 2113 hypothesim
975 2036 1365 2115 approbantis.

410 2116 630 2175 XVII.
674 2116 770 2174 Ex
797 2115 1024 2193 quibus,
1055 2136 1131 2175 ne
1158 2116 1220 2173 in
1247 2117 1377 2176 aliis
1402 2115 1549 2176 locis
1587 2114 1975 2191 recensendis,
2005 2116 2104 2175 vel
2145 2113 2488 2190 indicandis,
2531 2115 2732 2175 immo-

326 2216 537 2271 remur,
566 2194 789 2273 liquido
816 2202 975 2273 patet
1000 2194 1359 2273 iniquissime
1386 2195 1597 2255 famam
1625 2214 1968 2273 magnorum
1995 2194 2270 2253 Virorum
2295 2194 2538 2270 traduci,
2569 2194 2737 2271 quasi

330 2276 521 2335 Deum
565 2276 787 2353 peccati
842 2275 1142 2335 authorem
1189 2274 1447 2352 fecerint,
1494 2294 1628 2335 cum
1673 2282 1899 2334 constet
1946 2274 2020 2333 ab
2067 2274 2180 2335 ista
2226 2274 2588 2352 blasphemia
2636 2294 2738 2333 eos

327 2355 713 2415 alienissimos
740 2354 935 2430 fuisse,
966 2364 1026 2414 et
1052 2374 1179 2413 eam
1208 2355 1555 2414 solidissime
1581 2374 1702 2413 non
1731 2353 1909 2414 semel
1936 2352 2236 2429 refutasse,
2265 2374 2375 2415 nec
2402 2372 2479 2413 ex
2507 2353 2739 2430 scriptis

327 2435 601 2512 ipsorum,
633 2435 747 2493 nisi
771 2455 877 2513 per
902 2434 1079 2494 falsas
1119 2442 1180 2494 et
1219 2435 1506 2494 violentas
1546 2434 1989 2511 consequentias
2031 2434 2146 2493 tale
2188 2434 2331 2510 quid
2370 2433 2502 2491 elici
2542 2441 2738 2509 queat.

334 2514 452 2574 Sed
478 2514 733 2593 iniquius
759 2514 949 2574 adhuc
978 2514 1259 2573 Ecclesiis
1284 2514 1499 2574 nostris
1523 2515 1921 2591 blasphemam
1957 2514 2130 2573 istam
2169 2514 2516 2573 sententiam
2559 2512 2738 2572 tribui

330 2602 572 2671 constat,
604 2615 779 2672 quam
808 2594 1213 2656 confessiones
1239 2594 1506 2672 publicas,
1538 2602 1598 2655 et
1628 2593 1857 2672 Scripta
1885 2592 2207 2672 symbolica
2234 2601 2564 2654 constanter
2603 2592 2737 2671 reji-

208 2711 221 2724 ·
330 2675 493 2733 ciunt
518 2682 579 2733 et
605 2667 982 2735 detestantur.
1067 2675 1211 2749 Quas
1237 2694 1378 2735 vero
1404 2695 1511 2754 pro
1538 2675 1830 2734 calumnia
1868 2675 1982 2732 ista
2021 2673 2316 2752 pallianda
2352 2674 2596 2734 ulterius
2637 2692 2738 2750 pe-

330 2761 547 2830 tuntur,
578 2773 656 2814 ex
683 2755 945 2815 doctrina
972 2763 1171 2814 nostra
1198 2755 1271 2814 de
1296 2757 1563 2815 Absoluto
1590 2754 2026 2832 Reprobatiomh
2051 2757 2298 2814 Decreta
2326 2773 2431 2815 suo
2477 2753 2608 2814 loco
2635 2771 2740 2812 ex-

330 2853 501 2894 cussa
526 2843 679 2911 sunt,
712 2835 851 2895 Loc.
882 2835 993 2895 IV.
1024 2833 1095 2911 Q.
1128 2837 1222 2894 14.

1252 3073 1643 3150 QUAESTIO
1685 3057 1808 3134 IX.

788 3232 883 3291 An
908 3233 983 3326 cit
1005 3251 1137 3290 usus
1162 3240 1220 3290 ct
1241 3233 1445 3291 abusus
1472 3232 1742 3291 doctrinm
1769 3234 1839 3291 de
1863 3232 2230 3292 Providentia
2251 3233 2280 3290 ‚²

417 3389 467 3448 Ι.
512 3387 599 3448 Ut
622 3387 995 3448 multifariam
1023 3395 1245 3449 erratur
1270 3389 1561 3448 theoretice
1586 3387 1742 3447 circa
1769 3388 2221 3462 Providentiam,
2262 3389 2336 3448 ab
2377 3389 2466 3462 iis,
2511 3389 2612 3466 qui
2638 3389 2737 3452 vel

334 3487 459 3528 eam
484 3467 717 3545 penitus
742 3478 977 3546 negant,
1006 3468 1105 3527 vel
1124 3488 1321 3528 veram
1349 3469 1477 3546 ejus
1502 3475 1784 3543 naturam,
1815 3475 1875 3526 et
1901 3467 2114 3543 agendi
2140 3467 2420 3526 rationem
2447 3468 2738 3544 ignorant,

335 3555 434 3607 aut
460 3556 849 3626 corrumpunt,
880 3548 953 3608 de
980 3548 1192 3626 quibus
1234 3567 1410 3625 supra
1434 3555 1664 3622 actum3
1708 3547 1806 3606 Ita
1843 3563 1963 3604 non
2008 3545 2200 3604 minus
2247 3546 2566 3622 periculose
2602 3567 2735 3623 pec·

335 3636 496 3686 catur
520 3627 582 3685 in
610 3645 737 3686 eam
754 3629 1011 3703 practice
1038 3628 1113 3687 ab
1138 3628 1229 3706 iis,
1262 3627 1361 3706 qui
1388 3634 1609 3686 rectum
1636 3633 1698 3685 et
1720 3625 2046 3704 legitimum
2074 3623 2350 3684 doctrinas
2370 3623 2539 3683 istius
2565 3645 2736 3686 usum

334 3707 614 3783 nesciunt,
644 3707 742 3766 vel
767 3709 1092 3786 negligunt.

337 3825 570 3871 Ponuntur
584 3824 815 3871 inProvi·
937 3789 1023 3847 ΙΙ.
1064 3775 1365 3846 Peccatum
1390 3783 1699 3863 multiplex
1724 3791 1918 3862 potest
1942 3783 2085 3859 fieri,
2116 3782 2242 3842 sive
2288 3781 2362 3842 de
2407 3781 2734 3860 praeteritis,

392 3883 607 3928 dentiam
660 3884 818 3941 quoad
858 3867 983 3926 sive
1011 3866 1085 3926 de
1126 3865 1335 3926 futuris
1376 3873 1599 3944 agatur.
1684 3865 1836 3924 Nam
1877 3862 2070 3940 quoad
2105 3863 2419 3939 prater-ita,
2466 3871 2739 3940 peccatur

340 3940 681 4044 Lphrffrffdss.
858 3949 915 4040 ¹:
942 3965 1247 4040 murmure,
1278 3965 1458 4024 quum
1482 3951 1816 4037 peccatores
1855 3943 2105 4037 tremunt
2142 3941 2422 4036 adversus
2451 3942 2565 4000 Dei
2595 3943 2737 4079 Prod

336 4105 606 4167 tribuitur
631 4105 825 4185 impiis
852 4026 1207 4183 33323323.
1226 4033 1287 4164 ῗῖ.
1311 4032 1756 4180 θέῒέᾒῗὲόῖἳῗ
1765 4029 2737 4178 ὣὲᾞο,ῢζὲἒᾞέᾦὲτὲἆέε

336 4186 720 4264 plecterentur
744 4193 979 4265 propter
1004 4192 1243 4262 peccata
1266 4183 1473 4259 aliena,
1504 4203 1637 4242 cum
1663 4191 1859 4243 tamen
1893 4181 2009 4260 ipsi
2039 4181 2396 4259 justissimas
2435 4199 2738 4258 poenarum

338 4285 537 4324 causas
564 4265 627 4322 in
655 4283 716 4324 se
754 4263 1183 4343 deprehendere
1208 4272 1446 4342 possent
1475 4285 1491 4323 ε
1532 4262 1692 4340 quod
1717 4262 1830 4342 piis
1855 4262 2032 4321 etiam
2071 4280 2486 4338 nonnunquam
2525 4259 2739 4318 accidit

336 4365 437 4422 per
461 4344 880 4423 impatientiam
908 4345 1114 4419 carnis,
1144 4362 1323 4422 quum
1348 4343 1554 4402 vident
1588 4343 1896 4419 impiorum
1935 4360 2226 4419 prospera,
2271 4348 2330 4400 et
2367 4340 2595 4417 piorum
2635 4338 2736 4396 ad-

338 4423 936 4564 mim
965 4423 1302 4563 ⁸³12¹22³²v¹333
1318 4422 1722 4561 {535³}ss
1747 4420 2234 4562 ἕῖᾞὲιῗὲᾆὶὲὲε
2259 4417 2738 4575 ἳὲῗζὲῗὶἒῗὲἓΐ

338 4584 763 4662 qualescunque
789 4522 1189 4656 oamia'ngstrae
1215 4581 1543 4657 videantur,
1573 4579 1764 4658 qualis
1804 4580 1866 4640 in
1893 4580 1936 4640 J
1939 4580 2068 4656 ob0,
2100 4599 2225 4656 cap.
2255 4579 2293 4637 i.
2317 4582 2414 4654 21,
2445 4585 2504 4639 et
2529 4577 2590 4636 ii.
2625 4541 2735 4653 10}
