<?xml version="1.0" encoding="UTF-8"?>
<!DOCTYPE html PUBLIC "-//W3C//DTD XHTML 1.0 Transitional//EN"
    "http://www.w3.org/TR/xhtml1/DTD/xhtml1-transitional.dtd">
<html xmlns="http://www.w3.org/1999/xhtml" xml:lang="en" lang="en">
 <head>
  <title>
</title>
<meta http-equiv="Content-Type" content="text/html;charset=utf-8" />
  <meta name='ocr-system' content='tesseract 3.04.00' />
  <meta name='ocr-capabilities' content='ocr_page ocr_carea ocr_par ocr_line ocrx_word'/>
</head>
<body>
  <div class='ocr_page' id='page_1' title='image "./institutiotheol00turrgoog_0477.png"; bbox 0 0 3300 5225; ppageno 0'>
   <div class='ocr_carea' id='block_1_1' title="bbox 381 354 2777 437">
    <p class='ocr_par' dir='ltr' id='par_1_1' title="bbox 381 354 2777 437">
     <span class='ocr_line' id='line_1_1' title="bbox 381 354 2777 437; baseline 0.001 -22"><span class='ocrx_word' id='word_1_1' title='bbox 381 354 802 437; x_wconf 69' lang='lat' dir='ltr'><strong>QuAEsr.x111.]</strong></span> <span class='ocrx_word' id='word_1_2' title='bbox 1352 376 1430 417; x_wconf 80' lang='lat' dir='ltr'><strong>nn</strong></span> <span class='ocrx_word' id='word_1_3' title='bbox 1459 377 1814 418; x_wconf 61' lang='lat' dir='ltr'><strong>caumont-2.</strong></span> <span class='ocrx_word' id='word_1_4' title='bbox 2660 360 2777 418; x_wconf 83' lang='lat'><strong>425</strong></span> 
     </span>
    </p>
   </div>
   <div class='ocr_carea' id='block_1_2' title="bbox 378 515 2787 1857">
    <p class='ocr_par' dir='ltr' id='par_1_2' title="bbox 378 515 2782 985">
     <span class='ocr_line' id='line_1_2' title="bbox 381 515 2781 595; baseline 0.001 -22"><span class='ocrx_word' id='word_1_5' title='bbox 381 522 578 574; x_wconf 87' lang='lat' dir='ltr'><strong>tamen</strong></span> <span class='ocrx_word' id='word_1_6' title='bbox 603 534 710 573; x_wconf 90' lang='lat' dir='ltr'><strong>nos</strong></span> <span class='ocrx_word' id='word_1_7' title='bbox 749 515 826 574; x_wconf 88' lang='lat' dir='ltr'><strong>ab</strong></span> <span class='ocrx_word' id='word_1_8' title='bbox 867 516 984 591; x_wconf 60' lang='grc' dir='ltr'><strong>ᾔτεε</strong></span> <span class='ocrx_word' id='word_1_9' title='bbox 1014 516 1358 591; x_wconf 75' lang='lat' dir='ltr'><strong>poenalt&#39;tate,</strong></span> <span class='ocrx_word' id='word_1_10' title='bbox 1402 516 1541 594; x_wconf 86' lang='lat' dir='ltr'><strong>quia</strong></span> <span class='ocrx_word' id='word_1_11' title='bbox 1579 537 1699 575; x_wconf 89' lang='lat' dir='ltr'><strong>non</strong></span> <span class='ocrx_word' id='word_1_12' title='bbox 1740 516 1987 594; x_wconf 83' lang='lat' dir='ltr'><strong>amplius</strong></span> <span class='ocrx_word' id='word_1_13' title='bbox 2026 525 2115 576; x_wconf 87' lang='lat' dir='ltr'><strong>est</strong></span> <span class='ocrx_word' id='word_1_14' title='bbox 2162 516 2511 595; x_wconf 77' lang='lat' dir='ltr'><strong>stipendium</strong></span> <span class='ocrx_word' id='word_1_15' title='bbox 2559 518 2781 594; x_wconf 85' lang='lat' dir='ltr'><strong>peccati</strong></span> 
     </span>
     <span class='ocr_line' id='line_1_3' title="bbox 378 593 2782 674; baseline 0.001 -23"><span class='ocrx_word' id='word_1_16' title='bbox 378 593 668 669; x_wconf 88' lang='lat' dir='ltr'><strong>fidelibus,</strong></span> <span class='ocrx_word' id='word_1_17' title='bbox 701 593 804 653; x_wconf 87' lang='lat' dir='ltr'><strong>sed</strong></span> <span class='ocrx_word' id='word_1_18' title='bbox 831 594 1110 654; x_wconf 77' lang='lat' dir='ltr'><strong>transitus</strong></span> <span class='ocrx_word' id='word_1_19' title='bbox 1149 595 1211 652; x_wconf 92' lang='lat' dir='ltr'><strong>in</strong></span> <span class='ocrx_word' id='word_1_20' title='bbox 1257 596 1553 654; x_wconf 87' lang='lat' dir='ltr'><strong>meliorem</strong></span> <span class='ocrx_word' id='word_1_21' title='bbox 1595 596 1797 671; x_wconf 77' lang='lat' dir='ltr'><strong>vitam,</strong></span> <span class='ocrx_word' id='word_1_22' title='bbox 1846 616 1964 655; x_wconf 90' lang='lat' dir='ltr'><strong>non</strong></span> <span class='ocrx_word' id='word_1_23' title='bbox 2011 597 2258 674; x_wconf 89' lang='lat' dir='ltr'><strong>amplius</strong></span> <span class='ocrx_word' id='word_1_24' title='bbox 2303 596 2627 670; x_wconf 86' lang='lat' dir='ltr'><strong>maledicta,</strong></span> <span class='ocrx_word' id='word_1_25' title='bbox 2676 596 2782 654; x_wconf 88' lang='lat' dir='ltr'><strong>sed</strong></span> 
     </span>
     <span class='ocr_line' id='line_1_4' title="bbox 383 672 2782 752; baseline 0.001 -21"><span class='ocrx_word' id='word_1_26' title='bbox 383 672 705 748; x_wconf 87' lang='lat' dir='ltr'><strong>benedicta,</strong></span> <span class='ocrx_word' id='word_1_27' title='bbox 739 674 926 751; x_wconf 86' lang='lat' dir='ltr'><strong>Apoc.</strong></span> <span class='ocrx_word' id='word_1_28' title='bbox 955 674 1074 733; x_wconf 81' lang='lat' dir='ltr'><strong>xiv</strong></span> <span class='ocrx_word' id='word_1_29' title='bbox 1113 677 1206 733; x_wconf 86' lang='lat'><strong>13.</strong></span> <span class='ocrx_word' id='word_1_30' title='bbox 1294 675 1578 749; x_wconf 88' lang='lat' dir='ltr'><strong>Secund0,</strong></span> <span class='ocrx_word' id='word_1_31' title='bbox 1608 676 1877 752; x_wconf 83' lang='lat' dir='ltr'><strong>quamvis</strong></span> <span class='ocrx_word' id='word_1_32' title='bbox 1906 676 2169 735; x_wconf 87' lang='lat' dir='ltr'><strong>Christus</strong></span> <span class='ocrx_word' id='word_1_33' title='bbox 2194 677 2451 733; x_wconf 89' lang='lat' dir='ltr'><strong>nondum</strong></span> <span class='ocrx_word' id='word_1_34' title='bbox 2478 676 2782 734; x_wconf 79' lang='lat' dir='ltr'><strong>abstulerit</strong></span> 
     </span>
     <span class='ocr_line' id='line_1_5' title="bbox 381 753 2781 832; baseline 0 -22"><span class='ocrx_word' id='word_1_35' title='bbox 381 760 516 811; x_wconf 88' lang='lat' dir='ltr'><strong>actu</strong></span> <span class='ocrx_word' id='word_1_36' title='bbox 541 753 967 828; x_wconf 74' lang='lat' dir='ltr'><strong>mortalitatem,</strong></span> <span class='ocrx_word' id='word_1_37' title='bbox 998 773 1126 811; x_wconf 88' lang='lat' dir='ltr'><strong>eam</strong></span> <span class='ocrx_word' id='word_1_38' title='bbox 1151 762 1344 812; x_wconf 88' lang='lat' dir='ltr'><strong>tamen</strong></span> <span class='ocrx_word' id='word_1_39' title='bbox 1365 755 1488 832; x_wconf 86' lang='lat' dir='ltr'><strong>jam</strong></span> <span class='ocrx_word' id='word_1_40' title='bbox 1517 754 1759 813; x_wconf 88' lang='lat' dir='ltr'><strong>abstulit</strong></span> <span class='ocrx_word' id='word_1_41' title='bbox 1783 755 2025 813; x_wconf 88' lang='lat' dir='ltr'><strong>merito</strong></span> <span class='ocrx_word' id='word_1_42' title='bbox 2010 775 2070 813; x_wconf 88' lang='lat' dir='ltr'><strong>m</strong></span> <span class='ocrx_word' id='word_1_43' title='bbox 2098 774 2284 830; x_wconf 89' lang='lat' dir='ltr'><strong>cruce,</strong></span> <span class='ocrx_word' id='word_1_44' title='bbox 2314 763 2387 814; x_wconf 89' lang='lat' dir='ltr'><strong>et·</strong></span> <span class='ocrx_word' id='word_1_45' title='bbox 2400 764 2535 813; x_wconf 88' lang='lat' dir='ltr'><strong>actu</strong></span> <span class='ocrx_word' id='word_1_46' title='bbox 2560 753 2781 811; x_wconf 80' lang='lat' dir='ltr'><strong>auferet</strong></span> 
     </span>
     <span class='ocr_line' id='line_1_6' title="bbox 379 830 2779 912; baseline 0.001 -24"><span class='ocrx_word' id='word_1_47' title='bbox 379 850 485 908; x_wconf 88' lang='lat' dir='ltr'><strong>per</strong></span> <span class='ocrx_word' id='word_1_48' title='bbox 511 830 822 890; x_wconf 86' lang='lat' dir='ltr'><strong>efficaciam</strong></span> <span class='ocrx_word' id='word_1_49' title='bbox 851 852 1032 907; x_wconf 86' lang='lat' dir='ltr'><strong>suam,</strong></span> <span class='ocrx_word' id='word_1_50' title='bbox 1061 852 1193 891; x_wconf 89' lang='lat' dir='ltr'><strong>cum</strong></span> <span class='ocrx_word' id='word_1_51' title='bbox 1221 834 1352 892; x_wconf 85' lang='lat' dir='ltr'><strong>aliis</strong></span> <span class='ocrx_word' id='word_1_52' title='bbox 1379 834 1821 909; x_wconf 76' lang='lat' dir='ltr'><strong>calamitatibus,</strong></span> <span class='ocrx_word' id='word_1_53' title='bbox 1850 854 1981 912; x_wconf 76' lang='lat' dir='ltr'><strong>quae</strong></span> <span class='ocrx_word' id='word_1_54' title='bbox 2008 834 2183 893; x_wconf 86' lang='lat' dir='ltr'><strong>etiam</strong></span> <span class='ocrx_word' id='word_1_55' title='bbox 2208 854 2286 893; x_wconf 83' lang='lat' dir='ltr'><strong>ex</strong></span> <span class='ocrx_word' id='word_1_56' title='bbox 2330 842 2569 911; x_wconf 88' lang='lat' dir='ltr'><strong>peccato</strong></span> <span class='ocrx_word' id='word_1_57' title='bbox 2595 832 2779 891; x_wconf 81' lang='lat' dir='ltr'><strong>fluxe-</strong></span> 
     </span>
     <span class='ocr_line' id='line_1_7' title="bbox 381 910 1831 988; baseline 0.002 -19"><span class='ocrx_word' id='word_1_58' title='bbox 381 919 534 983; x_wconf 87' lang='lat' dir='ltr'><strong>runt,</strong></span> <span class='ocrx_word' id='word_1_59' title='bbox 565 910 628 968; x_wconf 90' lang='lat' dir='ltr'><strong>in</strong></span> <span class='ocrx_word' id='word_1_60' title='bbox 654 912 1088 985; x_wconf 87' lang='lat' dir='ltr'><strong>resurrectione,</strong></span> <span class='ocrx_word' id='word_1_61' title='bbox 1124 916 1153 969; x_wconf 94' lang='lat'>1</span> <span class='ocrx_word' id='word_1_62' title='bbox 1188 911 1318 971; x_wconf 90' lang='lat' dir='ltr'><strong>Cor.</strong></span> <span class='ocrx_word' id='word_1_63' title='bbox 1347 933 1449 971; x_wconf 84' lang='lat' dir='ltr'><strong>xv.</strong></span> <span class='ocrx_word' id='word_1_64' title='bbox 1479 916 1575 987; x_wconf 82' lang='grc'>26,</span> <span class='ocrx_word' id='word_1_65' title='bbox 1608 916 1705 988; x_wconf 83' lang='grc'>54,</span> <span class='ocrx_word' id='word_1_66' title='bbox 1736 915 1831 972; x_wconf 84' lang='grc'><strong>55.</strong></span> 
     </span>
    </p>

    <p class='ocr_par' dir='ltr' id='par_1_3' title="bbox 379 954 2787 1857">
     <span class='ocr_line' id='line_1_8' title="bbox 463 954 2781 1069; baseline 0.001 -22"><span class='ocrx_word' id='word_1_67' title='bbox 463 954 655 1049; x_wconf 88' lang='lat' dir='ltr'>XIII.</span> <span class='ocrx_word' id='word_1_68' title='bbox 700 990 870 1065; x_wconf 84' lang='lat' dir='ltr'><strong>Quod</strong></span> <span class='ocrx_word' id='word_1_69' title='bbox 895 999 986 1050; x_wconf 91' lang='lat' dir='ltr'><strong>est</strong></span> <span class='ocrx_word' id='word_1_70' title='bbox 1011 992 1359 1069; x_wconf 83' lang='lat' dir='ltr'><strong>generabile,</strong></span> <span class='ocrx_word' id='word_1_71' title='bbox 1389 999 1480 1051; x_wconf 87' lang='lat' dir='ltr'><strong>est</strong></span> <span class='ocrx_word' id='word_1_72' title='bbox 1505 992 1681 1052; x_wconf 86' lang='lat' dir='ltr'><strong>etiam</strong></span> <span class='ocrx_word' id='word_1_73' title='bbox 1708 991 2095 1069; x_wconf 80' lang='lat' dir='ltr'><strong>corruptibile,</strong></span> <span class='ocrx_word' id='word_1_74' title='bbox 2124 992 2383 1069; x_wconf 84' lang='lat' dir='ltr'><strong>potentia</strong></span> <span class='ocrx_word' id='word_1_75' title='bbox 2408 998 2645 1067; x_wconf 88' lang='lat' dir='ltr'><strong>remota,</strong></span> <span class='ocrx_word' id='word_1_76' title='bbox 2676 990 2781 1049; x_wconf 86' lang='lat' dir='ltr'><strong>sed</strong></span> 
     </span>
     <span class='ocr_line' id='line_1_9' title="bbox 380 1070 2779 1147; baseline 0.001 -21"><span class='ocrx_word' id='word_1_77' title='bbox 380 1088 498 1127; x_wconf 86' lang='lat' dir='ltr'><strong>non</strong></span> <span class='ocrx_word' id='word_1_78' title='bbox 527 1070 722 1127; x_wconf 85' lang='lat' dir='ltr'><strong>statim</strong></span> <span class='ocrx_word' id='word_1_79' title='bbox 762 1071 1045 1147; x_wconf 83' lang='lat' dir='ltr'><strong>proxima.</strong></span> <span class='ocrx_word' id='word_1_80' title='bbox 1128 1076 1184 1130; x_wconf 81' lang='lat'><strong>2.</strong></span> <span class='ocrx_word' id='word_1_81' title='bbox 1229 1070 1487 1130; x_wconf 78' lang='lat' dir='ltr'><strong>Axioma</strong></span> <span class='ocrx_word' id='word_1_82' title='bbox 1527 1071 1686 1129; x_wconf 85' lang='lat' dir='ltr'><strong>valet</strong></span> <span class='ocrx_word' id='word_1_83' title='bbox 1726 1072 1787 1129; x_wconf 87' lang='lat' dir='ltr'><strong>in</strong></span> <span class='ocrx_word' id='word_1_84' title='bbox 1829 1079 1985 1131; x_wconf 86' lang='lat' dir='ltr'><strong>statu</strong></span> <span class='ocrx_word' id='word_1_85' title='bbox 2026 1080 2311 1147; x_wconf 79' lang='lat' dir='ltr'><strong>corrupto,</strong></span> <span class='ocrx_word' id='word_1_86' title='bbox 2354 1089 2472 1130; x_wconf 91' lang='lat' dir='ltr'><strong>non</strong></span> <span class='ocrx_word' id='word_1_87' title='bbox 2512 1071 2779 1147; x_wconf 86' lang='lat' dir='ltr'><strong>integro;</strong></span> 
     </span>
     <span class='ocr_line' id='line_1_10' title="bbox 385 1148 2781 1228; baseline 0 -22"><span class='ocrx_word' id='word_1_88' title='bbox 385 1148 508 1206; x_wconf 90' lang='lat' dir='ltr'><strong>Nec</strong></span> <span class='ocrx_word' id='word_1_89' title='bbox 535 1149 688 1207; x_wconf 89' lang='lat' dir='ltr'><strong>enim</strong></span> <span class='ocrx_word' id='word_1_90' title='bbox 717 1148 871 1207; x_wconf 89' lang='lat' dir='ltr'><strong>idem</strong></span> <span class='ocrx_word' id='word_1_91' title='bbox 899 1170 1106 1228; x_wconf 89' lang='lat' dir='ltr'><strong>corpus</strong></span> <span class='ocrx_word' id='word_1_92' title='bbox 1134 1150 1290 1227; x_wconf 90' lang='lat' dir='ltr'><strong>quod</strong></span> <span class='ocrx_word' id='word_1_93' title='bbox 1312 1150 1575 1227; x_wconf 86' lang='lat' dir='ltr'><strong>generari</strong></span> <span class='ocrx_word' id='word_1_94' title='bbox 1603 1150 1805 1209; x_wconf 84' lang='lat' dir='ltr'><strong>debuit</strong></span> <span class='ocrx_word' id='word_1_95' title='bbox 1830 1150 1892 1207; x_wconf 88' lang='lat' dir='ltr'><strong>in</strong></span> <span class='ocrx_word' id='word_1_96' title='bbox 1920 1150 2265 1227; x_wconf 84' lang='lat' dir='ltr'><strong>integritate,</strong></span> <span class='ocrx_word' id='word_1_97' title='bbox 2286 1150 2581 1209; x_wconf 81' lang='lat' dir='ltr'><strong>debuisset</strong></span> <span class='ocrx_word' id='word_1_98' title='bbox 2608 1150 2781 1209; x_wconf 83' lang='lat' dir='ltr'><strong>etiam</strong></span> 
     </span>
     <span class='ocr_line' id='line_1_11' title="bbox 382 1228 2779 1305; baseline 0 -19"><span class='ocrx_word' id='word_1_99' title='bbox 382 1235 516 1287; x_wconf 87' lang='lat' dir='ltr'><strong>actu</strong></span> <span class='ocrx_word' id='word_1_100' title='bbox 545 1229 848 1305; x_wconf 83' lang='lat' dir='ltr'><strong>corrumpi,</strong></span> <span class='ocrx_word' id='word_1_101' title='bbox 879 1228 1190 1288; x_wconf 89' lang='lat' dir='ltr'><strong>accedente</strong></span> <span class='ocrx_word' id='word_1_102' title='bbox 1217 1249 1392 1287; x_wconf 83' lang='lat' dir='ltr'><strong>causa</strong></span> <span class='ocrx_word' id='word_1_103' title='bbox 1428 1229 1669 1304; x_wconf 88' lang='lat' dir='ltr'><strong>interna,</strong></span> <span class='ocrx_word' id='word_1_104' title='bbox 1700 1248 1829 1305; x_wconf 80' lang='lat' dir='ltr'><strong>quse</strong></span> <span class='ocrx_word' id='word_1_105' title='bbox 1868 1230 2040 1287; x_wconf 87' lang='lat' dir='ltr'><strong>istam</strong></span> <span class='ocrx_word' id='word_1_106' title='bbox 2080 1229 2503 1305; x_wconf 78' lang='lat' dir='ltr'><strong>corruptionem</strong></span> <span class='ocrx_word' id='word_1_107' title='bbox 2544 1237 2779 1304; x_wconf 81' lang='lat' dir='ltr'><strong>arceret,</strong></span> 
     </span>
     <span class='ocr_line' id='line_1_12' title="bbox 379 1306 2780 1384; baseline 0.001 -21"><span class='ocrx_word' id='word_1_108' title='bbox 379 1306 652 1366; x_wconf 89' lang='lat' dir='ltr'><strong>nimirum</strong></span> <span class='ocrx_word' id='word_1_109' title='bbox 681 1310 1000 1367; x_wconf 77' lang='lat' dir='ltr'><strong>sanctitate.</strong></span> <span class='ocrx_word' id='word_1_110' title='bbox 1060 1307 1386 1367; x_wconf 83' lang='lat' dir='ltr'><strong>Concursus</strong></span> <span class='ocrx_word' id='word_1_111' title='bbox 1414 1308 1757 1384; x_wconf 80' lang='lat' dir='ltr'><strong>qualitatum</strong></span> <span class='ocrx_word' id='word_1_112' title='bbox 1784 1308 2215 1367; x_wconf 86' lang='lat' dir='ltr'><strong>elementarium</strong></span> <span class='ocrx_word' id='word_1_113' title='bbox 2244 1316 2445 1367; x_wconf 90' lang='lat' dir='ltr'><strong>mutuo</strong></span> <span class='ocrx_word' id='word_1_114' title='bbox 2474 1326 2536 1365; x_wconf 87' lang='lat' dir='ltr'><strong>se</strong></span> <span class='ocrx_word' id='word_1_115' title='bbox 2556 1306 2780 1366; x_wconf 89' lang='lat' dir='ltr'><strong>destru-</strong></span> 
     </span>
     <span class='ocr_line' id='line_1_13' title="bbox 381 1386 2781 1481; baseline 0 -38"><span class='ocrx_word' id='word_1_116' title='bbox 381 1387 618 1459; x_wconf 89' lang='lat' dir='ltr'><strong>entium,</strong></span> <span class='ocrx_word' id='word_1_117' title='bbox 647 1395 840 1463; x_wconf 89' lang='lat' dir='ltr'><strong>potest</strong></span> <span class='ocrx_word' id='word_1_118' title='bbox 865 1386 1100 1463; x_wconf 89' lang='lat' dir='ltr'><strong>quidem</strong></span> <span class='ocrx_word' id='word_1_119' title='bbox 1125 1407 1280 1445; x_wconf 90' lang='lat' dir='ltr'><strong>nunc</strong></span> <span class='ocrx_word' id='word_1_120' title='bbox 1302 1388 1733 1481; x_wconf 85' lang='lat' dir='ltr'><strong>corruptionem</strong></span> <span class='ocrx_word' id='word_1_121' title='bbox 1754 1387 1993 1463; x_wconf 89' lang='lat' dir='ltr'><strong>efficere,</strong></span> <span class='ocrx_word' id='word_1_122' title='bbox 2018 1395 2322 1464; x_wconf 84' lang='lat' dir='ltr'><strong>postquam</strong></span> <span class='ocrx_word' id='word_1_123' title='bbox 2350 1406 2452 1464; x_wconf 91' lang='lat' dir='ltr'><strong>per</strong></span> <span class='ocrx_word' id='word_1_124' title='bbox 2476 1394 2781 1479; x_wconf 80' lang='lat' dir='ltr'><strong>peccatum</strong></span> 
     </span>
     <span class='ocr_line' id='line_1_14' title="bbox 383 1465 2782 1544; baseline -0 -21"><span class='ocrx_word' id='word_1_125' title='bbox 383 1482 644 1541; x_wconf 79' lang='lat' dir='ltr'><strong>pugnare</strong></span> <span class='ocrx_word' id='word_1_126' title='bbox 671 1474 970 1541; x_wconf 84' lang='lat' dir='ltr'><strong>coeperunt</strong></span> <span class='ocrx_word' id='word_1_127' title='bbox 997 1466 1305 1541; x_wconf 86' lang='lat' dir='ltr'><strong>qualitates</strong></span> <span class='ocrx_word' id='word_1_128' title='bbox 1332 1466 1460 1524; x_wconf 81' lang='lat' dir='ltr'><strong>istae</strong></span> <span class='ocrx_word' id='word_1_129' title='bbox 1489 1466 1805 1540; x_wconf 76' lang='lat' dir='ltr'><strong>contrarias,</strong></span> <span class='ocrx_word' id='word_1_130' title='bbox 1846 1476 1905 1525; x_wconf 89' lang='lat' dir='ltr'><strong>et</strong></span> <span class='ocrx_word' id='word_1_131' title='bbox 1932 1466 1991 1524; x_wconf 91' lang='lat' dir='ltr'><strong>in</strong></span> <span class='ocrx_word' id='word_1_132' title='bbox 2020 1467 2245 1525; x_wconf 88' lang='lat' dir='ltr'><strong>ruinam</strong></span> <span class='ocrx_word' id='word_1_133' title='bbox 2272 1466 2527 1544; x_wconf 88' lang='lat' dir='ltr'><strong>corporis</strong></span> <span class='ocrx_word' id='word_1_134' title='bbox 2554 1465 2782 1542; x_wconf 89' lang='lat' dir='ltr'><strong>conspi-</strong></span> 
     </span>
     <span class='ocr_line' id='line_1_15' title="bbox 381 1544 2783 1623; baseline 0 -23"><span class='ocrx_word' id='word_1_135' title='bbox 381 1562 527 1601; x_wconf 88' lang='lat' dir='ltr'><strong>rare.</strong></span> <span class='ocrx_word' id='word_1_136' title='bbox 615 1544 732 1602; x_wconf 87' lang='lat' dir='ltr'><strong>Sed</strong></span> <span class='ocrx_word' id='word_1_137' title='bbox 759 1554 930 1603; x_wconf 87' lang='lat' dir='ltr'><strong>antea</strong></span> <span class='ocrx_word' id='word_1_138' title='bbox 955 1544 1056 1611; x_wconf 91' lang='lat' dir='ltr'><strong>ubi</strong></span> <span class='ocrx_word' id='word_1_139' title='bbox 1082 1545 1233 1604; x_wconf 91' lang='lat' dir='ltr'><strong>inter</strong></span> <span class='ocrx_word' id='word_1_140' title='bbox 1281 1564 1342 1603; x_wconf 88' lang='lat' dir='ltr'><strong>se</strong></span> <span class='ocrx_word' id='word_1_141' title='bbox 1387 1545 1748 1621; x_wconf 73' lang='lat' dir='ltr'><strong>aequabiliter</strong></span> <span class='ocrx_word' id='word_1_142' title='bbox 1788 1553 2137 1623; x_wconf 74' lang='lat' dir='ltr'><strong>temperatae,</strong></span> <span class='ocrx_word' id='word_1_143' title='bbox 2188 1546 2371 1604; x_wconf 87' lang='lat' dir='ltr'><strong>amice</strong></span> <span class='ocrx_word' id='word_1_144' title='bbox 2414 1544 2491 1603; x_wconf 86' lang='lat' dir='ltr'><strong>ad</strong></span> <span class='ocrx_word' id='word_1_145' title='bbox 2532 1544 2783 1602; x_wconf 90' lang='lat' dir='ltr'><strong>hominis</strong></span> 
     </span>
     <span class='ocr_line' id='line_1_16' title="bbox 386 1624 2781 1701; baseline 0.001 -22"><span class='ocrx_word' id='word_1_146' title='bbox 386 1624 882 1683; x_wconf 82' lang='lat' dir='ltr'><strong>conservationem</strong></span> <span class='ocrx_word' id='word_1_147' title='bbox 912 1624 1344 1699; x_wconf 88' lang='lat' dir='ltr'><strong>concurrebant,</strong></span> <span class='ocrx_word' id='word_1_148' title='bbox 1389 1624 1552 1682; x_wconf 82' lang='lat' dir='ltr'><strong>nulla</strong></span> <span class='ocrx_word' id='word_1_149' title='bbox 1589 1624 1781 1701; x_wconf 85' lang='lat' dir='ltr'><strong>potuit</strong></span> <span class='ocrx_word' id='word_1_150' title='bbox 1820 1624 2065 1683; x_wconf 86' lang='lat' dir='ltr'><strong>actualis</strong></span> <span class='ocrx_word' id='word_1_151' title='bbox 2106 1624 2395 1701; x_wconf 86' lang='lat' dir='ltr'><strong>corruptio</strong></span> <span class='ocrx_word' id='word_1_152' title='bbox 2436 1624 2781 1698; x_wconf 81' lang='lat' dir='ltr'><strong>succedere3</strong></span> 
     </span>
     <span class='ocr_line' id='line_1_17' title="bbox 381 1701 2787 1837; baseline 0 -78"><span class='ocrx_word' id='word_1_153' title='bbox 381 1709 450 1837; x_wconf 72' lang='lat' dir='ltr'><strong>ul</strong></span> <span class='ocrx_word' id='word_1_154' title='bbox 477 1701 638 1837; x_wconf 60' lang='lat' dir='ltr'><strong>mliua</strong></span> <span class='ocrx_word' id='word_1_155' title='bbox 664 1702 852 1779; x_wconf 89' lang='lat' dir='ltr'><strong>potuit</strong></span> <span class='ocrx_word' id='word_1_156' title='bbox 879 1722 1006 1762; x_wconf 90' lang='lat' dir='ltr'><strong>esse</strong></span> <span class='ocrx_word' id='word_1_157' title='bbox 1035 1704 1096 1761; x_wconf 93' lang='lat' dir='ltr'><strong>in</strong></span> <span class='ocrx_word' id='word_1_158' title='bbox 1125 1703 1376 1780; x_wconf 88' lang='lat' dir='ltr'><strong>Corpore</strong></span> <span class='ocrx_word' id='word_1_159' title='bbox 1406 1702 1638 1778; x_wconf 86' lang='lat' dir='ltr'><strong>Christi,</strong></span> <span class='ocrx_word' id='word_1_160' title='bbox 1670 1712 1730 1763; x_wconf 89' lang='lat' dir='ltr'><strong>et</strong></span> <span class='ocrx_word' id='word_1_161' title='bbox 1762 1702 1923 1761; x_wconf 86' lang='lat' dir='ltr'><strong>nulla</strong></span> <span class='ocrx_word' id='word_1_162' title='bbox 1970 1702 2165 1763; x_wconf 83' lang='lat' dir='ltr'><strong>futura</strong></span> <span class='ocrx_word' id='word_1_163' title='bbox 2210 1711 2301 1763; x_wconf 89' lang='lat' dir='ltr'><strong>est</strong></span> <span class='ocrx_word' id='word_1_164' title='bbox 2328 1704 2389 1760; x_wconf 90' lang='lat' dir='ltr'><strong>in</strong></span> <span class='ocrx_word' id='word_1_165' title='bbox 2438 1702 2787 1780; x_wconf 88' lang='lat' dir='ltr'><strong>Corporibus</strong></span> 
     </span>
     <span class='ocr_line' id='line_1_18' title="bbox 382 1781 742 1857; baseline 0.008 -19"><span class='ocrx_word' id='word_1_166' title='bbox 382 1800 424 1857; x_wconf 89' lang='lat' dir='ltr'>g</span> <span class='ocrx_word' id='word_1_167' title='bbox 448 1781 534 1838; x_wconf 90' lang='lat' dir='ltr'><strong>ori</strong></span> <span class='ocrx_word' id='word_1_168' title='bbox 576 1782 742 1841; x_wconf 85' lang='lat' dir='ltr'><strong>catis.</strong></span> 
     </span>
    </p>
   </div>
   <div class='ocr_carea' id='block_1_3' title="bbox 1277 2020 1898 2096">
    <p class='ocr_par' dir='ltr' id='par_1_4' title="bbox 1277 2020 1898 2096">
     <span class='ocr_line' id='line_1_19' title="bbox 1277 2020 1898 2096; baseline 0.002 -16"><span class='ocrx_word' id='word_1_169' title='bbox 1277 2020 1666 2096; x_wconf 81' lang='lat' dir='ltr'>QUAESTIO</span> <span class='ocrx_word' id='word_1_170' title='bbox 1707 2021 1898 2081; x_wconf 82' lang='lat' dir='ltr'><strong>XIII.</strong></span> 
     </span>
    </p>
   </div>
   <div class='ocr_carea' id='block_1_4' title="bbox 1288 2196 1899 2238">
    <p class='ocr_par' dir='ltr' id='par_1_5' title="bbox 1288 2196 1899 2238">
     <span class='ocr_line' id='line_1_20' title="bbox 1288 2196 1899 2238; baseline 0 -2"><span class='ocrx_word' id='word_1_171' title='bbox 1288 2196 1368 2236; x_wconf 76' lang='lat' dir='ltr'><strong>DE</strong></span> <span class='ocrx_word' id='word_1_172' title='bbox 1397 2197 1644 2238; x_wconf 65' lang='lat' dir='ltr'><strong>onoma</strong></span> <span class='ocrx_word' id='word_1_173' title='bbox 1672 2197 1899 2237; x_wconf 64' lang='lat' dir='ltr'><strong>Aulum.</strong></span> 
     </span>
    </p>
   </div>
   <div class='ocr_carea' id='block_1_5' title="bbox 539 2336 2625 2492">
    <p class='ocr_par' dir='ltr' id='par_1_6' title="bbox 539 2336 2625 2492">
     <span class='ocr_line' id='line_1_21' title="bbox 539 2336 2625 2413; baseline -0.001 -18"><span class='ocrx_word' id='word_1_174' title='bbox 539 2338 634 2395; x_wconf 83' lang='lat' dir='ltr'><strong>An</strong></span> <span class='ocrx_word' id='word_1_175' title='bbox 659 2336 883 2394; x_wconf 78' lang='lat' dir='ltr'><strong>Animoe</strong></span> <span class='ocrx_word' id='word_1_176' title='bbox 907 2356 948 2395; x_wconf 84' lang='lat' dir='ltr'><strong>a</strong></span> <span class='ocrx_word' id='word_1_177' title='bbox 975 2339 1102 2395; x_wconf 81' lang='lat' dir='ltr'><strong>Deo</strong></span> <span class='ocrx_word' id='word_1_178' title='bbox 1129 2346 1404 2411; x_wconf 77' lang='lat' dir='ltr'><strong>creentur,</strong></span> <span class='ocrx_word' id='word_1_179' title='bbox 1431 2337 1527 2395; x_wconf 80' lang='lat' dir='ltr'><strong>An</strong></span> <span class='ocrx_word' id='word_1_180' title='bbox 1551 2357 1685 2397; x_wconf 83' lang='lat' dir='ltr'><strong>vero</strong></span> <span class='ocrx_word' id='word_1_181' title='bbox 1702 2356 1817 2413; x_wconf 83' lang='lat' dir='ltr'><strong>per</strong></span> <span class='ocrx_word' id='word_1_182' title='bbox 1848 2338 2161 2395; x_wconf 83' lang='lat' dir='ltr'><strong>Traducem</strong></span> <span class='ocrx_word' id='word_1_183' title='bbox 2180 2345 2576 2413; x_wconf 63' lang='lat' dir='ltr'><strong>propagentur</strong></span> <span class='ocrx_word' id='word_1_184' title='bbox 2595 2338 2625 2394; x_wconf 75' lang='lat'><strong>‚²</strong></span> 
     </span>
     <span class='ocr_line' id='line_1_22' title="bbox 1179 2416 2000 2492; baseline 0 -19"><span class='ocrx_word' id='word_1_185' title='bbox 1179 2416 1349 2475; x_wconf 84' lang='lat' dir='ltr'><strong>Prius</strong></span> <span class='ocrx_word' id='word_1_186' title='bbox 1377 2416 1562 2492; x_wconf 71' lang='lat' dir='ltr'><strong>Affir„</strong></span> <span class='ocrx_word' id='word_1_187' title='bbox 1596 2417 1820 2475; x_wconf 89' lang='lat' dir='ltr'><strong>Poster.</strong></span> <span class='ocrx_word' id='word_1_188' title='bbox 1852 2416 2000 2492; x_wconf 86' lang='lat' dir='ltr'><strong>Neg.</strong></span> 
     </span>
    </p>
   </div>
   <div class='ocr_carea' id='block_1_6' title="bbox 321 2572 2787 4537">
    <p class='ocr_par' dir='ltr' id='par_1_7' title="bbox 335 2572 2787 3521">
     <span class='ocr_line' id='line_1_23' title="bbox 464 2572 2787 2652; baseline -0 -20"><span class='ocrx_word' id='word_1_189' title='bbox 464 2574 513 2634; x_wconf 94' lang='grc' dir='ltr'><strong>Ι.</strong></span> <span class='ocrx_word' id='word_1_190' title='bbox 560 2573 838 2648; x_wconf 87' lang='lat' dir='ltr'><strong>Quamvis</strong></span> <span class='ocrx_word' id='word_1_191' title='bbox 885 2574 1062 2634; x_wconf 73' lang='lat' dir='ltr'><strong>variae</strong></span> <span class='ocrx_word' id='word_1_192' title='bbox 1100 2575 1217 2636; x_wconf 88' lang='lat' dir='ltr'><strong>sint</strong></span> <span class='ocrx_word' id='word_1_193' title='bbox 1259 2574 1687 2652; x_wconf 83' lang='lat' dir='ltr'><strong>Theologorum</strong></span> <span class='ocrx_word' id='word_1_194' title='bbox 1729 2582 1787 2635; x_wconf 89' lang='lat' dir='ltr'><strong>et</strong></span> <span class='ocrx_word' id='word_1_195' title='bbox 1836 2574 2320 2652; x_wconf 87' lang='lat' dir='ltr'><strong>Philosophorum</strong></span> <span class='ocrx_word' id='word_1_196' title='bbox 2368 2572 2521 2634; x_wconf 87' lang='lat' dir='ltr'><strong>circa</strong></span> <span class='ocrx_word' id='word_1_197' title='bbox 2562 2574 2787 2632; x_wconf 67' lang='lat' dir='ltr'><strong>Animas</strong></span> 
     </span>
     <span class='ocr_line' id='line_1_24' title="bbox 383 2654 2785 2748; baseline 0 -36"><span class='ocrx_word' id='word_1_198' title='bbox 383 2655 656 2732; x_wconf 73' lang='lat' dir='ltr'><strong>oriqt‘nem</strong></span> <span class='ocrx_word' id='word_1_199' title='bbox 685 2655 1000 2730; x_wconf 70' lang='lat' dir='ltr'><strong>sententiae,</strong></span> <span class='ocrx_word' id='word_1_200' title='bbox 1032 2655 1161 2714; x_wconf 72' lang='lat' dir='ltr'><strong>duae</strong></span> <span class='ocrx_word' id='word_1_201' title='bbox 1187 2663 1382 2714; x_wconf 88' lang='lat' dir='ltr'><strong>tamen</strong></span> <span class='ocrx_word' id='word_1_202' title='bbox 1419 2663 1555 2715; x_wconf 89' lang='lat' dir='ltr'><strong>sunt</strong></span> <span class='ocrx_word' id='word_1_203' title='bbox 1600 2655 1922 2748; x_wconf 57' lang='lat' dir='ltr'><strong>praecipuae,</strong></span> <span class='ocrx_word' id='word_1_204' title='bbox 1974 2654 2050 2714; x_wconf 89' lang='lat' dir='ltr'><strong>ad</strong></span> <span class='ocrx_word' id='word_1_205' title='bbox 2086 2673 2231 2731; x_wconf 86' lang='lat' dir='ltr'><strong>quas</strong></span> <span class='ocrx_word' id='word_1_206' title='bbox 2276 2662 2499 2713; x_wconf 80' lang='lat' dir='ltr'><strong>caeterae</strong></span> <span class='ocrx_word' id='word_1_207' title='bbox 2540 2661 2785 2732; x_wconf 89' lang='lat' dir='ltr'><strong>possunt</strong></span> 
     </span>
     <span class='ocr_line' id='line_1_25' title="bbox 381 2733 2785 2812; baseline 0 -21"><span class='ocrx_word' id='word_1_208' title='bbox 381 2733 616 2810; x_wconf 85' lang='lat' dir='ltr'><strong>referri;</strong></span> <span class='ocrx_word' id='word_1_209' title='bbox 661 2734 870 2793; x_wconf 87' lang='lat' dir='ltr'><strong>Altera</strong></span> <span class='ocrx_word' id='word_1_210' title='bbox 895 2754 1026 2812; x_wconf 81' lang='lat' dir='ltr'><strong>quae</strong></span> <span class='ocrx_word' id='word_1_211' title='bbox 1033 2733 1412 2794; x_wconf 58' lang='lat' dir='ltr'><strong>Orationem</strong></span> <span class='ocrx_word' id='word_1_212' title='bbox 1459 2733 1682 2810; x_wconf 86' lang='lat' dir='ltr'><strong>asserit,</strong></span> <span class='ocrx_word' id='word_1_213' title='bbox 1712 2733 1895 2793; x_wconf 85' lang='lat' dir='ltr'><strong>altera</strong></span> <span class='ocrx_word' id='word_1_214' title='bbox 1920 2755 2051 2810; x_wconf 78' lang='lat' dir='ltr'><strong>quae</strong></span> <span class='ocrx_word' id='word_1_215' title='bbox 2084 2736 2415 2793; x_wconf 61' lang='lat' dir='ltr'><strong>staducem.</strong></span> <span class='ocrx_word' id='word_1_216' title='bbox 2499 2733 2614 2792; x_wconf 89' lang='lat' dir='ltr'><strong>Illa</strong></span> <span class='ocrx_word' id='word_1_217' title='bbox 2654 2734 2785 2792; x_wconf 83' lang='lat' dir='ltr'><strong>vult</strong></span> 
     </span>
     <span class='ocr_line' id='line_1_26' title="bbox 335 2812 2783 2888; baseline 0.002 -22"><span class='ocrx_word' id='word_1_218' title='bbox 335 2863 338 2866; x_wconf 81' lang='grc'><em>,</em></span> <span class='ocrx_word' id='word_1_219' title='bbox 384 2813 606 2872; x_wconf 87' lang='lat' dir='ltr'><strong>animas</strong></span> <span class='ocrx_word' id='word_1_220' title='bbox 635 2833 834 2872; x_wconf 87' lang='lat' dir='ltr'><strong>omnes</strong></span> <span class='ocrx_word' id='word_1_221' title='bbox 861 2814 1190 2874; x_wconf 81' lang='lat' dir='ltr'><strong>immediate</strong></span> <span class='ocrx_word' id='word_1_222' title='bbox 1218 2834 1254 2872; x_wconf 86' lang='lat' dir='ltr'><strong>a</strong></span> <span class='ocrx_word' id='word_1_223' title='bbox 1282 2815 1410 2873; x_wconf 91' lang='lat' dir='ltr'><strong>Deo</strong></span> <span class='ocrx_word' id='word_1_224' title='bbox 1438 2813 1636 2888; x_wconf 90' lang='lat' dir='ltr'><strong>creari,</strong></span> <span class='ocrx_word' id='word_1_225' title='bbox 1682 2821 1742 2872; x_wconf 87' lang='lat' dir='ltr'><strong>et</strong></span> <span class='ocrx_word' id='word_1_226' title='bbox 1768 2814 2017 2872; x_wconf 87' lang='lat' dir='ltr'><strong>creando</strong></span> <span class='ocrx_word' id='word_1_227' title='bbox 2060 2812 2304 2888; x_wconf 88' lang='lat' dir='ltr'><strong>infundi,</strong></span> <span class='ocrx_word' id='word_1_228' title='bbox 2354 2820 2528 2888; x_wconf 88' lang='lat' dir='ltr'><strong>atque</strong></span> <span class='ocrx_word' id='word_1_229' title='bbox 2577 2813 2659 2871; x_wconf 84' lang='lat' dir='ltr'><strong>ita</strong></span> <span class='ocrx_word' id='word_1_230' title='bbox 2706 2832 2783 2870; x_wconf 86' lang='lat' dir='ltr'><strong>ex</strong></span> 
     </span>
     <span class='ocr_line' id='line_1_27' title="bbox 381 2891 2783 2970; baseline -0.001 -20"><span class='ocrx_word' id='word_1_231' title='bbox 381 2892 564 2951; x_wconf 89' lang='lat' dir='ltr'><strong>nihilo</strong></span> <span class='ocrx_word' id='word_1_232' title='bbox 593 2893 812 2969; x_wconf 85' lang='lat' dir='ltr'><strong>absque</strong></span> <span class='ocrx_word' id='word_1_233' title='bbox 839 2893 961 2952; x_wconf 86' lang='lat' dir='ltr'><strong>ulla</strong></span> <span class='ocrx_word' id='word_1_234' title='bbox 985 2894 1390 2970; x_wconf 68' lang='lat' dir='ltr'><strong>praeexistente</strong></span> <span class='ocrx_word' id='word_1_235' title='bbox 1419 2891 1661 2952; x_wconf 87' lang='lat' dir='ltr'><strong>materia</strong></span> <span class='ocrx_word' id='word_1_236' title='bbox 1684 2892 1962 2969; x_wconf 82' lang='lat' dir='ltr'><strong>produci3</strong></span> <span class='ocrx_word' id='word_1_237' title='bbox 2010 2893 2133 2951; x_wconf 86' lang='lat' dir='ltr'><strong>Ista</strong></span> <span class='ocrx_word' id='word_1_238' title='bbox 2159 2911 2297 2951; x_wconf 86' lang='lat' dir='ltr'><strong>vero</strong></span> <span class='ocrx_word' id='word_1_239' title='bbox 2325 2891 2613 2969; x_wconf 88' lang='lat' dir='ltr'><strong>pertendit</strong></span> <span class='ocrx_word' id='word_1_240' title='bbox 2660 2891 2783 2948; x_wconf 88' lang='lat' dir='ltr'><strong>ani-</strong></span> 
     </span>
     <span class='ocr_line' id='line_1_28' title="bbox 381 2971 2785 3050; baseline 0 -21"><span class='ocrx_word' id='word_1_241' title='bbox 381 2991 536 3030; x_wconf 87' lang='lat' dir='ltr'><strong>mam</strong></span> <span class='ocrx_word' id='word_1_242' title='bbox 564 2971 827 3033; x_wconf 82' lang='lat' dir='ltr'><strong>Traduce</strong></span> <span class='ocrx_word' id='word_1_243' title='bbox 853 2975 1176 3050; x_wconf 86' lang='lat' dir='ltr'><strong>propagari.</strong></span> <span class='ocrx_word' id='word_1_244' title='bbox 1263 2973 1522 3032; x_wconf 90' lang='lat' dir='ltr'><strong>Priorem</strong></span> <span class='ocrx_word' id='word_1_245' title='bbox 1551 2971 1875 3030; x_wconf 84' lang='lat' dir='ltr'><strong>Orthodoxi</strong></span> <span class='ocrx_word' id='word_1_246' title='bbox 1901 2971 2021 3030; x_wconf 86' lang='lat' dir='ltr'><strong>fere</strong></span> <span class='ocrx_word' id='word_1_247' title='bbox 2049 2990 2249 3030; x_wconf 88' lang='lat' dir='ltr'><strong>omnes</strong></span> <span class='ocrx_word' id='word_1_248' title='bbox 2276 2979 2612 3048; x_wconf 86' lang='lat' dir='ltr'><strong>sequuntur,</strong></span> <span class='ocrx_word' id='word_1_249' title='bbox 2652 2978 2785 3047; x_wconf 89' lang='lat' dir='ltr'><strong>post</strong></span> 
     </span>
     <span class='ocr_line' id='line_1_29' title="bbox 380 3050 2781 3144; baseline 0 -35"><span class='ocrx_word' id='word_1_250' title='bbox 380 3051 688 3144; x_wconf 85' lang='lat' dir='ltr'><strong>plerosque</strong></span> <span class='ocrx_word' id='word_1_251' title='bbox 717 3071 793 3109; x_wconf 83' lang='lat' dir='ltr'><strong>ex</strong></span> <span class='ocrx_word' id='word_1_252' title='bbox 822 3051 1110 3126; x_wconf 86' lang='lat' dir='ltr'><strong>Patribus,</strong></span> <span class='ocrx_word' id='word_1_253' title='bbox 1141 3060 1200 3112; x_wconf 89' lang='lat' dir='ltr'><strong>et</strong></span> <span class='ocrx_word' id='word_1_254' title='bbox 1231 3051 1638 3127; x_wconf 87' lang='lat' dir='ltr'><strong>Scholasticis,</strong></span> <span class='ocrx_word' id='word_1_255' title='bbox 1685 3051 2073 3110; x_wconf 88' lang='lat' dir='ltr'><strong>Posteriorem</strong></span> <span class='ocrx_word' id='word_1_256' title='bbox 2091 3050 2408 3110; x_wconf 87' lang='lat' dir='ltr'><strong>Lutherani</strong></span> <span class='ocrx_word' id='word_1_257' title='bbox 2428 3050 2781 3128; x_wconf 86' lang='lat' dir='ltr'><strong>amplectun-</strong></span> 
     </span>
     <span class='ocr_line' id='line_1_30' title="bbox 378 3127 2780 3208; baseline -0.002 -19"><span class='ocrx_word' id='word_1_258' title='bbox 378 3137 492 3204; x_wconf 89' lang='lat' dir='ltr'><strong>tur,</strong></span> <span class='ocrx_word' id='word_1_259' title='bbox 513 3129 723 3205; x_wconf 89' lang='lat' dir='ltr'><strong>quibus</strong></span> <span class='ocrx_word' id='word_1_260' title='bbox 749 3130 978 3205; x_wconf 66' lang='lat' dir='ltr'><strong>praeivit</strong></span> <span class='ocrx_word' id='word_1_261' title='bbox 999 3131 1122 3208; x_wconf 89' lang='lat' dir='ltr'><strong>jam</strong></span> <span class='ocrx_word' id='word_1_262' title='bbox 1149 3131 1286 3190; x_wconf 91' lang='lat' dir='ltr'><strong>olim</strong></span> <span class='ocrx_word' id='word_1_263' title='bbox 1311 3131 1689 3190; x_wconf 76' lang='lat' dir='ltr'><strong>Tertullianus</strong></span> <span class='ocrx_word' id='word_1_264' title='bbox 1706 3130 1985 3189; x_wconf 86' lang='lat' dir='ltr'><strong>Traducis</strong></span> <span class='ocrx_word' id='word_1_265' title='bbox 2002 3131 2211 3189; x_wconf 86' lang='lat' dir='ltr'><strong>author</strong></span> <span class='ocrx_word' id='word_1_266' title='bbox 2232 3127 2406 3206; x_wconf 87' lang='lat' dir='ltr'><strong>(libro</strong></span> <span class='ocrx_word' id='word_1_267' title='bbox 2425 3129 2497 3188; x_wconf 88' lang='lat' dir='ltr'><strong>de</strong></span> <span class='ocrx_word' id='word_1_268' title='bbox 2516 3128 2780 3207; x_wconf 89' lang='lat' dir='ltr'><strong>Anima,)</strong></span> 
     </span>
     <span class='ocr_line' id='line_1_31' title="bbox 381 3207 2784 3286; baseline 0 -20"><span class='ocrx_word' id='word_1_269' title='bbox 381 3227 556 3284; x_wconf 89' lang='lat' dir='ltr'><strong>quem</strong></span> <span class='ocrx_word' id='word_1_270' title='bbox 580 3207 677 3266; x_wconf 89' lang='lat' dir='ltr'><strong>hic</strong></span> <span class='ocrx_word' id='word_1_271' title='bbox 705 3208 1070 3284; x_wconf 86' lang='lat' dir='ltr'><strong>Luciferiani,</strong></span> <span class='ocrx_word' id='word_1_272' title='bbox 1102 3219 1160 3268; x_wconf 90' lang='lat' dir='ltr'><strong>et</strong></span> <span class='ocrx_word' id='word_1_273' title='bbox 1187 3210 1334 3268; x_wconf 84' lang='lat' dir='ltr'><strong>varii</strong></span> <span class='ocrx_word' id='word_1_274' title='bbox 1361 3229 1436 3267; x_wconf 84' lang='lat' dir='ltr'><strong>ex</strong></span> <span class='ocrx_word' id='word_1_275' title='bbox 1466 3210 1689 3268; x_wconf 85' lang='lat' dir='ltr'><strong>Latinis</strong></span> <span class='ocrx_word' id='word_1_276' title='bbox 1718 3210 1900 3269; x_wconf 87' lang='lat' dir='ltr'><strong>secuti</strong></span> <span class='ocrx_word' id='word_1_277' title='bbox 1928 3217 2079 3269; x_wconf 88' lang='lat' dir='ltr'><strong>sunt.</strong></span> <span class='ocrx_word' id='word_1_278' title='bbox 2177 3210 2520 3286; x_wconf 73' lang='lat' dir='ltr'><strong>Auqmtinus</strong></span> <span class='ocrx_word' id='word_1_279' title='bbox 2558 3208 2715 3267; x_wconf 87' lang='lat' dir='ltr'><strong>hic’</strong></span> <span class='ocrx_word' id='word_1_280' title='bbox 2698 3232 2784 3267; x_wconf 72' lang='lat' dir='ltr'><strong>ar-</strong></span> 
     </span>
     <span class='ocr_line' id='line_1_32' title="bbox 381 3286 2785 3365; baseline -0.001 -16.999"><span class='ocrx_word' id='word_1_281' title='bbox 381 3289 499 3363; x_wconf 70' lang='grc' dir='ltr'><strong>ίκιι,</strong></span> <span class='ocrx_word' id='word_1_282' title='bbox 530 3295 588 3345; x_wconf 88' lang='lat' dir='ltr'><strong>et</strong></span> <span class='ocrx_word' id='word_1_283' title='bbox 614 3286 754 3346; x_wconf 86' lang='lat' dir='ltr'><strong>licet</strong></span> <span class='ocrx_word' id='word_1_284' title='bbox 779 3288 988 3364; x_wconf 85' lang='lat' dir='ltr'><strong>saepius</strong></span> <span class='ocrx_word' id='word_1_285' title='bbox 1016 3288 1090 3347; x_wconf 88' lang='lat' dir='ltr'><strong>de</strong></span> <span class='ocrx_word' id='word_1_286' title='bbox 1115 3289 1226 3346; x_wconf 84' lang='lat' dir='ltr'><strong>hac</strong></span> <span class='ocrx_word' id='word_1_287' title='bbox 1251 3288 1569 3365; x_wconf 73' lang='lat' dir='ltr'><strong>quaestione</strong></span> <span class='ocrx_word' id='word_1_288' title='bbox 1597 3289 1799 3364; x_wconf 87' lang='lat' dir='ltr'><strong>egerit,</strong></span> <span class='ocrx_word' id='word_1_289' title='bbox 1823 3289 1968 3347; x_wconf 86' lang='lat' dir='ltr'><strong>nihil</strong></span> <span class='ocrx_word' id='word_1_290' title='bbox 1996 3296 2189 3348; x_wconf 87' lang='lat' dir='ltr'><strong>tamen</strong></span> <span class='ocrx_word' id='word_1_291' title='bbox 2218 3288 2291 3346; x_wconf 90' lang='lat' dir='ltr'><strong>de</strong></span> <span class='ocrx_word' id='word_1_292' title='bbox 2308 3308 2379 3347; x_wconf 86' lang='lat' dir='ltr'><strong>ea</strong></span> <span class='ocrx_word' id='word_1_293' title='bbox 2404 3288 2785 3347; x_wconf 89' lang='lat' dir='ltr'><strong>determinare</strong></span> 
     </span>
     <span class='ocr_line' id='line_1_33' title="bbox 381 3365 2781 3443; baseline 0.001 -19"><span class='ocrx_word' id='word_1_294' title='bbox 381 3366 586 3440; x_wconf 78' lang='lat' dir='ltr'><strong>voluit,</strong></span> <span class='ocrx_word' id='word_1_295' title='bbox 617 3365 754 3424; x_wconf 80' lang='lat' dir='ltr'><strong>vide</strong></span> <span class='ocrx_word' id='word_1_296' title='bbox 781 3365 948 3443; x_wconf 88' lang='lat' dir='ltr'><strong>epist.</strong></span> <span class='ocrx_word' id='word_1_297' title='bbox 972 3370 1067 3440; x_wconf 81' lang='lat'><strong>28,</strong></span> <span class='ocrx_word' id='word_1_298' title='bbox 1098 3367 1174 3424; x_wconf 87' lang='lat' dir='ltr'><strong>ad</strong></span> <span class='ocrx_word' id='word_1_299' title='bbox 1203 3368 1404 3425; x_wconf 88' lang='lat' dir='ltr'><strong>Hiero.</strong></span> <span class='ocrx_word' id='word_1_300' title='bbox 1435 3375 1495 3426; x_wconf 88' lang='lat' dir='ltr'><strong>et</strong></span> <span class='ocrx_word' id='word_1_301' title='bbox 1525 3369 1659 3440; x_wconf 87' lang='grc'>157,</span> <span class='ocrx_word' id='word_1_302' title='bbox 1690 3365 1766 3425; x_wconf 89' lang='lat' dir='ltr'><strong>ad</strong></span> <span class='ocrx_word' id='word_1_303' title='bbox 1795 3367 2086 3443; x_wconf 85' lang='lat' dir='ltr'><strong>Optatum,</strong></span> <span class='ocrx_word' id='word_1_304' title='bbox 2116 3376 2176 3427; x_wconf 87' lang='lat' dir='ltr'><strong>et</strong></span> <span class='ocrx_word' id='word_1_305' title='bbox 2216 3368 2319 3428; x_wconf 85' lang='lat' dir='ltr'><strong>lib.</strong></span> <span class='ocrx_word' id='word_1_306' title='bbox 2347 3367 2387 3426; x_wconf 93' lang='lat' dir='ltr'><strong>i.</strong></span> <span class='ocrx_word' id='word_1_307' title='bbox 2432 3367 2687 3427; x_wconf 78' lang='lat' dir='ltr'><strong>Retract.</strong></span> <span class='ocrx_word' id='word_1_308' title='bbox 2730 3387 2781 3426; x_wconf 90' lang='lat' dir='ltr'><strong>c.</strong></span> 
     </span>
     <span class='ocr_line' id='line_1_34' title="bbox 382 3444 2451 3521; baseline -0 -17"><span class='ocrx_word' id='word_1_309' title='bbox 382 3445 422 3504; x_wconf 88' lang='lat' dir='ltr'><strong>i.</strong></span> <span class='ocrx_word' id='word_1_310' title='bbox 451 3454 511 3505; x_wconf 90' lang='lat' dir='ltr'><strong>et</strong></span> <span class='ocrx_word' id='word_1_311' title='bbox 536 3445 636 3502; x_wconf 87' lang='lat' dir='ltr'><strong>lib.</strong></span> <span class='ocrx_word' id='word_1_312' title='bbox 668 3444 727 3503; x_wconf 90' lang='lat' dir='ltr'><strong>ii.</strong></span> <span class='ocrx_word' id='word_1_313' title='bbox 758 3465 809 3503; x_wconf 95' lang='lat' dir='ltr'><strong>c</strong></span> <span class='ocrx_word' id='word_1_314' title='bbox 841 3447 936 3520; x_wconf 87' lang='grc'><strong>56,</strong></span> <span class='ocrx_word' id='word_1_315' title='bbox 966 3454 1212 3504; x_wconf 86' lang='lat' dir='ltr'><strong>testatur</strong></span> <span class='ocrx_word' id='word_1_316' title='bbox 1236 3465 1295 3504; x_wconf 80' lang='lat' dir='ltr'><strong>se</strong></span> <span class='ocrx_word' id='word_1_317' title='bbox 1321 3447 1506 3505; x_wconf 69' lang='lat' dir='ltr'><strong>adhuc</strong></span> <span class='ocrx_word' id='word_1_318' title='bbox 1531 3446 1759 3517; x_wconf 77' lang='lat' dir='ltr'><strong>nescire,</strong></span> <span class='ocrx_word' id='word_1_319' title='bbox 1790 3446 1932 3521; x_wconf 91' lang='lat' dir='ltr'><strong>quid</strong></span> <span class='ocrx_word' id='word_1_320' title='bbox 1960 3446 2035 3504; x_wconf 90' lang='lat' dir='ltr'><strong>sit</strong></span> <span class='ocrx_word' id='word_1_321' title='bbox 2063 3444 2451 3504; x_wconf 84' lang='lat' dir='ltr'><strong>statuendum.</strong></span> 
     </span>
    </p>

    <p class='ocr_par' dir='ltr' id='par_1_8' title="bbox 321 3490 2785 4457">
     <span class='ocr_line' id='line_1_35' title="bbox 464 3490 2784 3600; baseline 0 -19"><span class='ocrx_word' id='word_1_322' title='bbox 464 3525 550 3582; x_wconf 92' lang='lat' dir='ltr'><strong>II.</strong></span> <span class='ocrx_word' id='word_1_323' title='bbox 581 3524 694 3598; x_wconf 84' lang='lat' dir='ltr'><strong>Qui</strong></span> <span class='ocrx_word' id='word_1_324' title='bbox 721 3490 1063 3584; x_wconf 59' lang='lat' dir='ltr'><strong>sententiam</strong></span> <span class='ocrx_word' id='word_1_325' title='bbox 1084 3524 1156 3583; x_wconf 90' lang='lat' dir='ltr'><strong>de</strong></span> <span class='ocrx_word' id='word_1_326' title='bbox 1177 3523 1438 3582; x_wconf 84' lang='lat' dir='ltr'><strong>Traduce</strong></span> <span class='ocrx_word' id='word_1_327' title='bbox 1467 3532 1801 3600; x_wconf 86' lang='lat' dir='ltr'><strong>sequuntur,</strong></span> <span class='ocrx_word' id='word_1_328' title='bbox 1820 3542 1937 3582; x_wconf 89' lang='lat' dir='ltr'><strong>non</strong></span> <span class='ocrx_word' id='word_1_329' title='bbox 1957 3543 2158 3581; x_wconf 89' lang='lat' dir='ltr'><strong>omnes</strong></span> <span class='ocrx_word' id='word_1_330' title='bbox 2178 3521 2331 3582; x_wconf 91' lang='lat' dir='ltr'><strong>idem</strong></span> <span class='ocrx_word' id='word_1_331' title='bbox 2350 3523 2606 3582; x_wconf 86' lang='lat' dir='ltr'><strong>sentiunt</strong></span> <span class='ocrx_word' id='word_1_332' title='bbox 2622 3531 2680 3583; x_wconf 88' lang='lat' dir='ltr'><strong>et</strong></span> <span class='ocrx_word' id='word_1_333' title='bbox 2697 3524 2784 3581; x_wconf 88' lang='lat' dir='ltr'><strong>lo-</strong></span> 
     </span>
     <span class='ocr_line' id='line_1_36' title="bbox 382 3601 2785 3696; baseline -0.001 -34"><span class='ocrx_word' id='word_1_334' title='bbox 382 3611 656 3681; x_wconf 86' lang='lat' dir='ltr'><strong>quuntur.</strong></span> <span class='ocrx_word' id='word_1_335' title='bbox 741 3603 988 3696; x_wconf 82' lang='lat' dir='ltr'><strong>Quidam</strong></span> <span class='ocrx_word' id='word_1_336' title='bbox 1015 3605 1222 3663; x_wconf 81' lang='lat' dir='ltr'><strong>volunt</strong></span> <span class='ocrx_word' id='word_1_337' title='bbox 1249 3603 1498 3661; x_wconf 86' lang='lat' dir='ltr'><strong>animam</strong></span> <span class='ocrx_word' id='word_1_338' title='bbox 1524 3623 1600 3660; x_wconf 84' lang='lat' dir='ltr'><strong>ex</strong></span> <span class='ocrx_word' id='word_1_339' title='bbox 1627 3608 1931 3679; x_wconf 89' lang='lat' dir='ltr'><strong>parentum</strong></span> <span class='ocrx_word' id='word_1_340' title='bbox 1974 3602 2189 3660; x_wconf 90' lang='lat' dir='ltr'><strong>semine</strong></span> <span class='ocrx_word' id='word_1_341' title='bbox 2228 3601 2471 3676; x_wconf 90' lang='lat' dir='ltr'><strong>traduci,</strong></span> <span class='ocrx_word' id='word_1_342' title='bbox 2516 3610 2575 3659; x_wconf 89' lang='lat' dir='ltr'><strong>et</strong></span> <span class='ocrx_word' id='word_1_343' title='bbox 2615 3602 2785 3660; x_wconf 89' lang='lat' dir='ltr'><strong>educi</strong></span> 
     </span>
     <span class='ocr_line' id='line_1_37' title="bbox 383 3679 2779 3777; baseline -0.001 -36"><span class='ocrx_word' id='word_1_344' title='bbox 383 3703 460 3741; x_wconf 84' lang='lat' dir='ltr'><strong>ex</strong></span> <span class='ocrx_word' id='word_1_345' title='bbox 466 3683 745 3777; x_wconf 45' lang='lat' dir='ltr'><strong>..potentia</strong></span> <span class='ocrx_word' id='word_1_346' title='bbox 769 3683 1064 3742; x_wconf 82' lang='lat' dir='ltr'><strong>materiae.</strong></span> <span class='ocrx_word' id='word_1_347' title='bbox 1137 3683 1254 3742; x_wconf 83' lang='lat' dir='ltr'><strong>Sed</strong></span> <span class='ocrx_word' id='word_1_348' title='bbox 1279 3683 1404 3741; x_wconf 80' lang='lat' dir='ltr'><strong>haec</strong></span> <span class='ocrx_word' id='word_1_349' title='bbox 1431 3691 1498 3740; x_wconf 94' lang='lat' dir='ltr'><strong>ut</strong></span> <span class='ocrx_word' id='word_1_350' title='bbox 1523 3681 1717 3739; x_wconf 87' lang='lat' dir='ltr'><strong>minus</strong></span> <span class='ocrx_word' id='word_1_351' title='bbox 1744 3679 2074 3739; x_wconf 84' lang='lat' dir='ltr'><strong>verisimilis</strong></span> <span class='ocrx_word' id='word_1_352' title='bbox 2100 3699 2137 3736; x_wconf 87' lang='lat' dir='ltr'><strong>a</strong></span> <span class='ocrx_word' id='word_1_353' title='bbox 2170 3679 2461 3757; x_wconf 86' lang='lat' dir='ltr'><strong>plerisque</strong></span> <span class='ocrx_word' id='word_1_354' title='bbox 2504 3679 2779 3756; x_wconf 88' lang='lat' dir='ltr'><strong>rejicitur,</strong></span> 
     </span>
     <span class='ocr_line' id='line_1_38' title="bbox 383 3758 2779 3840; baseline -0.002 -19"><span class='ocrx_word' id='word_1_355' title='bbox 383 3763 522 3839; x_wconf 90' lang='lat' dir='ltr'><strong>quia</strong></span> <span class='ocrx_word' id='word_1_356' title='bbox 548 3762 598 3821; x_wconf 89' lang='lat' dir='ltr'><strong>si</strong></span> <span class='ocrx_word' id='word_1_357' title='bbox 623 3761 901 3840; x_wconf 90' lang='lat' dir='ltr'><strong>penderet</strong></span> <span class='ocrx_word' id='word_1_358' title='bbox 927 3783 963 3821; x_wconf 90' lang='lat' dir='ltr'><strong>a</strong></span> <span class='ocrx_word' id='word_1_359' title='bbox 979 3763 1194 3822; x_wconf 84' lang='lat' dir='ltr'><strong>virtute</strong></span> <span class='ocrx_word' id='word_1_360' title='bbox 1233 3761 1485 3836; x_wconf 89' lang='lat' dir='ltr'><strong>seminis,</strong></span> <span class='ocrx_word' id='word_1_361' title='bbox 1537 3768 1598 3818; x_wconf 90' lang='lat' dir='ltr'><strong>et</strong></span> <span class='ocrx_word' id='word_1_362' title='bbox 1638 3779 1913 3836; x_wconf 86' lang='lat' dir='ltr'><strong>corporea</strong></span> <span class='ocrx_word' id='word_1_363' title='bbox 1955 3766 2125 3833; x_wconf 89' lang='lat' dir='ltr'><strong>esset,</strong></span> <span class='ocrx_word' id='word_1_364' title='bbox 2172 3767 2231 3819; x_wconf 88' lang='lat' dir='ltr'><strong>et</strong></span> <span class='ocrx_word' id='word_1_365' title='bbox 2278 3758 2628 3836; x_wconf 87' lang='lat' dir='ltr'><strong>corruptioni</strong></span> <span class='ocrx_word' id='word_1_366' title='bbox 2677 3759 2779 3817; x_wconf 89' lang='lat' dir='ltr'><strong>ob·</strong></span> 
     </span>
     <span class='ocr_line' id='line_1_39' title="bbox 381 3837 2780 3917; baseline -0.002 -17"><span class='ocrx_word' id='word_1_367' title='bbox 381 3841 578 3900; x_wconf 86' lang='lat' dir='ltr'><strong>noxia.</strong></span> <span class='ocrx_word' id='word_1_368' title='bbox 662 3841 786 3900; x_wconf 90' lang='lat' dir='ltr'><strong>Alii</strong></span> <span class='ocrx_word' id='word_1_369' title='bbox 814 3844 1020 3901; x_wconf 86' lang='lat' dir='ltr'><strong>volunt</strong></span> <span class='ocrx_word' id='word_1_370' title='bbox 1047 3863 1174 3902; x_wconf 86' lang='lat' dir='ltr'><strong>esse</strong></span> <span class='ocrx_word' id='word_1_371' title='bbox 1203 3842 1276 3900; x_wconf 86' lang='lat' dir='ltr'><strong>ab</strong></span> <span class='ocrx_word' id='word_1_372' title='bbox 1305 3841 1497 3899; x_wconf 89' lang='lat' dir='ltr'><strong>anima</strong></span> <span class='ocrx_word' id='word_1_373' title='bbox 1521 3840 1703 3917; x_wconf 86' lang='lat' dir='ltr'><strong>patris</strong></span> <span class='ocrx_word' id='word_1_374' title='bbox 1730 3859 1834 3917; x_wconf 89' lang='lat' dir='ltr'><strong>per</strong></span> <span class='ocrx_word' id='word_1_375' title='bbox 1858 3837 2173 3914; x_wconf 87' lang='lat' dir='ltr'><strong>traducem,</strong></span> <span class='ocrx_word' id='word_1_376' title='bbox 2218 3837 2391 3897; x_wconf 88' lang='lat' dir='ltr'><strong>modo</strong></span> <span class='ocrx_word' id='word_1_377' title='bbox 2434 3847 2627 3898; x_wconf 90' lang='lat' dir='ltr'><strong>tamen</strong></span> <span class='ocrx_word' id='word_1_378' title='bbox 2675 3838 2780 3896; x_wconf 87' lang='lat' dir='ltr'><strong>im-</strong></span> 
     </span>
     <span class='ocr_line' id='line_1_40' title="bbox 381 3917 2778 3998; baseline -0.002 -18"><span class='ocrx_word' id='word_1_379' title='bbox 381 3922 800 3997; x_wconf 86' lang='lat' dir='ltr'><strong>perscrutabili,</strong></span> <span class='ocrx_word' id='word_1_380' title='bbox 845 3930 905 3981; x_wconf 90' lang='lat' dir='ltr'><strong>et</strong></span> <span class='ocrx_word' id='word_1_381' title='bbox 945 3922 1115 3980; x_wconf 88' lang='lat' dir='ltr'><strong>nobis</strong></span> <span class='ocrx_word' id='word_1_382' title='bbox 1157 3920 1471 3998; x_wconf 88' lang='lat' dir='ltr'><strong>incognito,</strong></span> <span class='ocrx_word' id='word_1_383' title='bbox 1524 3928 1590 3978; x_wconf 91' lang='lat' dir='ltr'><strong>ut</strong></span> <span class='ocrx_word' id='word_1_384' title='bbox 1632 3920 1833 3978; x_wconf 82' lang='lat' dir='ltr'><strong>Jacob.</strong></span> <span class='ocrx_word' id='word_1_385' title='bbox 1884 3919 2209 3994; x_wconf 76' lang='lat' dir='ltr'><strong>Martinius,</strong></span> <span class='ocrx_word' id='word_1_386' title='bbox 2259 3918 2359 3976; x_wconf 92' lang='lat' dir='ltr'><strong>lib.</strong></span> <span class='ocrx_word' id='word_1_387' title='bbox 2406 3917 2489 3976; x_wconf 86' lang='lat' dir='ltr'><strong>iii.</strong></span> <span class='ocrx_word' id='word_1_388' title='bbox 2539 3918 2778 3976; x_wconf 88' lang='lat' dir='ltr'><strong>miscell.</strong></span> 
     </span>
     <span class='ocr_line' id='line_1_41' title="bbox 383 3997 2783 4078; baseline -0.001 -19"><span class='ocrx_word' id='word_1_389' title='bbox 383 4009 586 4076; x_wconf 67' lang='lat' dir='ltr'><strong>quaest.</strong></span> <span class='ocrx_word' id='word_1_390' title='bbox 617 4001 764 4078; x_wconf 89' lang='lat' dir='ltr'><strong>disp.</strong></span> <span class='ocrx_word' id='word_1_391' title='bbox 797 4005 852 4060; x_wconf 86' lang='grc'><strong>7.</strong></span> <span class='ocrx_word' id='word_1_392' title='bbox 936 4001 1061 4059; x_wconf 84' lang='grc' dir='ltr'><strong>ΑΙίἱ</strong></span> <span class='ocrx_word' id='word_1_393' title='bbox 1089 3999 1438 4078; x_wconf 86' lang='lat' dir='ltr'><strong>pertendunt</strong></span> <span class='ocrx_word' id='word_1_394' title='bbox 1463 3999 1715 4058; x_wconf 86' lang='lat' dir='ltr'><strong>animam</strong></span> <span class='ocrx_word' id='word_1_395' title='bbox 1742 3998 1923 4076; x_wconf 87' lang='lat' dir='ltr'><strong>patris</strong></span> <span class='ocrx_word' id='word_1_396' title='bbox 1949 4017 2249 4076; x_wconf 84' lang='lat' dir='ltr'><strong>procreare</strong></span> <span class='ocrx_word' id='word_1_397' title='bbox 2276 3998 2525 4057; x_wconf 89' lang='lat' dir='ltr'><strong>animam</strong></span> <span class='ocrx_word' id='word_1_398' title='bbox 2553 3997 2657 4055; x_wconf 84' lang='lat' dir='ltr'><strong>filii</strong></span> <span class='ocrx_word' id='word_1_399' title='bbox 2705 4018 2783 4056; x_wconf 86' lang='lat' dir='ltr'><strong>ex</strong></span> 
     </span>
     <span class='ocr_line' id='line_1_42' title="bbox 321 4077 2779 4157; baseline -0.002 -18"><span class='ocrx_word' id='word_1_400' title='bbox 321 4087 324 4094; x_wconf 88' lang='lat'>&#39;</span> <span class='ocrx_word' id='word_1_401' title='bbox 383 4081 601 4139; x_wconf 85' lang='lat' dir='ltr'><strong>semine</strong></span> <span class='ocrx_word' id='word_1_402' title='bbox 629 4080 878 4156; x_wconf 85' lang='lat' dir='ltr'><strong>quodam</strong></span> <span class='ocrx_word' id='word_1_403' title='bbox 909 4080 1190 4157; x_wconf 86' lang='lat' dir='ltr'><strong>spirituali</strong></span> <span class='ocrx_word' id='word_1_404' title='bbox 1219 4089 1277 4140; x_wconf 85' lang='lat' dir='ltr'><strong>et</strong></span> <span class='ocrx_word' id='word_1_405' title='bbox 1314 4080 1669 4156; x_wconf 88' lang='lat' dir='ltr'><strong>incorporeo,</strong></span> <span class='ocrx_word' id='word_1_406' title='bbox 1718 4087 1786 4138; x_wconf 91' lang='grc' dir='ltr'><strong>ιιι</strong></span> <span class='ocrx_word' id='word_1_407' title='bbox 1816 4079 2053 4137; x_wconf 74' lang='grc' dir='ltr'><strong>Τι’πιοεΙι.</strong></span> <span class='ocrx_word' id='word_1_408' title='bbox 2082 4079 2371 4154; x_wconf 66' lang='grc' dir='ltr'><strong>Βήριὴω.</strong></span> <span class='ocrx_word' id='word_1_409' title='bbox 2456 4077 2581 4136; x_wconf 88' lang='lat' dir='ltr'><strong>Alii</strong></span> <span class='ocrx_word' id='word_1_410' title='bbox 2619 4077 2779 4135; x_wconf 88' lang='lat' dir='ltr'><strong>deni-</strong></span> 
     </span>
     <span class='ocr_line' id='line_1_43' title="bbox 381 4157 2779 4237; baseline -0.002 -19"><span class='ocrx_word' id='word_1_411' title='bbox 381 4179 514 4236; x_wconf 89' lang='lat' dir='ltr'><strong>que,</strong></span> <span class='ocrx_word' id='word_1_412' title='bbox 544 4179 674 4237; x_wconf 61' lang='lat' dir='ltr'><strong>quae</strong></span> <span class='ocrx_word' id='word_1_413' title='bbox 703 4159 1058 4219; x_wconf 87' lang='lat' dir='ltr'><strong>communior</strong></span> <span class='ocrx_word' id='word_1_414' title='bbox 1101 4168 1189 4219; x_wconf 87' lang='lat' dir='ltr'><strong>est</strong></span> <span class='ocrx_word' id='word_1_415' title='bbox 1234 4159 1535 4234; x_wconf 87' lang='lat' dir='ltr'><strong>sententia,</strong></span> <span class='ocrx_word' id='word_1_416' title='bbox 1583 4167 1839 4234; x_wconf 87' lang='lat' dir='ltr'><strong>censent,</strong></span> <span class='ocrx_word' id='word_1_417' title='bbox 1887 4158 2137 4217; x_wconf 85' lang='lat' dir='ltr'><strong>animam</strong></span> <span class='ocrx_word' id='word_1_418' title='bbox 2180 4157 2405 4216; x_wconf 87' lang='lat' dir='ltr'><strong>traduci</strong></span> <span class='ocrx_word' id='word_1_419' title='bbox 2450 4157 2524 4215; x_wconf 87' lang='lat' dir='ltr'><strong>ab</strong></span> <span class='ocrx_word' id='word_1_420' title='bbox 2572 4157 2779 4232; x_wconf 86' lang='lat' dir='ltr'><strong>anima,</strong></span> 
     </span>
     <span class='ocr_line' id='line_1_44' title="bbox 382 4236 2784 4333; baseline -0.001 -37"><span class='ocrx_word' id='word_1_421' title='bbox 382 4258 500 4297; x_wconf 89' lang='lat' dir='ltr'><strong>non</strong></span> <span class='ocrx_word' id='word_1_422' title='bbox 552 4259 666 4333; x_wconf 90' lang='lat' dir='ltr'><strong>per</strong></span> <span class='ocrx_word' id='word_1_423' title='bbox 698 4239 1046 4298; x_wconf 87' lang='lat' dir='ltr'><strong>decisionem</strong></span> <span class='ocrx_word' id='word_1_424' title='bbox 1087 4247 1146 4298; x_wconf 91' lang='lat' dir='ltr'><strong>et</strong></span> <span class='ocrx_word' id='word_1_425' title='bbox 1201 4239 1570 4316; x_wconf 85' lang='lat' dir='ltr'><strong>partitionem</strong></span> <span class='ocrx_word' id='word_1_426' title='bbox 1611 4238 1820 4296; x_wconf 69' lang='lat' dir='ltr'><strong>animas</strong></span> <span class='ocrx_word' id='word_1_427' title='bbox 1860 4246 2132 4316; x_wconf 71' lang='lat' dir='ltr'><strong>paternae,</strong></span> <span class='ocrx_word' id='word_1_428' title='bbox 2176 4236 2280 4296; x_wconf 87' lang='lat' dir='ltr'><strong>sed</strong></span> <span class='ocrx_word' id='word_1_429' title='bbox 2318 4236 2492 4296; x_wconf 87' lang='lat' dir='ltr'><strong>modo</strong></span> <span class='ocrx_word' id='word_1_430' title='bbox 2533 4237 2784 4312; x_wconf 84' lang='lat' dir='ltr'><strong>quodam</strong></span> 
     </span>
     <span class='ocr_line' id='line_1_45' title="bbox 383 4316 2784 4411; baseline -0 -36"><span class='ocrx_word' id='word_1_431' title='bbox 383 4318 686 4411; x_wconf 80' lang='lat' dir='ltr'><strong>spirituali,</strong></span> <span class='ocrx_word' id='word_1_432' title='bbox 717 4327 783 4377; x_wconf 89' lang='lat' dir='ltr'><strong>ut</strong></span> <span class='ocrx_word' id='word_1_433' title='bbox 807 4318 1005 4377; x_wconf 89' lang='lat' dir='ltr'><strong>lumen</strong></span> <span class='ocrx_word' id='word_1_434' title='bbox 1032 4319 1366 4378; x_wconf 87' lang='lat' dir='ltr'><strong>accenditur</strong></span> <span class='ocrx_word' id='word_1_435' title='bbox 1390 4317 1464 4377; x_wconf 89' lang='lat' dir='ltr'><strong>de</strong></span> <span class='ocrx_word' id='word_1_436' title='bbox 1490 4318 1728 4378; x_wconf 89' lang='lat' dir='ltr'><strong>lumine.</strong></span> <span class='ocrx_word' id='word_1_437' title='bbox 1816 4317 1913 4377; x_wconf 86' lang='lat' dir='ltr'><strong>Sic</strong></span> <span class='ocrx_word' id='word_1_438' title='bbox 1940 4318 2174 4377; x_wconf 72' lang='lat' dir='ltr'><strong>Baltha.</strong></span> <span class='ocrx_word' id='word_1_439' title='bbox 2202 4317 2536 4392; x_wconf 71' lang='lat' dir='ltr'><strong>Meisnerus,</strong></span> <span class='ocrx_word' id='word_1_440' title='bbox 2566 4325 2626 4375; x_wconf 90' lang='lat' dir='ltr'><strong>et</strong></span> <span class='ocrx_word' id='word_1_441' title='bbox 2661 4316 2784 4394; x_wconf 89' lang='lat' dir='ltr'><strong>ple-</strong></span> 
     </span>
     <span class='ocr_line' id='line_1_46' title="bbox 381 4397 912 4457; baseline 0.002 -1"><span class='ocrx_word' id='word_1_442' title='bbox 381 4397 432 4456; x_wconf 89' lang='lat' dir='ltr'><strong>ri</strong></span> <span class='ocrx_word' id='word_1_443' title='bbox 475 4417 548 4456; x_wconf 90' lang='lat' dir='ltr'><strong>ue</strong></span> <span class='ocrx_word' id='word_1_444' title='bbox 578 4398 912 4457; x_wconf 86' lang='lat' dir='ltr'><strong>Lutherani.</strong></span> 
     </span>
    </p>

    <p class='ocr_par' dir='ltr' id='par_1_9' title="bbox 435 4417 2785 4537">
     <span class='ocr_line' id='line_1_47' title="bbox 435 4417 2785 4537; baseline -0.003 -2"><span class='ocrx_word' id='word_1_445' title='bbox 435 4417 474 4475; x_wconf 73' lang='lat' dir='ltr'><strong>q</strong></span> <span class='ocrx_word' id='word_1_446' title='bbox 991 4476 1113 4537; x_wconf 90' lang='lat' dir='ltr'><strong>III.</strong></span> <span class='ocrx_word' id='word_1_447' title='bbox 1157 4478 1280 4536; x_wconf 89' lang='lat' dir='ltr'><strong>Nos</strong></span> <span class='ocrx_word' id='word_1_448' title='bbox 1301 4496 1440 4535; x_wconf 84' lang='lat' dir='ltr'><strong>vcro</strong></span> <span class='ocrx_word' id='word_1_449' title='bbox 1460 4476 1822 4535; x_wconf 88' lang='lat' dir='ltr'><strong>Creationem</strong></span> <span class='ocrx_word' id='word_1_450' title='bbox 1844 4475 2048 4534; x_wconf 79' lang='lat' dir='ltr'><strong>animoe</strong></span> <span class='ocrx_word' id='word_1_451' title='bbox 2077 4475 2161 4535; x_wconf 91' lang='lat' dir='ltr'><strong>sic</strong></span> <span class='ocrx_word' id='word_1_452' title='bbox 2182 4474 2550 4535; x_wconf 87' lang='lat' dir='ltr'><strong>adstruimus.</strong></span> <span class='ocrx_word' id='word_1_453' title='bbox 2612 4476 2663 4530; x_wconf 90' lang='lat'><strong>1.</strong></span> <span class='ocrx_word' id='word_1_454' title='bbox 2690 4473 2785 4530; x_wconf 81' lang='lat' dir='ltr'><strong>Ex</strong></span> 
     </span>
    </p>
   </div>
   <div class='ocr_carea' id='block_1_7' title="bbox 421 4541 2784 4712">
    <p class='ocr_par' dir='ltr' id='par_1_10' title="bbox 421 4541 2784 4712">
     <span class='ocr_line' id='line_1_48' title="bbox 421 4541 2784 4659; baseline -0.004 -41"><span class='ocrx_word' id='word_1_455' title='bbox 421 4541 820 4659; x_wconf 45' lang='grc' dir='ltr'><strong>Δξῐξοξξζῑξιξᾶο</strong></span> <span class='ocrx_word' id='word_1_456' title='bbox 913 4556 1230 4616; x_wconf 80' lang='lat' dir='ltr'><strong>Oreatiom‘s</strong></span> <span class='ocrx_word' id='word_1_457' title='bbox 1271 4558 1439 4633; x_wconf 73' lang='lat' dir='ltr'><strong>Leqe,</strong></span> <span class='ocrx_word' id='word_1_458' title='bbox 1486 4560 1544 4614; x_wconf 80' lang='lat'><strong>2.</strong></span> <span class='ocrx_word' id='word_1_459' title='bbox 1589 4556 1903 4631; x_wconf 74' lang='lat' dir='ltr'><strong>Scripmrae</strong></span> <span class='ocrx_word' id='word_1_460' title='bbox 1947 4555 2281 4630; x_wconf 77' lang='lat' dir='ltr'><strong>testimoniis,</strong></span> <span class='ocrx_word' id='word_1_461' title='bbox 2328 4557 2385 4613; x_wconf 87' lang='grc'><strong>3.</strong></span> <span class='ocrx_word' id='word_1_462' title='bbox 2434 4551 2784 4611; x_wconf 62' lang='lat' dir='ltr'><strong>Rasomzus.</strong></span> 
     </span>
     <span class='ocr_line' id='line_1_49' title="bbox 917 4631 2784 4712; baseline -0.004 -18"><span class='ocrx_word' id='word_1_463' title='bbox 917 4639 970 4696; x_wconf 89' lang='lat'><strong>1.</strong></span> <span class='ocrx_word' id='word_1_464' title='bbox 1002 4637 1098 4696; x_wconf 86' lang='lat' dir='ltr'><strong>Ex</strong></span> <span class='ocrx_word' id='word_1_465' title='bbox 1129 4636 1446 4695; x_wconf 61' lang='lat' dir='ltr'><strong>Creatiomh</strong></span> <span class='ocrx_word' id='word_1_466' title='bbox 1475 4637 1643 4712; x_wconf 74' lang='lat' dir='ltr'><strong>Leqe,</strong></span> <span class='ocrx_word' id='word_1_467' title='bbox 1679 4634 1829 4708; x_wconf 88' lang='lat' dir='ltr'><strong>Quia</strong></span> <span class='ocrx_word' id='word_1_468' title='bbox 1856 4633 2059 4694; x_wconf 85' lang='lat' dir='ltr'><strong>eadem</strong></span> <span class='ocrx_word' id='word_1_469' title='bbox 2086 4634 2261 4692; x_wconf 88' lang='lat' dir='ltr'><strong>debet</strong></span> <span class='ocrx_word' id='word_1_470' title='bbox 2304 4633 2467 4709; x_wconf 85' lang='lat' dir='ltr'><strong>origo</strong></span> <span class='ocrx_word' id='word_1_471' title='bbox 2493 4650 2621 4689; x_wconf 88' lang='lat' dir='ltr'><strong>esse</strong></span> <span class='ocrx_word' id='word_1_472' title='bbox 2664 4631 2784 4688; x_wconf 88' lang='lat' dir='ltr'><strong>ani·</strong></span> 
     </span>
    </p>
   </div>
  </div>
 </body>
</html>
