3300 5225
44 413 60 520 *-

345 330 567 384 Quaes‘r.
598 312 735 395 xm]
1341 336 1419 377 ns
1448 336 1791 379 somnum.
2637 324 2748 385 109

346 472 677 631 τίωἷὲοὶῐρῒί
740 492 893 551 saepe
958 472 1109 547 infra
1163 471 1593 535 Translationes
1639 474 1994 555 deprimitur,
2046 475 2184 536 dum
2225 477 2398 537 lectio
2444 479 2574 559 ejus
2621 481 2752 541 aliis

342 572 450 631 pos
552 572 611 611 m
678 573 724 611 r.

428 632 514 692 X.
556 636 613 691 4.
654 632 719 691 Si
746 651 863 691 non
890 630 1152 691 adstricti
1180 651 1377 693 sumus
1405 633 1481 692 ad
1504 633 1812 693 lectionem
1839 634 2176 694 hodiernam
2203 636 2428 696 Textus
2451 637 2747 715 Hebraici,
2847 696 2850 699 ,

346 712 450 771 sed
477 732 617 771 vera
654 712 829 771 lectio
870 712 1200 771 authentica
1235 713 1485 789 petenda
1511 723 1599 774 est
1638 713 1849 792 partim
1876 735 1952 773 ex
1979 715 2284 775 collatione
2312 726 2572 776 veterum
2603 718 2747 777 Ver-

345 790 589 867 sionum,
620 792 830 869 partim
857 811 933 850 ex
960 800 1277 850 nostromet
1295 793 1519 871 judicio
1546 802 1605 853 et
1629 793 1902 854 facultate
1923 799 2260 875 στοχκστικξῖ,
2289 803 2354 855 ut
2381 797 2576 856 nullus
2602 797 2752 857 alius

348 872 549 931 Canon
602 870 867 930 lectionis
914 870 1259 929 authenticas
1306 873 1399 947 sit,
1448 892 1621 949 quam
1666 874 2019 933 commodior
2062 894 2266 933 sensus
2313 876 2415 953 qui
2457 876 2626 935 nobis
2669 878 2752 936 ita

344 951 611 1026 videtur3
656 950 1005 1009 Constitutio
1044 950 1309 1009 lectionis
1350 952 1694 1011 authenticae
1735 954 1845 1011 erit
1883 953 2118 1013 humani
2159 954 2396 1030 arbitrii,
2428 963 2486 1013 et
2511 955 2752 1015 rationis

346 1050 509 1108 opus,
538 1050 655 1088 non
687 1030 937 1107 Spiritus
968 1030 1027 1088 S.
1099 1028 1273 1088 Ratio
1300 1030 1553 1089 humana
1578 1031 1639 1087 in
1667 1050 1797 1090 arce
1825 1032 2215 1109 collocabitur,
2247 1041 2306 1092 et
2331 1054 2438 1111 pro
2465 1054 2667 1094 norma
2693 1044 2752 1095 et

345 1110 627 1189 principio
652 1108 789 1168 fidei
816 1128 947 1168 cum
980 1108 1302 1168 Socinianis
1328 1110 1439 1168 erit
1463 1109 1748 1168 habenda.

428 1189 549 1249 XI.
595 1192 651 1248 5.
698 1189 763 1247 Si
791 1189 1167 1266 Conjecturas
1198 1188 1335 1247 licet
1360 1188 1547 1248 facere
1576 1190 1638 1246 in
1665 1190 1858 1248 Textu
1887 1210 2067 1265 sacro,
2098 1189 2272 1249 etiam
2299 1210 2476 1267 quum
2507 1192 2752 1252 Codices

254 1276 299 1323 ο
350 1268 585 1329 Hebraei
628 1287 759 1327 cum
787 1267 1169 1327 Versionibus
1206 1267 1588 1343 consentiunt,
1620 1275 1686 1327 ut
1721 1268 1798 1326 V.
1830 1267 1906 1327 D.
1949 1269 2030 1327 ait
2071 1270 2232 1327 Criti.
2277 1269 2378 1328 lib.
2423 1272 2477 1344 6,
2523 1291 2648 1349 cap.
2691 1275 2748 1347 8,

346 1368 544 1427 parag.
578 1351 670 1422 17,
714 1347 875 1406 nullo
916 1347 1163 1424 amplius
1204 1347 1416 1423 poterit
1446 1366 1573 1405 esse
1602 1346 1886 1406 certitudo
1912 1350 2154 1413 αὖθιηίις
2182 1348 2404 1407 Textus
2439 1350 2602 1424 sacri,
2649 1351 2752 1409 sed

346 1428 525 1487 dubia
552 1426 744 1485 omnia
770 1434 831 1485 et
854 1427 1074 1485 incerta
1099 1426 1428 1502 reddentur,
1468 1435 1529 1485 et
1567 1426 1780 1504 privati
1821 1428 2100 1505 cujusque
2131 1427 2488 1504 Conjectoris
2515 1429 2754 1488 arbitrio

347 1507 570 1567 Textus
608 1526 770 1565 sacer
810 1506 1181 1583 subjicietur;
1224 1506 1383 1583 quod
1425 1526 1619 1565 annon
1662 1507 1738 1565 sit
1781 1507 1938 1564 omni
1978 1506 2324 1566 authoritate
2367 1526 2498 1565 eum
2539 1527 2752 1569 exuere

346 1587 539 1663 quivis
581 1586 851 1645 cordatus
888 1583 1057 1643 facile
1098 1586 1379 1662 agnoscit.
1465 1586 1587 1645 Nec
1614 1585 1814 1664 reponi
1856 1585 2044 1663 debet,
2077 1586 2452 1664 Conjccturas
2480 1606 2596 1645 non
2625 1608 2752 1648 esse

347 1665 732 1725 admittendas
752 1665 865 1723 nisi
885 1664 1056 1724 certis
1076 1664 1396 1725 rationibus
1417 1673 1476 1724 et
1494 1665 1852 1743 argumentis
1872 1666 2145 1741 nitantur,
2171 1675 2229 1726 et
2251 1665 2750 1728 demonstrentur:

344 1764 523 1823 quum
550 1745 722 1804 lectio
748 1752 979 1821 recepta
1005 1763 1238 1803 sensum
1266 1744 1456 1804 fundit
1480 1745 1579 1804 vel
1617 1744 1828 1805 falsum
1855 1754 1915 1805 et
1941 1745 2272 1821 absurdum,
2303 1746 2401 1803 vel
2427 1746 2666 1806 dubium
2693 1757 2754 1808 et

342 1824 757 1903 perturbatum.
842 1824 993 1883 Nam
1036 1842 1205 1884 nemo
1248 1824 1359 1882 erit
1400 1824 1501 1901 qui
1546 1824 1798 1885 rationes
1846 1826 2320 1885 Con‘eeturarum
2362 1845 2592 1885 suarum
2633 1847 2751 1885 non

342 1913 509 1983 putet
529 1924 591 1963 se
611 1903 851 1962 reddere
877 1921 1064 1980 posse,
1096 1910 1156 1961 et
1180 1902 1282 1979 qui
1306 1902 1611 1962 lectionem
1640 1924 1814 1980 quam
1841 1924 1950 1963 con
1993 1924 2128 1981 gere
2157 1904 2370 1981 satagit
2395 1904 2665 1965 falsitatis
2691 1915 2752 1965 et

344 1982 717 2043 absurditatis
744 2001 861 2040 non
887 1980 1198 2040 insimulet.
1282 1981 1426 2055 Quis
1454 1982 1822 2041 vero·Judex
1863 1984 2073 2060 poterit
2099 2003 2226 2043 esse
2255 1984 2492 2043 istarum
2522 1986 2748 2063 conjec-

343 2070 619 2136 turarum,
650 2080 727 2119 an
764 2068 921 2119 recte
952 2068 1013 2118 et
1038 2079 1175 2119 vere
1217 2058 1333 2119 sint
1373 2059 1585 2118 factae?
1666 2060 1754 2120 At
1793 2062 1918 2121 sine
1944 2062 2158 2122 Judiee
2198 2071 2490 2139 perpetuae
2515 2064 2650 2123 lites
2690 2074 2750 2124 et

343 2141 743 2202 contentiones
782 2139 933 2196 inter
976 2138 1327 2215 Interpretes
1354 2147 1539 2213 erunt,
1569 2137 1710 2197 dum
1737 2140 1981 2217 quisque
2007 2160 2113 2217 pro
2150 2140 2272 2200 suis
2310 2143 2610 2217 pugnabit,
2641 2164 2748 2203 nec

344 2220 490 2279 alias
518 2218 639 2277 suis
664 2216 919 2294 praeferri
955 2216 1223 2293 patietur.
1306 2217 1433 2275 Nee
1462 2217 1513 2275 si
1539 2218 1884 2295 conjecturae
1923 2218 2116 2277 locum
2156 2226 2400 2295 possunt
2439 2220 2650 2279 habere
2687 2224 2748 2280 in

344 2297 613 2359 examine
638 2296 927 2355 variorum
962 2296 1255 2370 Codicum,
1297 2304 1364 2354 ut
1405 2296 1766 2373 expendatur
1803 2316 2068 2375 quaenam
2111 2297 2282 2356 lectio
2326 2298 2530 2355 melior
2573 2300 2650 2358 sit
2690 2310 2750 2360 et

343 2376 794 2451 convenientior,
824 2374 1097 2434 continuo
1116 2375 1487 2436 admittendae
1508 2385 1678 2436 erunt
1697 2376 1840 2450 alise,
1865 2395 1996 2453 quae
2014 2376 2246 2453 proprio
2265 2375 2505 2454 judicio,
2531 2379 2749 2439 nullius

343 2465 538 2518 autem
566 2455 797 2515 Codicis
823 2453 1049 2533 probati
1075 2454 1421 2514 authoritate
1442 2455 1716 2530 nitantur,
1739 2474 1982 2532 quarum
2003 2456 2198 2515 nullus
2217 2474 2358 2515 usus
2379 2474 2507 2515 esse
2533 2464 2742 2535 potest,

342 2536 448 2599 sed
488 2534 805 2595 maximum
852 2534 1171 2614 periculum
1217 2542 1277 2593 et
1320 2542 1477 2594 certa
1523 2534 1946 2612 Scripturarum
1987 2534 2269 2613 pernicies
2313 2554 2388 2594 ex
2435 2554 2649 2614 magna
2687 2545 2747 2597 et

342 2615 547 2677 audaci
586 2615 805 2694 ingenii
844 2615 1081 2674 humani
1121 2616 1583 2693 praesumptione.
1655 2615 1870 2694 ,Neque
1909 2616 2006 2675 hic
2042 2616 2370 2694 exemplum
2413 2615 2742 2676 Authorum

338 2697 707 2774 profanorum
734 2696 886 2754 circa
910 2713 1058 2771 quos
1086 2695 1299 2754 Critica
1324 2702 1516 2771 potest
1540 2695 1720 2754 libere
1748 2704 1809 2754 et
1835 2695 1957 2754 sine
1983 2695 2239 2773 periculo
2267 2696 2522 2754 exerceri
2548 2697 2742 2757 valere

340 2777 531 2836 debet.
602 2775 779 2851 Quasi
801 2774 1003 2833 eadem
1025 2773 1101 2832 sit
1120 2775 1265 2833 ratio
1288 2775 1515 2833 Criticae
1536 2793 1714 2834 sacrae
1735 2782 1795 2834 et
1819 2773 2090 2851 profanae,
2111 2783 2170 2834 et
2189 2775 2506 2834 maximum
2527 2795 2644 2835 non
2665 2777 2743 2838 sit

338 2855 645 2916 discrimen
674 2855 823 2913 inter
850 2853 1063 2930 scripta
1086 2853 1338 2912 humana
1356 2873 1424 2912 ac
1452 2855 1629 2912 errori
1657 2853 1926 2930 obnoxia,
1956 2863 2016 2914 et
2042 2854 2304 2913 divinum
2331 2874 2398 2913 ae
2419 2854 2741 2914 &da-nmo·

337 2937 505 3013 cujus
534 2936 897 2994 sacrosancta
922 2931 1097 2992 debet
1120 2953 1249 2992 esse
1288 2933 1578 3011 majestas,
1607 2933 1767 3011 quod
1798 2941 1962 2992 tanta
1985 2933 2356 2992 veneratione
2393 2933 2504 2993 fuit
2529 2955 2736 3013 excep-

336 3023 478 3090 tum,
524 3021 687 3073 tanta
727 3033 866 3072 cura
907 3021 1325 3088 conservatum,
1376 3019 1538 3073 tanto
1586 3031 1873 3072 consensu
1917 3013 2314 3090 approbatum,
2361 3022 2430 3073 ut
2475 3015 2738 3074 veritatis

336 3095 697 3168 authenticae,
728 3101 789 3152 et
813 3091 991 3151 fontis
1016 3092 1270 3168 elogium
1290 3092 1594 3168 meruerit;
1639 3091 1794 3168 Quid
1811 3112 1950 3152 vero
1967 3093 2069 3151 fiet
2089 3093 2163 3152 de
2184 3092 2395 3153 Codice
2416 3093 2526 3152 hoc
2554 3113 2734 3170 sacr0,

334 3173 387 3234 si
414 3173 601 3232 cuivis
628 3191 791 3249 seque
818 3171 879 3228 in
906 3171 1069 3229 illum
1096 3171 1269 3231 liceat
1288 3171 1611 3232 censorium
1638 3173 1856 3251 stylum
1885 3172 2166 3251 stringere
2193 3179 2254 3234 et
2279 3171 2550 3232 Criticam
2571 3193 2734 3234 exer-

334 3270 483 3327 cere,
513 3271 581 3310 ac
607 3251 669 3308 in
694 3250 935 3328 quosvis
960 3249 1139 3310 libros
1164 3250 1433 3329 profanos
1448 3254 1478 3311 Ρ

415 3331 572 3391 XII.
617 3334 673 3390 6.
721 3329 785 3390 Si
822 3329 986 3389 nulla
1027 3329 1197 3389 datur
1240 3330 1611 3409 praerogitiva
1655 3329 1885 3390 Codicis
1925 3331 2190 3391 hodierni
2238 3331 2518 3391 Hebrai‘ci
2563 3353 2738 3412 supra

332 3419 559 3471 veteres
588 3410 955 3488 Interpretes‚
984 3415 1055 3468 ut
1078 3428 1195 3468 non
1234 3411 1420 3488 major
1462 3411 1537 3469 sit
1575 3409 1844 3470 habenda
1869 3409 2016 3471 ratio
2056 3411 2213 3470 illius
2242 3430 2416 3487 quam
2456 3411 2731 3489 istorum;

330 3491 449 3551 imo
496 3489 741 3550 istorum
785 3489 959 3548 lectio
1006 3488 1362 3566 praeferenda
1406 3489 1484 3549 sit
1522 3507 1640 3547 non
1681 3509 1812 3548 raro
1853 3488 2088 3548 lectioni
2133 3489 2448 3564 hodierum,
2499 3491 2734 3568 quando

330 3571 776 3630 commodiorem
830 3587 1065 3628 sensum
1118 3566 1357 3626 fundere
1402 3567 1668 3642 videtur;
1730 3567 2038 3644 Pei-peram
2094 3567 2490 3626 Protestantes
2537 3577 2736 3627 contra

334 3649 670 3707 Pontificios
712 3647 991 3706 hactenus
1032 3651 1383 3724 pugnarunt,
1420 3653 1489 3704 ut
1523 3644 1748 3704 Textus
1789 3644 2070 3705 Hebraici
2109 3643 2374 3702 hodierni
2415 3646 2594 3704 solius
2633 3667 2732 3706 au-

330 3727 629 3802 thentiam,
660 3745 834 3802 supra
860 3725 1174 3784 Versiones
1213 3741 1587 3801 quascunque
1627 3722 1753 3781 sive
1778 3729 2024 3799 veteres,
2055 3723 2180 3782 sive
2205 3721 2552 3784 recentiores
2580 3745 2733 3785 asse-

330 3813 540 3882 rerent,
586 3826 695 3864 nec
741 3803 953 3881 poterit
998 3823 1093 3862 am
1131 3805 1246 3862 lius
1290 3801 1489 3878 urgeri
1533 3800 1813 3860 adversus
1857 3802 2033 3879 ipsos,
2073 3801 2388 3861 Versiones
2431 3822 2630 3864 omnes
2678 3815 2738 3866 et

330 3885 648 3962 praesertim
675 3883 995 3960 vulgatam
1150 3901 1283 3942 eum
1320 3879 1639 3958 exigendas
1680 3899 1824 3957 esse,
1855 3889 1916 3941 et
1953 3901 2030 3940 ex
2069 3900 2140 3940 eo
2181 3880 2568 3961 corrigendas,
2604 3905 2735 3946 cum

330 3964 506 4024 toties
530 3963 845 4023 Versiones
872 3981 989 4021 non
1014 3960 1189 4020 modo
1214 3961 1303 4019 illi
1330 3960 1770 4038 aequiparentur,
1799 3961 1904 4020 sed
1929 3969 1989 4020 et
2013 3960 2404 4039 praeferantur.

712 4109 723 4120 -
933 4040 1127 4100 XIII.
1172 4040 1356 4100 Aliud
1372 4048 1463 4100 est
1479 4040 1647 4100 varia
1675 4041 1848 4116 lectio,
1880 4040 2066 4101 Aliud
2079 4041 2314 4101 varians
2329 4041 2734 4121 interpretatio.

365 4107 775 4210 F⁰¹¹¹⁵2⁶uff¹¹¹¹²²ffi
852 4121 1205 4198 Interpretes
1231 4129 1541 4199 potuerunt
1566 4120 1759 4180 varias
1785 4121 2284 4198 interpretationes
2305 4121 2442 4181 dare
2465 4145 2481 4198 3
2511 4132 2603 4184 ast
2619 4145 2738 4184 non

621 4197 634 4210 ⁶
850 4201 1109 4278 sequitur
1135 4220 1233 4260 eas
1274 4221 1349 4260 ex
1373 4199 1552 4259 variis
1592 4200 1882 4260 variorum
1911 4200 2190 4262 Codicum
2227 4200 2572 4263 lectionibus
2612 4223 2740 4265 esse

327 4277 630 4359 profectas,
662 4279 767 4338 sed
792 4279 923 4338 aliis
949 4301 1025 4340 ex
1053 4282 1242 4340 causis
1267 4280 1613 4340 memoratis.

410 4357 591 4418 XIV.
632 4359 766 4417 Non
793 4379 1029 4420 necesse
1056 4369 1145 4420 est
1172 4370 1238 4421 ut
1268 4360 1483 4420 Scribae
1509 4360 1728 4420 fuerint
1754 4361 2108 4442 ἀκμάςτητοι,
2137 4360 2188 4420 si
2213 4379 2330 4420 non
2357 4360 2568 4421 dantur
2592 4363 2743 4422 varii

330 4437 573 4498 Codices
602 4438 879 4516 Hebraei3
924 4441 1026 4500 sed
1054 4439 1264 4500 sufficit
1291 4439 1723 4500 Providentiam
1750 4440 1832 4502 ita
1857 4441 2196 4518 invigilasse
2223 4440 2542 4518 integritati
2571 4443 2740 4501 Codi-

329 4518 413 4578 cis
442 4519 772 4596 authentici,
804 4528 871 4580 ut
908 4519 1047 4580 licet
1072 4521 1266 4581 varios
1292 4539 1511 4580 errores
1536 4521 1635 4580 vel
1667 4521 1953 4600 imperitia
1977 4521 2076 4581 vel
2112 4519 2416 4581 oscitantia
2453 4523 2746 4600 potuerint

330 4596 391 4657 in
418 4595 671 4660 Textum
699 4619 928 4662 sacrum
954 4600 1242 4676 inducere,
1272 4621 1389 4660 non
1428 4599 1763 4662 induxerint
1798 4610 2013 4678 tamen,
2043 4601 2142 4661 vel
2169 4621 2285 4660 non
2311 4600 2646 4661 induxerint
2683 4600 2748 4660 in
