3300 5225
494 348 609 408 138
1422 358 1607 405 Locus
1632 360 1956 405 succubus.
2509 338 2760 421 [Quas-r.
2789 359 2894 400 xx.

479 506 633 600 '3tvii.
666 506 759 599 ll.
842 502 949 598 Ad
968 503 1079 563 hoc
1104 522 1247 563 vero
1284 510 1423 583 post
1438 502 1727 597 ,ardentes
1766 502 1844 561 ad
1886 503 2075 562 Deum
2100 517 2316 595 preces,
2361 518 2507 579 opus
2531 508 2624 559 est
2647 498 2893 559 fontium

484 594 871 740 ffissffi‘ss‘ffi’,
908 586 1133 741 Qu?
1121 602 1239 723 3¹³².
1206 580 2894 738 „fiffiffimffiffifflssffffitffffiffi

452 743 953 805 ·antecedentium
1004 752 1065 803 et
1101 743 1575 821 consequentium
1616 741 1994 817 connexione,
2055 739 2523 819 praejudiciorum
2557 740 2894 817 remotione,

488 832 549 884 et
574 823 1061 901 interpretationis
1106 823 1185 882 sd
1228 822 1555 901 analogiam
1593 817 1732 881 fidei
1771 820 2237 895 conformatione,
2279 839 2411 896 quse
2451 820 2646 879 omnia
2670 820 2749 879 ad
2787 820 2902 880 tria

488 903 603 963 ista
627 904 820 963 medis
864 903 1065 963 referri
1108 910 1354 980 possunt
1397 902 1653 976 ἀνάλυσιν,
1703 898 1976 982 effeto-n,
2007 908 2066 958 et
2111 902 2402 971 ἇκλογὰιι.
2480 898 2748 975 Analysis
2793 899 2897 958 tri-

486 983 629 1061 plex
655 992 762 1060 est,
814 983 1228 1059 Grammatica,
1278 1000 1409 1059 quus
1454 981 1733 1059 proprias,
1779 980 2104 1057 Rhetorica,
2147 999 2282 1057 quse
2325 979 2574 1057 tropicas
2615 980 2900 1039 dictiones

488 1064 727 1139 excutit,
758 1070 818 1122 et
842 1063 1075 1139 Loqica‚
1104 1079 1235 1140 quse
1277 1078 1515 1139 scopum
1555 1068 1617 1120 et
1642 1058 2102 1120 circumstantias
2141 1059 2429 1134 observat,
2459 1068 2521 1118 et
2543 1060 2898 1136 ἄλληλωχόιι

486 1143 799 1202 verborum
840 1142 1103 1205 attendit.
1186 1144 1453 1221 Σύγκςισις
1479 1142 1609 1199 locs
1640 1140 1950 1219 Scripturas
1977 1140 2130 1199 inter
2155 1158 2218 1198 se
2245 1138 2483 1213 confert,
2519 1138 2656 1199 Act.
2693 1139 2776 1197 ix.
2799 1144 2900 1215 22,

488 1222 823 1281 obscuriora
847 1240 981 1281 cum
1007 1221 1403 1299 apertioribus,
1436 1221 1648 1279 similia
1671 1226 1733 1279 et
1769 1219 2050 1297 parallela
2079 1236 2211 1278 cum
2253 1218 2554 1294 similibus,
2599 1218 2906 1277 dissimilia

490 1321 621 1361 cum
648 1301 1027 1360 dissimilibus
1054 1300 1458 1378 comparando.
1538 1299 1998 1379 Analoyiafidei,
2031 1300 2200 1357 Rom.
2229 1298 2333 1357 xii.
2351 1301 2408 1375 6,
2437 1317 2556 1357 non
2581 1298 2756 1357 modo
2783 1298 2902 1376 sig·

487 1382 687 1441 nificat
711 1380 1011 1441 modulum
1038 1380 1193 1455 fidei,
1224 1381 1349 1441 sive
1374 1398 1704 1440 mensuram
1729 1380 2042 1456 unicuique
2065 1378 2228 1437 fideli
2253 1396 2602 1452 concessam,
2635 1377 2738 1436 sed
2764 1396 2902 1437 con·

490 1468 739 1521 stantem
766 1460 1141 1536 harmoniam,
1172 1469 1233 1519 et
1257 1460 1720 1519 convenientiam
1763 1458 2018 1519 omnium
2057 1458 2314 1535 capitum
2339 1457 2494 1533 fidei,
2537 1458 2600 1516 in
2627 1458 2902 1519 illustrio-

488 1540 651 1600 ribus
698 1540 1013 1618 Scriptum
1056 1539 1227 1599 dietis
1264 1538 1673 1614 exhibitorum,
1739 1539 1834 1599 eui
1879 1556 2082 1597 omnes
2137 1538 2530 1615 expositiones
2583 1537 2906 1597 conformes

492 1639 620 1679 esse
669 1619 899 1697 debent,
945 1640 1021 1679 ne
1060 1620 1212 1703 *quid
1258 1618 1543 1681 Articulis
1586 1618 1743 1696 fidei,
1784 1618 1885 1677 vel
1935 1618 2216 1695 Decslogi
2259 1615 2567 1697 praeceptis-
2605 1616 2904 1677 dissonum

494 1706 799 1759 statuatur.

578 1778 769 1837 XIX.
813 1777 873 1836 A
900 1796 1077 1837 sensu
1102 1776 1315 1837 literali
1338 1777 1571 1855 proprio
1598 1785 1814 1837 temere
1845 1784 1908 1836 et
1951 1776 2076 1835 sine
2101 1774 2446 1835 necessitate
2488 1793 2606 1835 non
2633 1783 2724 1835 est
2748 1794 2906 1835 rece-

494 1857 767 1934 dendum,
808 1858 922 1916 nisi
948 1858 1001 1917 is
1027 1858 1089 1915 in
1114 1856 1253 1915 fidei
1277 1858 1553 1917 articulos
1592 1864 1654 1916 et
1692 1855 1988 1918 charitatis
2025 1864 2316 1933 praecepta
2351 1874 2492 1915 vere
2531 1856 2802 1931 incurrat,
2843 1862 2910 1915 et

495 1938 799 1997 evidenter
822 1957 899 1995 ex
926 1936 1131 1997 eodem
1157 1936 1253 1996 vel
1280 1937 1413 1995 aliis
1436 1936 1583 1995 locis
1606 1936 1902 2013 parallelis
1915 1937 2199 2013 figuratus
2215 1954 2344 1995 esse
2372 1954 2558 1995 sermo
2587 1935 2908 2012 deprehen-

494 2016 685 2077 datur.
728 2017 1023 2094 Figuratae
1050 2024 1242 2075 autem
1268 2016 1577 2075 locutionis
1604 2016 1716 2075 hoe
1743 2024 1834 2075 est
1859 2016 2242 2076 certissimum
2267 2016 2518 2096 ιρι-ὄζων,
2566 2018 2618 2075 1.
2643 2014 2708 2074 Si
2726 2014 2910 2073 verba

494 2096 725 2175 proprie
753 2104 983 2173 sumpta
1010 2096 1107 2154 vel
1133 2096 1357 2154 nullum
1383 2096 1481 2155 vel
1508 2094 1822 2155 absurdum
1850 2104 1909 2156 et
1935 2095 2350 2175 impossibilem
2379 2114 2611 2155 sensum
2639 2094 2909 2171 fundunt,

492 2184 563 2235 ut
603 2190 782 2253 quum
824 2176 1089 2234 Christus
1130 2174 1340 2234 dicitur
1377 2182 1547 2253 porta
1584 2175 1800 2249 ovium,
1849 2175 1895 2235 J
1897 2194 1950 2235 o.
1979 2195 2078 2250 x.;
2121 2183 2183 2234 et
2219 2174 2266 2235 J
2267 2194 2322 2233 o.
2349 2194 2450 2233 xv.
2485 2177 2538 2250 1,
2568 2192 2709 2233 vers.
2745 2173 2905 2233 vitis.

496 2260 554 2314 2.
601 2256 667 2315 Si
709 2255 993 2332 analogia
1040 2254 1179 2313 fidei
1204 2262 1505 2333 repugnat,
1548 2262 1610 2313 et
1634 2253 1697 2312 in
1724 2253 1960 2331 aliquod
1987 2254 2202 2331 dogma
2237 2262 2532 2332 receptum
2559 2254 2658 2313 vel
2683 2253 2909 2313 theore-

494 2335 676 2395 ticum
703 2336 801 2393 vel
826 2335 1143 2413 practicam
1168 2334 1427 2393 incurrit.
1499 2335 1645 2393 Cum
1671 2334 1826 2393 enim
1859 2334 2136 2411 Spiritum
2167 2333 2227 2393 S.
2257 2330 2372 2393 sibi
2397 2352 2622 2411 semper
2643 2341 2912 2391 constare

498 2422 718 2474 certum
747 2414 838 2489 sit,
868 2433 986 2473 non
1024 2421 1218 2490 potest
1244 2413 1466 2473 censeri
1494 2430 1700 2473 sensus
1725 2414 1826 2472 ille
1851 2414 1930 2472 ab
1954 2430 2024 2471 eo
2049 2412 2352 2491 proficisci,
2373 2413 2475 2489 qui
2500 2414 2632 2471 aliis
2651 2412 2910 2471 veritati-

496 2494 609 2553 bus
638 2493 711 2551 ab
736 2493 867 2569 ipso
890 2493 1121 2551 traditis
1146 2492 1507 2553 adversatur.
1588 2492 1748 2551 Hinc
1774 2492 1955 2551 verba
1982 2492 2360 2552 Eucharistin
2399 2492 2618 2568 tropice
2653 2508 2782 2549 esse
2821 2491 2910 2549 in-

498 2570 819 2648 telligenda
844 2572 1189 2648 colligimus,
1218 2570 1357 2648 quis
1382 2570 1649 2650 proprius
1687 2590 1892 2632 sensus
1919 2572 1982 2630 in
1995 2571 2190 2632 varios
2216 2571 2490 2632 articulos
2515 2570 2650 2630 fidei
2667 2569 2740 2630 de
2757 2570 2910 2629 veri-

500 2659 621 2710 tate
651 2651 920 2728 Corporis
960 2650 1192 2727 Christi,
1244 2651 1317 2710 de
1364 2653 1495 2728 ejus
1538 2667 1784 2710 ascensu
1823 2652 1885 2709 in
1931 2652 2126 2726 coelos,
2171 2659 2233 2711 et
2273 2651 2462 2711 reditu
2505 2651 2582 2710 ad
2620 2649 2906 2728 judicium

500 2730 791 2807 impingit.
874 2731 955 2789 Et
978 2730 1159 2789 verba
1188 2730 1419 2806 Hoseae,
1450 2749 1573 2806 cap.
1602 2731 1643 2788 i.
1678 2734 1730 2807 1,
1773 2749 1892 2790 non
1932 2732 2162 2808 proprie
2203 2731 2308 2792 sed
2341 2729 2658 2808 symbolice
2683 2737 2744 2789 et
2771 2729 2910 2788 alle-

500 2809 699 2886 gorice
726 2827 854 2868 esse
880 2809 1239 2886 exponenda,
1270 2810 1407 2886 quia
1422 2809 1710 2886 flagitium
1725 2829 1760 2871 a
1785 2810 1920 2888 lege
1947 2811 2194 2870 vetitum
2221 2810 2296 2869 de
2323 2810 2592 2869 ducenda
2613 2809 2916 2868 meretrice

498 2889 869 2967 praecipitur:
910 2908 1028 2964 quo
1066 2889 1315 2966 pertinet
1354 2908 1531 2948 aurea
1566 2890 1787 2966 regula,
1816 2891 2054 2966 Auqurt.
2097 2889 2198 2948 lib.
2243 2892 2299 2965 3,
2343 2889 2416 2948 de
2459 2890 2630 2948 Doct.
2673 2888 2908 2963 Christi,

502 2987 555 3027 c.
589 2969 683 3027 16.
765 2968 837 3027 Si
847 2969 1195 3043 proeceptoe‘va
1220 2969 1420 3027 locutio
1446 2978 1541 3044 est,
1572 2969 1986 3046 autflayitium,
2030 2978 2132 3028 aut
2141 2969 2375 3044 facim
2397 2978 2608 3044 vetans,
2637 2977 2740 3026 aut
2763 2969 2913 3026 utili·

503 3056 677 3105 tatem
702 3056 807 3105 atat
829 3048 1485 3126 beneficientiamjuhm,
1516 3067 1628 3107 non
1655 3051 2048 3127 ertfiyurata5
2087 3049 2141 3107 si
2173 3057 2362 3108 autem
2385 3049 2672 3126 flagitimn
2697 3049 2914 3121 antsa-

502 3127 661 3184 ct‘nus
704 3126 926 3184 videtur
937 3127 1155 3202 jubere,
1202 3136 1306 3185 aut
1328 3128 1623 3186 utilitatem
1647 3135 1752 3186 aut
1791 3128 2204 3206 beneficentiam
2241 3137 2450 3201 vetare,
2484 3129 2752 3206 fiqurata
2792 3135 2874 3184 est
2889 3147 2914 3184 .·

505 3205 654 3264 ratio
691 3211 797 3280 est,
841 3205 981 3281 quia
1021 3206 1133 3264 Dei
1159 3206 1451 3283 proprium
1478 3214 1585 3283 est,
1614 3214 1683 3265 ut
1707 3207 2006 3284 praecipiat
2028 3207 2198 3284 bona,
2249 3207 2390 3284 quia
2412 3206 2600 3265 bonus
2627 3214 2732 3281 est,
2763 3213 2824 3264 et
2849 3212 2918 3264 ut

504 3284 662 3342 mala
688 3284 1049 3343 severissime
1075 3284 1379 3361 prohibeat
1403 3285 1541 3362 quia
1567 3294 1819 3361 sanetus,
1847 3295 2142 3362 utcunque
2167 3305 2240 3345 es
2267 3303 2420 3362 saepe
2447 3285 2574 3344 fieri
2599 3284 2914 3363 permittat.

589 3362 743 3422 XX.
788 3363 931 3438 Quas
971 3363 1313 3422 Adversarii
1352 3364 1544 3423 medin
1580 3372 1790 3442 prester
1828 3366 1980 3425 hane
2018 3363 2157 3423 fidei
2205 3365 2468 3440 regulam
2525 3363 2790 3439 afferunt,
2849 3370 2920 3422 ut

509 3442 744 3501 Praxim
786 3442 1080 3519 Ecclesia,
1128 3442 1364 3504 Petrum
1392 3463 1752 3520 consensum,
1799 3444 2186 3503 Conciliorum
2227 3443 2492 3516 Decreta,
2535 3448 2918 3518 praeterqusm

506 3522 665 3598 quod
691 3521 886 3580 omnia
909 3522 972 3580 in
997 3523 1171 3581 nnius
1215 3523 1387 3600 Papae
1429 3523 1730 3582 arbitrium
1771 3522 2168 3596 refunduntur,
2213 3521 2434 3580 incerta
2473 3527 2625 3595 sunt,
2670 3528 2728 3579 et
2755 3519 2919 3578 nullo

506 3601 881 3661 fundamento
922 3601 1187 3678 subnixa,
1232 3601 1350 3660 imo
1396 3601 1778 3680 impossibilia
1815 3610 1876 3661 et
1901 3600 2362 3674 contradictoria,
2393 3619 2524 3676 quse
2549 3599 2804 3657 animum
2831 3599 2919 3669 inf
2981 3623 2988 3630 ·

506 3681 763 3740 numeris
788 3680 1223 3740 difficultatibus
1251 3681 1588 3759 impediunt,
1616 3681 1814 3760 potius
1839 3701 2014 3758 quam
2041 3688 2108 3741 ut
2133 3678 2462 3758 expediant,
2493 3686 2560 3739 ut
2585 3678 2648 3737 in
2675 3695 2918 3756 sequen-

508 3758 669 3819 tibus
694 3779 895 3820 sumus
922 3759 1389 3820 demonstraturi.

1422 3995 1815 4071 QUAEsmo
1857 3995 2013 4056 xx.

637 4167 717 4208 DE
747 4167 1019 4209 sm’nmto
1046 4167 1625 4212 comnovnnsunmt
1650 4171 1886 4229 sumen,
1917 4171 1994 4212 ΕΤ
2023 4171 2370 4214 somnum
2396 4169 2790 4214 mmmmm.

510 4309 609 4367 An
634 4307 953 4384 Scriptura,
991 4310 1081 4367 vel
1118 4308 1279 4366 Deus
1304 4307 1363 4366 in
1401 4308 1708 4386 Scripwra
1751 4313 1993 4388 loquens,
2041 4311 2116 4371 sit
2153 4312 2468 4390 θιιρνεπιω
2511 4319 2567 4369 et
2603 4308 2927 4384 Infalls'bilis

598 4387 1367 4462 Controversiarumffudex,
1397 4397 1451 4446 et
1488 4389 1804 4465 Sm'pturoe
1825 4391 2159 4466 Interpres!
2235 4391 2336 4449 'An
2361 4409 2495 4448 vero
2523 4390 2798 4466 Ecclesia,
2839 4391 2930 4448 vel

594 4467 864 4545 Pomg‘t'ex
890 4469 1185 4550 Romanus
1199 4468 1228 4527 ἕ
1308 4465 1475 4528 Affir.
1502 4467 1682 4546 prius,
1707 4463 1863 4548 Neg.
1891 4470 2178 4548 posterius
2205 4477 2408 4529 eontra
2436 4467 2792 4528 Pontificius.

597 4627 648 4685 1.
692 4625 948 4703 Quaestio
976 4625 1089 4686 ista
1110 4623 1385 4705 primaria
1410 4634 1516 4702 est,
1560 4634 1621 4688 et
1645 4627 1818 4688 unica
1843 4627 2040 4702 ferme,
2081 4635 2318 4706 propter
2344 4645 2518 4704 quam
2548 4626 2680 4687 alise
2706 4645 2924 4702 omnes,
