3300 5225
336 349 610 398 QuAEsr.
642 334 755 415 1v.]
1282 356 1361 396 nn
1390 356 1663 397 roem-:Rs
1693 357 1968 397 snmus.
2680 344 2796 401 521

334 511 549 551 versa
580 500 675 553 est
699 512 818 571 pro,
832 493 1160 554 conditione
1202 514 1437 571 earum-3
1483 496 1633 555 Nam
1676 505 1940 575 respectu
1981 498 2235 573 hominis,
2267 519 2384 558 non
2424 508 2652 561 tantum
2691 500 2804 559 fuit

340 592 435 630 ex
469 582 677 651 pact0,
709 574 813 632 sed
846 573 1127 633 ,absoluta
1170 583 1229 634 et
1272 575 1521 652 simplex
1561 597 1637 636 ex
1679 586 1886 637 natura
1919 579 2020 653 rei,
2053 586 2178 637 tum
2205 587 2442 656 propter
2470 580 2677 655 Deum,
2709 580 2805 639 cui

340 652 557 713 homo
588 662 865 730 tanquam
893 662 1154 713 creatura
1183 654 1456 731 Creatori,
1486 655 1890 717 beneficiarius
1916 656 2271 717 benefactori
2301 660 2554 736 seipsum
2595 668 2800 733 totum,

346 741 421 792 01
454 732 752 811 quicquid
778 742 903 793 erat
931 734 1059 791 Deo
1086 733 1349 810 debebat,
1380 741 1441 793 et
1480 735 1645 794 illum
1687 743 1812 795 toto
1840 737 2012 797 corde
2055 756 2248 796 amare
2277 739 2599 797 tenebatur.
2688 739 2806 798 Sed

348 823 655 891 respectu
681 814 813 888 Dei,
844 812 953 872 fuit
980 814 1249 891 gratuita,
1278 822 1477 891 utpote
1518 815 1779 892 pendens
1806 836 1883 875 ex
1923 824 2094 893 pacto
2123 836 2226 876 seu
2265 817 2644 894 promissione
2672 836 2802 895 gra-

352 894 553 969 tuita,
582 914 687 971 per
713 912 887 970 quam
917 893 1096 969 Deae,
1126 913 1243 952 non
1271 894 1383 971 ipsi
1409 894 1648 969 homini,
1681 894 1785 953 sed
1813 896 1942 969 sibi,
1967 915 2202 974 suaeque
2228 895 2494 973 bonitati,
2517 897 2802 973 fidelitati,

355 980 430 1031 et
459 973 777 1033 veracitati
804 972 1286 1050 obstringebatur,
1318 974 1565 1033 Roman.
1593 974 1677 1031 iii.
1709 977 1764 1049 3,
1795 978 1832 1033 2
1863 974 2013 1033 Tim.
2043 975 2103 1034 ii.
2139 978 2244 1051 133
2285 977 2510 1036 nullum
2537 996 2678 1054 ergo
2697 976 2806 1035 fuit

362 1054 629 1111 debitum
654 1053 885 1130 proprie
914 1052 1149 1127 dictum,
1180 1072 1399 1129 ex-quo
1426 1053 1647 1112 homini
1665 1054 1768 1130 jus
1794 1063 1992 1131 posset
2031 1055 2211 1130 nasci,
2243 1056 2345 1115 sed
2379 1064 2604 1115 tantum
2606 1058 2804 1149 ⁴fideli·

366 1134 521 1190 tatis
548 1134 803 1208 debitum,
834 1152 910 1191 ex
950 1132 1329 1210 promissione
1370 1140 1579 1207 ortum,
1608 1132 1768 1209 quod
1808 1133 1938 1209 ejus
1979 1135 2382 1203 constantiam,
2413 1144 2472 1195 01
2499 1144 2805 1196 veritatem

366 1210 753 1271 infallibilem
780 1220 840 1270 et
865 1211 1282 1271 immutabilem
1310 1212 1583 1272 ostendit.
1669 1212 1838 1287 Quod
1867 1213 1918 1271 si
1935 1212 2260 1291 Apostolus
2281 1216 2382 1292 jus
2411 1215 2535 1273 sive
2563 1216 2805 1274 debitum

366 1291 622 1351 videtur
647 1310 979 1368 agnoscere,
1012 1291 1183 1349 Rom.
1211 1290 1291 1350 iv.
1322 1295 1378 1367 4,
1409 1310 1528 1351 non
1556 1291 1672 1351 alio
1701 1311 1875 1352 sensu
1902 1292 2348 1371 intelligendum
2375 1303 2479 1369 est,
2511 1314 2686 1371 quam
2712 1315 2802 1353 re-

368 1372 639 1446 spective,
670 1389 790 1429 non
817 1370 893 1429 ad
920 1371 1367 1447 proportionem,
1398 1380 1457 1429 et
1484 1371 1940 1449 condignitatem
1968 1372 2156 1448 officii,
2182 1374 2339 1450 quod
2366 1374 2538 1433 homo
2563 1382 2805 1451 praestat

374 1450 537 1525 Deo,
568 1451 738 1508 Rom.
768 1448 889 1507 viii.
925 1451 1017 1525 18,
1050 1450 1192 1509 Luc.
1222 1450 1365 1509 xvii.
1400 1453 1493 1525 10,
1526 1450 1647 1511 Sed
1688 1451 1765 1510 ad
1790 1452 1910 1510 Dei
1921 1461 2174 1529 pactum,
2207 1460 2266 1511 et
2283 1454 2800 1529 pacsseenttlsjtoeti-

378 1530 546 1605 tiam,
577 1529 657 1588 id.
686 1528 1047 1589 fidelitatem.

470 1608 690 1669 XVII.
739 1608 803 1667 Si
830 1608 989 1685 quod
1016 1626 1157 1685 ergo
1183 1608 1445 1667 mmmm
1470 1608 1646 1667 homo
1667 1607 1894 1687 integer
1913 1610 1976 1668 in
2002 1609 2104 1669 illo
2127 1616 2282 1671 statu
2304 1610 2664 1685 obtinuisset,
2687 1631 2805 1671 non

348 1748 350 1751 Α
377 1687 833 1765 intelligendum
862 1695 951 1746 est
968 1687 1213 1763 proprie
1241 1696 1297 1747 et
1320 1688 1380 1745 in
1405 1689 1615 1764 riyore,
1640 1689 1780 1765 quia
1806 1709 1936 1748 cum
1959 1689 2132 1749 homo
2151 1690 2344 1749 omnia
2368 1690 2579 1750 habeat
2599 1712 2636 1749 a
2657 1692 2803 1767 Deo,

380 1778 449 1828 et
478 1770 607 1827 Deo
634 1767 857 1843 debeat,
888 1767 1035 1825 nihil
1056 1767 1191 1844 jure
1218 1774 1495 1843 tanquam
1526 1787 1692 1827 suum
1720 1777 1914 1845 potest
1940 1770 2014 1828 ab
2041 1770 2145 1829 illo
2189 1778 2464 1847 repetere,
2494 1789 2602 1829 nec
2645 1771 2808 1829 Deus

380 1848 477 1905 illi
506 1847 733 1907 debitor
780 1866 907 1905 esse
935 1854 1168 1923 potest:
1232 1846 1366 1905 Non
1392 1867 1513 1923 ,per
1556 1848 2012 1925 condignitatem
2056 1849 2262 1927 operis,
2293 1858 2354 1909 et
2391 1868 2469 1908 ex
2496 1849 2807 1909 intrinseco

382 1929 521 2005 ejus
547 1927 763 2002 valore,
794 1926 932 2002 quia
958 1926 1357 2003 qualecunque
1385 1926 1533 1985 illud
1562 1927 1656 2002 sit,
1687 1928 1906 1987 nullam
1933 1930 2360 2005 proportionem
2386 1928 2599 1988 habere
2616 1937 2808 2006 potest

384 2028 523 2067 cum
548 2007 785 2083 praemio
814 2005 953 2063 vites
980 2004 1207 2063 infinito
1230 2027 1245 2079 ς
1295 2005 1411 2063 Sed
1438 2025 1513 2063 ex
1535 2015 1725 2081 pact0,
1750 2014 1810 2065 01
1829 2007 2055 2066 liberali
2078 2008 2192 2065 Dei
2210 2008 2606 2085 promissione,
2630 2010 2806 2085 juxta

384 2106 563 2165 quam
584 2088 685 2163 jus
712 2083 1047 2163 postulandi
1072 2084 1293 2161 praemii
1314 2085 1487 2143 homo
1515 2085 1830 2160 habuisset,
1851 2086 1927 2144 ad
1953 2086 2112 2162 quod
2133 2087 2294 2147 Deus
2315 2088 2468 2145 ultro
2491 2105 2553 2145 se
2581 2088 2804 2163 obliga-

384 2175 593 2241 verat3
641 2166 719 2223 Et
757 2173 1085 2240 comparate
1120 2166 1206 2222 ad
1224 2166 1421 2238 saedus
1454 2164 1696 2238 Gratim,
1725 2164 1884 2242 quod
1925 2166 2050 2224 solo
2091 2166 2296 2225 merito
2326 2166 2541 2224 Christi
2581 2166 2800 2241 nititur,

387 2266 507 2323 quo
528 2247 629 2323 jus
657 2244 733 2303 ad
759 2245 941 2303 vitam
968 2243 1139 2303 nobis
1166 2243 1411 2320 acquirit
1435 2265 1451 2303 ε
1496 2243 1629 2302 Hoc
1659 2262 1796 2302 vero
1837 2244 2224 2303 obedientiam
2258 2246 2548 2323 propriam
2576 2253 2636 2303 et
2675 2265 2804 2322 per-

390 2326 649 2385 sonalem
691 2322 1023 2401 postulabat
1066 2323 1487 2399 antecedenter,
1532 2342 1609 2381 ex
1653 2342 1770 2399 qua
1816 2332 1876 2382 et
1911 2323 2387 2401 justificationem
2417 2343 2580 2383 suam
2609 2344 2802 2383 coram

393 2406 539 2480 De0,
570 2412 629 2465 et
654 2404 837 2463 vitam
864 2402 1167 2477 obtineret,
1197 2410 1473 2479 tanquam
1498 2402 1823 2463 mercedem
1848 2411 2074 2480 pactam
2105 2403 2197 2463 sui
2221 2402 2457 2463 laboris·

1324 2641 1713 2718 QUAEsno
1755 2641 1867 2701 1v.

1033 2820 1113 2859 m:
1140 2817 1375 2860 ARBORE
1404 2819 1694 2861 scmN'nAE
1723 2819 1864 2860 nom
1892 2819 1969 2858 ΕΤ
1995 2817 2160 2859 MALI.

400 2965 561 3022 Unde
588 2963 741 3020 dicta
766 2961 839 3019 sit
856 2959 1048 3019 Arbor
1072 2960 1313 3019 scientioe
1338 2959 1469 3018 bom‘
1492 2968 1547 3018 et
1568 2960 1723 3034 mali,
1748 2961 1832 3018 Et
1857 2980 1962 3017 cur
1975 2961 2184 3036 Leqem
2205 2961 2274 3018 de
2293 2978 2364 3018 ea
2389 2979 2500 3018 non
2523 2963 2808 3037 yustanda

1253 3041 1415 3098 Deus
1440 3039 1668 3098 Adamo
1695 3039 1914 3098 dederit
1931 3041 1960 3099 ‚²

476 3198 524 3256 Ι.
570 3197 717 3256 Duae
766 3203 901 3256 sunt
941 3196 1289 3271 Quaestionis
1334 3204 1543 3274 parteS,
1594 3201 1644 3257 1.
1677 3199 1750 3257 de
1777 3199 2021 3257 Nomine
2029 3222 2055 3272 ;
2099 3197 2270 3258 Unde
2309 3197 2506 3257 Arbor
2551 3199 2805 3259 scientiae

389 3277 529 3338 boni
556 3285 615 3335 01
640 3277 779 3334 mali
826 3294 1036 3334 nomen
1077 3277 1189 3333 11οο
1234 3276 1437 3335 sortita
1482 3275 1692 3336 fuerit?
1731 3281 1788 3336 2.
1822 3278 1912 3336 De
1960 3279 2086 3354 ejus
2122 3279 2273 3350 Usu;
2315 3277 2503 3352 Quare
2533 3278 2694 3338 Deus
2737 3299 2808 3338 ea

394 3377 535 3416 usus
564 3357 639 3416 sit
666 3354 743 3414 ad
771 3355 991 3431 Legem
1018 3354 1397 3430 symbolicam
1424 3355 1840 3432 explorationis
1866 3356 2116 3414 hominis
2132 3360 2161 3414 ἱ)
2243 3367 2248 3370 “

483 3437 568 3495 ΙΙ.
614 3437 857 3494 Frustra
899 3433 1190 3510 quaeritur,
1237 3432 1513 3507 Quaenam
1560 3433 1734 3492 fuerit
1780 3433 1966 3507 arbor,
2013 3433 2113 3492 An
2142 3436 2310 3512 ficus,
2355 3443 2424 3494 ut
2469 3435 2814 3511 quibusdam

394 3516 631 3596 placuit,
662 3514 801 3592 quia
827 3534 901 3572 ex
930 3533 997 3572 ea
1025 3520 1157 3590 post
1183 3512 1411 3589 lapsum
1438 3511 1577 3570 folia
1602 3511 1680 3570 ad
1707 3511 2070 3588 subligacula
2095 3513 2269 3571 homo
2293 3513 2494 3588 petiit;
2538 3513 2640 3570 An
2665 3533 2806 3572 vero

30 3612 43 3639 ⁸
390 3599 591 3671 malus,
620 3602 687 3654 ut
714 3593 845 3652 aliis
872 3592 1065 3651 visum
1109 3599 1199 3652 est
1244 3611 1321 3650 ex
1350 3591 1569 3650 Cantic.
1598 3591 1722 3651 viii.
1753 3593 1810 3664 5,
1839 3591 1976 3668 quia
2007 3591 2232 3667 Sponsa
2275 3591 2486 3649 dicitur
2513 3591 2622 3650 sub
2649 3593 2802 3652 malo

32 3670 34 3675 ’
392 3674 669 3734 suscitata
696 3682 755 3732 et
780 3680 981 3750 parta;
1028 3671 1176 3746 Quia
1201 3691 1334 3730 cum
1363 3671 1662 3747 Scriptura
1688 3671 1834 3728 nihil
1861 3670 1934 3728 de
1955 3689 2024 3730 eo
2051 3669 2258 3746 tradat,
2287 3669 2436 3730 nihil
2463 3671 2605 3728 certi
2631 3670 2704 3728 de
2733 3691 2802 3730 eo

392 3755 567 3814 statui
588 3762 795 3832 potest,
815 3760 875 3811 01
900 3751 1203 3811 temeraria
1228 3757 1383 3809 esset
1407 3751 1711 3810 curiositas
1736 3769 1854 3808 non
1881 3749 2072 3808 minus
2098 3769 2166 3808 ac
2181 3749 2403 3808 inutilis
2421 3769 2490 3808 ea
2514 3749 2802 3828 inquirere

392 3855 524 3912 quae
553 3835 715 3893 Deus
740 3834 921 3893 latere
948 3850 1055 3890 nos
1080 3829 1285 3890 voluit.
1829 3877 1832 3882 .
2860 3885 2864 3888 ,

394 3947 531 3993 Unde
547 3948 713 3993 Arbor
724 3947 875 3992 scien-
1036 3909 1159 3968 111.
1202 3908 1536 3968 Videndum
1563 3907 1775 3986 potius,
1807 3907 1924 3968 Cur
1949 3927 2160 3968 nomen
2185 3909 2298 3967 hoc
2326 3908 2530 3968 sortita
2555 3907 2650 3969 sit.
2706 3909 2803 3969 Ita

452 4007 541 4052 tiae
560 4007 744 4052 boniet
758 4005 873 4050 mali
914 3998 1108 4049 autem
1136 3990 1351 4050 dictam
1376 3997 1681 4066 putamus3
1727 3989 1860 4047 Non
1870 3989 2222 4063 formaliter,
2244 3988 2411 4065 quasi
2437 3987 2500 4046 in
2527 4007 2589 4048 se
2618 3992 2798 4060 λογικὰ

450 4065 597 4110 dicta.
912 4069 1209 4128 rationalis
1250 4079 1420 4144 esset,
1470 4069 1660 4128 sciens
1706 4068 1922 4128 bonum
1965 4076 2026 4127 et
2065 4069 2317 4144 malum3
2359 4069 2498 4127 Non
2539 4071 2798 4146 effective,

392 4150 559 4228 quasi
585 4169 691 4226 per
716 4168 778 4209 se
806 4148 979 4209 fucrit
1006 4148 1337 4224 scientifica,
1381 4168 1511 4227 quae
1538 4167 1643 4208 esu
1671 4168 1777 4208 suo
1805 4147 2060 4208 scientiae
2087 4148 2185 4228 yel
2211 4147 2549 4225 productrix
2577 4149 2798 4226 fuisset,

391 4230 491 4289 vel
518 4229 793 4306 adjutrix,
824 4236 891 4287 ut
916 4228 1264 4307 quibusdam
1292 4248 1368 4287 ex
1396 4229 1439 4288 J
1440 4229 1641 4303 udaeis,
1663 4237 1722 4288 et
1747 4235 1880 4306 post
1899 4246 2000 4287 eos
2025 4227 2348 4287 Socinianis
2373 4226 2624 4305 placuit3
2665 4229 2722 4287 N
2723 4249 2799 4288 on

378 4311 639 4385 putative
666 4329 701 4366 0
726 4308 920 4368 fallaci
952 4309 1247 4386 Serpentis
1285 4308 1764 4384 nomenclatione,
1794 4316 1854 4368 et
1891 4307 2288 4384 promissione,
2331 4306 2490 4384 quod
2518 4308 2796 4386 Rupert0,

393 4389 653 4464 Testato,
697 4397 757 4448 et
782 4389 913 4446 aliis
939 4389 1149 4464 visum,
1194 4387 1331 4466 quia
1356 4388 1519 4448 nulla
1564 4387 1712 4446 ratio
1739 4394 1844 4464 est,
1889 4407 1994 4446 cur
2020 4387 2287 4446 Adamus
2328 4387 2426 4446 vel
2455 4387 2653 4446 Moses
2692 4407 2797 4446 vo-

392 4469 639 4528 luissent
678 4468 869 4527 arbori
908 4487 1122 4526 nomen
1148 4467 1444 4546 imponere
1480 4486 1559 4526 ex
1588 4466 2088 4544 impudentissimo
2123 4466 2424 4526 mendacio
2463 4465 2794 4542 deductum,

392 4556 687 4627 comperta
712 4548 1041 4627 impostoris
1067 4546 1303 4607 fraude:
1350 4545 1469 4607 Sed
1492 4555 1617 4608 tum
1632 4547 2118 4606 sacramentaliter
2136 4546 2274 4624 quia
2289 4553 2414 4605 erat
2439 4545 2669 4621 signum
2697 4565 2798 4604 ex-

390 4628 783 4706 ploratorium,
808 4635 867 4687 01
884 4627 1381 4688 commonitorium
1402 4626 1475 4689 de
1492 4626 1752 4688 cavenda
1769 4627 2010 4687 scientia
2030 4625 2466 4704 experimentali
2483 4623 2621 4683 mali
2637 4645 2800 4702 aeque
