3300 5225
548 293 691 352 ⁴580
1565 313 1751 359 Locus
1779 313 1992 358 nonus.
2591 293 2882 378 [QuAEsv.
2915 311 3030 354 κη.

577 493 623 543 2.
692 495 755 542 1„
813 494 1060 542 creatione
1181 455 1303 516 IX.
1366 456 1669 517 Secundus
1724 458 1942 536 gradus
1990 465 2080 517 est
2131 458 2192 518 in
2231 457 2454 518 Animoe
2497 457 2836 534 Creatione,
2895 477 3036 535 quae

637 555 1065 672 &gaam-inam?
1103 534 1243 631 licet
1268 537 1391 631 sine
1418 538 1699 676 ullanffibe
1727 548 1954 678 ffitur
1980 559 2015 634 a
2044 539 2189 616 Deo,
2231 559 2354 634 non
2389 547 2616 677 crgatur
2641 547 2860 632 tamen
2893 559 3036 676 cDum

1098 626 1538 776 affige
1566 640 1823 759 ..z-..u
1863 620 2889 778 metaturus&
2933 639 3036 756 ,εξ

584 773 1060 852 distinguendum
1104 777 1181 838 sit
1219 778 1371 838 inter
1397 779 1665 838 Animam
1701 801 1936 857 puram,
1981 781 2283 858 impuram,
2324 789 2382 840 et
2421 802 2536 840 non
2567 801 2811 858 puram.
2915 779 3038 837 Illa

581 877 741 935 pura
768 855 995 934 dicitur,
1039 879 1169 938 quse
1198 868 1401 919 ornata
1440 868 1530 920 est
1569 859 1776 920 habitu
1816 862 2173 938 sanctitatis3
2217 862 2461 938 impura,
2492 882 2623 938 quae
2652 860 3036 919 contrarium

587 937 851 997 habitum
877 939 1177 1018 injustitiae
1204 941 1415 1018 habet3
1456 961 1571 1000 non
1596 961 1776 1018 pura,
1797 962 1927 1019 quae
1953 942 2092 1001 licet
2117 942 2343 1001 nullum
2368 941 2581 1001 habeat
2607 942 2891 1000 habitum
2923 940 3034 998 bo-

588 1039 748 1096 num,
776 1019 1001 1079 nullum
1032 1027 1223 1080 tamen
1248 1020 1425 1081 habet
1452 1022 1687 1097 malum,
1719 1022 1822 1081 sed
1849 1031 2078 1081 creatur
2116 1022 2453 1100 simpliciter
2473 1042 2603 1080 cum
2633 1020 3035 1080 facultatibus

590 1099 985 1178 naturalibus;
1028 1101 1219 1178 qualis
1246 1102 1590 1180 supponitur
1616 1103 1799 1160 creari
1826 1123 1862 1162 a
1890 1103 2019 1160 Deo
2045 1111 2179 1182 post
2220 1103 2464 1180 lapsum,
2489 1103 2627 1180 quia
2667 1103 2878 1179 imago
2911 1101 3036 1158 Dei

592 1181 807 1240 amissa
834 1182 1012 1241 semel
1053 1201 1156 1258 per
1196 1190 1497 1260 peccatum
1522 1201 1641 1241 non
1668 1190 1861 1259 potest
1887 1183 2134 1260 amplius
2161 1182 2389 1243 restitui
2414 1183 2528 1242 nisi
2554 1181 3034 1260 regenerationis

588 1261 871 1322 beneficio
897 1283 1001 1342 per
1031 1262 1309 1340 Spiritum
1341 1264 1635 1324 Sanctum.

678 1343 764 1402 X.
809 1343 1089 1418 Quamvis
1114 1353 1308 1402 autem
1348 1344 1555 1402 animae
1594 1349 1862 1402 creentur
1897 1363 1933 1402 a
1961 1343 2090 1402 Deo
2117 1343 2409 1403 destitutae
2441 1341 2677 1421 justitia
2701 1341 3029 1420 originali3

599 1424 735 1484 Non
761 1432 1065 1502 propterea
1092 1424 1253 1483 Deus
1286 1433 1479 1502 potest
1505 1423 1729 1482 censeri
1755 1424 1964 1482 author
2001 1423 2242 1501 peccati,
2273 1426 2410 1502 quia
2436 1422 2596 1482 aliud
2639 1433 2730 1482 est
2774 1423 3000 1502 impuri
3009 1458 3028 1467 -

596 1513 779 1565 tatem
804 1503 1124 1580 infundere,
1154 1505 1314 1564 aliud
1339 1503 1649 1582 puritatem
1676 1524 1794 1561 non
1821 1503 1977 1581 dare,
2008 1525 2125 1582 qua
2143 1506 2316 1563 homo
2346 1523 2408 1562 se
2428 1503 2733 1580 indignum
2762 1503 3034 1561 reddidit

601 1585 664 1644 in
692 1584 944 1644 Adam0.
1028 1585 1152 1642 Nec
1177 1593 1406 1645 tenetur
1435 1584 1597 1644 Deus
1625 1603 1819 1643 creare
1848 1585 2070 1644 animas
2095 1603 2288 1662 puras,
2319 1584 2435 1643 imo
2470 1584 2798 1662 justissime
2823 1591 3032 1660 potest

600 1685 702 1725 eas
729 1667 790 1722 in
816 1683 1047 1742 poenam
1072 1663 1295 1742 peccati
1324 1663 1543 1722 Adami
1568 1663 1675 1723 tali
1695 1664 1848 1723 dono
1874 1664 2103 1743 privare
2127 1687 2142 1725 ι
2187 1665 2330 1740 Quae
2357 1664 2606 1742 privatio
2630 1665 2773 1723 licet
2793 1683 2830 1721 a
2855 1672 3030 1741 parte

603 1745 857 1805 hominis
884 1745 961 1804 sit
988 1743 1311 1822 culpabilis,
1343 1743 1481 1821 quia
1508 1753 1598 1804 est
1624 1745 1874 1823 privatio
1901 1745 2265 1805 rectitudinis
2292 1745 2502 1804 debitae
2543 1744 2752 1820 inesse,
2781 1763 2908 1802 non
2935 1751 3032 1800 ta-

602 1846 739 1886 men
764 1833 1033 1966 mffiecm
1062 1825 1192 1902 Dei,
1221 1823 1359 1902 quia
1385 1833 1475 1885 est
1500 1834 1668 1885 actus
1684 1825 1930 1903 justitiae
1951 1825 2361 1903 vindicati-icis,
2392 1844 2508 1903 quo
2533 1825 2786 1903 primum
2811 1843 3026 1902 pecca-

606 1915 802 1967 catum
892 1904 1141 1965 ciscitur.

688 1986 810 2047 XI.
855 1987 1021 2048 Licet
1041 1994 1235 2046 autem
1255 1985 1485 2044 Animae
1506 2005 1625 2045 non
1643 1985 1860 2046 fuerint
1885 1987 1947 2045 in
1967 1985 2217 2063 Adam0,
2241 1985 2436 2064 quoad
2461 1986 2706 2044 essentiae
2725 1985 3026 2062 originem,

604 2067 745 2148 quia
768 2088 805 2127 a
834 2068 963 2128 Deo
989 2075 1274 2142 creantur,
1304 2074 1459 2126 recte
1486 2074 1681 2126 tamen
1708 2066 1979 2126 dicuntur
2020 2066 2083 2124 in
2125 2067 2254 2144 ipso
2297 2066 2475 2125 fuisse
2512 2065 2706 2143 quoad
2747 2065 3030 2142 οήρὶηεπι

604 2149 979 2226 ειιόειὶςίοηίίω,
1008 2153 1293 2226 quatenus
1320 2145 1741 2224 conjungendae
1767 2146 2000 2206 fuerunt
2028 2167 2160 2206 cum
2188 2146 2541 2224 corporibus,
2571 2154 2638 2206 ut
2663 2155 2860 2224 partes
2890 2165 3029 2204 con-

606 2230 888 2290 stitutivae
914 2229 1147 2288 illorum
1174 2227 1471 2286 hominum
1493 2227 1595 2304 qui
1616 2235 1754 2288 sunt
1771 2226 1880 2286 filii
1900 2215 2070 2304 Ad‘z’ie,
2094 2247 2339 2305 quaeque
2359 2226 2600 2304 proinde
2619 2226 2732 2286 hoc
2751 2234 3028 2304 respectu

606 2310 756 2372 bene
783 2317 1094 2370 censentur
1118 2327 1231 2366 reae
1258 2307 1319 2366 in
1346 2307 1597 2366 Adam0.
1766 2331 1774 2340 ·
2091 2309 2098 2320 ⁸

691 2391 848 2449 XII.
893 2390 949 2448 N
952 2410 1017 2449 ec
1043 2388 1349 2466 indignum
1375 2386 1550 2447 debet
1576 2387 1801 2447 censeri
1826 2387 2084 2448 bonitate
2111 2387 2329 2465 divina,
2361 2395 2424 2447 ut
2461 2387 2523 2446 in
2551 2404 2759 2464 corpus
2787 2405 3031 2463 corrup-

607 2479 732 2533 tum
760 2469 1098 2530 infundatur
1124 2468 1333 2544 anima,
1361 2469 1499 2547 quia
1526 2467 1609 2528 sic
1637 2468 1713 2527 ab
1739 2467 1906 2527 initio
1935 2476 2092 2528 certa
2118 2476 2177 2527 et
2202 2469 2442 2528 immota
2466 2469 2598 2546 lege
2628 2467 2842 2542 sanxit,
2871 2475 2946 2525 ut
2971 2467 3034 2524 in

608 2570 779 2613 omne
808 2569 1017 2630 corpus
1042 2550 1358 2609 humanum
1386 2548 1784 2627 organizatum
1810 2548 2139 2608 infunderet
2165 2550 2450 2628 animam3
2492 2569 2624 2627 quae
2649 2547 2752 2606 lex
2777 2567 2900 2606 non
2929 2545 3031 2606 de-

608 2634 741 2695 buit
766 2632 986 2693 aboleri
1010 2637 1245 2712 propter
1270 2630 1521 2690 hominis
1546 2638 1868 2707 peccatum.

607 2751 655 2799 a
695 2750 756 2797 1„
787 2750 965 2797 unione
995 2749 1097 2794 ani-
1219 2710 1411 2771 XIII.
1445 2712 1666 2771 Tertius
1681 2711 2122 2789 propagationis
2135 2714 2357 2789 qradus
2377 2718 2466 2770 est
2487 2709 2549 2768 in
2578 2709 2794 2769 Um‘one
2821 2709 3032 2767 anirnoe

671 2823 765 2855 ma
826 2822 937 2853 eum
995 2821 1097 2854 001·-
1138 2812 1263 2852 cum
1289 2812 1525 2868 corpore
1541 2814 1566 2865 ,·
1592 2800 1733 2852 tunc
1759 2793 1915 2851 enim
1940 2800 2242 2869 peccatum
2270 2790 2426 2868 quod
2454 2790 2641 2850 fuerat
2665 2797 2897 2849 tantum
2926 2790 3031 2846 ini-

669 2880 802 2927 1>⁰r0·
1139 2872 1326 2931 tiative
1354 2880 1413 2931 et
1438 2872 1790 2948 radicaliter,
1819 2872 1888 2931 fit
1913 2872 2030 2931 tale
2041 2872 2374 2948 somaliter
2401 2879 2460 2931 et
2487 2878 2882 2931 consummate.
2949 2866 3034 2927 Ut

612 2954 788 3011 homo
828 2972 931 3030 per
972 2951 1144 3011 istam
1169 2950 1443 3010 unionem
1470 2951 1840 3011 constituitur
1884 2951 1945 3009 in
1986 2970 2113 3012 esse
2157 2952 2441 3028 hominis;
2485 2952 2580 3011 Ita
2620 2958 2680 3009 et
2721 2956 3030 3029 peccatum

586 3058 591 3063 ·
612 3031 950 3108 completur,
973 3050 1091 3089 non
1110 3038 1336 3089 tantum
1354 3030 1660 3108 privative,
1684 3051 1788 3109 per
1809 3033 2120 3092 carentiam
2141 3033 2402 3112 justitiae,
2424 3032 2529 3091 sed
2555 3030 2731 3090 etiam
2755 3029 3032 3109 positive,

607 3130 719 3191 per
745 3109 1015 3170 contrarii
1039 3110 1275 3170 habitus
1300 3110 1601 3189 injustitiae
1627 3111 1990 3189 positionem.

700 3190 881 3250 XIV.
932 3190 1151 3252 Mirum
1188 3196 1381 3251 autem
1407 3191 1595 3251 videri
1636 3212 1752 3251 non
1795 3192 1984 3269 debet,
2030 3192 2080 3251 si
2123 3192 2317 3252 anima
2357 3192 2648 3252 inficiatur
2689 3211 2726 3250 a
2770 3210 3032 3269 corpore,

613 3292 749 3333 cum
780 3271 1078 3350 Scriptura
1105 3280 1163 3332 et
1190 3272 1547 3350 experientia
1570 3280 1872 3346 testentur,
1903 3281 2124 3331 tantam
2145 3294 2271 3333 esse
2299 3273 2450 3333 inter
2469 3272 2720 3332 animam
2741 3279 2800 3331 et
2821 3290 3037 3349 corpus

618 3354 944 3429 συμπάθειαν,
972 3360 1039 3413 ut
1066 3353 1217 3415 sicut
1244 3373 1452 3431 corpus
1479 3353 1553 3412 ab
1580 3354 1774 3412 anima
1801 3352 2082 3430 afficitur;
2125 3354 2210 3413 ita
2249 3361 2309 3413 et
2335 3353 2594 3413 vicissim
2621 3352 2816 3410 anima
2841 3372 2882 3409 a
2908 3371 3036 3410 cor—

618 3454 777 3513 pore.
862 3434 1035 3496 Unde
1078 3454 1267 3494 mores
1315 3434 1492 3493 animi
1541 3434 1812 3494 dicuntur
1855 3433 2020 3510 sequi
2063 3442 2578 3512 temperamentum
2628 3432 2906 3511 corporis.
2959 3432 3039 3489 Et

622 3514 921 3592 Scriptura
945 3516 1199 3574 animum
1229 3535 1265 3574 a
1290 3534 1527 3592 corpore
1554 3514 1760 3574 vitiato
1775 3513 2020 3591 ‘gravari
2048 3515 2268 3591 asserit,
2302 3514 2445 3573 Luc.
2473 3512 2598 3572 xxi.
2629 3514 2726 3589 34,
2761 3514 2798 3546 “
2817 3512 3038 3571 Cavete

620 3595 790 3654 vobis
816 3614 890 3654 ne
931 3596 1163 3673 quando
1208 3603 1525 3671 graventur
1564 3595 1740 3654 corda
1766 3602 1962 3654 vestra
2003 3594 2238 3673 crapula
2279 3602 2338 3653 et
2381 3594 2674 3670 ebrietate,
2719 3600 2782 3652 et
2817 3592 3035 3651 sollici-

618 3674 919 3736 tudinibus
966 3677 1142 3753 hujus
1184 3676 1381 3733 vitae.”
1465 3675 1545 3733 Et
1592 3675 1748 3753 Sapi.
1793 3675 1876 3735 ix.
1895 3708 1900 3711 ·
1920 3678 2012 3752 15,
2061 3678 2094 3709 “
2119 3674 2342 3753 Corpus
2383 3674 2776 3751 corruptum,'’
2825 3673 3036 3750 inquit,

624 3756 663 3790 “
680 3762 965 3831 aggravat
990 3754 1259 3831 animam,
1298 3762 1357 3814 et
1396 3763 1690 3815 terrenum
1719 3754 2073 3815 domicilium
2100 3755 2330 3834 plenam
2359 3774 2626 3815 curarum
2651 3760 2908 3813 mentem
2937 3753 3038 3812 de-

662 3834 879 3895 rimit.”

621 3856 661 3913 P
706 3914 853 3973 XV.
916 3912 981 3973 Si
1021 3934 1157 3974 vero
1200 3914 1494 3994 quaeritur,
1545 3915 1835 3993 quomodo
1885 3916 2092 3993 anima,
2144 3936 2275 3995 quae
2329 3914 2647 3996 spiritualis
2694 3920 2800 3991 est,
2849 3913 3042 3992 possit

621 3993 779 4054 infici
807 4014 843 4053 a
868 4013 1121 4072 corpore,
1153 3995 1311 4073 quod
1336 4004 1427 4055 est
1453 4016 1546 4055 res
1573 3995 1747 4054 bruta
1771 4004 1830 4055 et
1871 3996 2203 4073 materialis,
2245 4017 2363 4057 non
2403 4003 2597 4075 potest
2637 3994 2790 4055 solvi
2828 3994 3040 4069 nodus,

621 4083 689 4135 ut
714 4074 783 4133 fit
809 4093 846 4132 a
885 4076 1195 4151 nonnullis,
1226 4075 1491 4151 dicendO,
1542 4076 1791 4133 animam
1840 4076 2101 4154 indigere
2145 4096 2382 4156 corpore
2424 4074 2777 4153 organizato,
2821 4082 2882 4133 et
2922 4094 3042 4133 non

621 4174 793 4235 posse
820 4154 1045 4231 operari
1068 4155 1182 4214 nisi
1208 4175 1313 4233 per
1339 4174 1557 4231 organa
1583 4175 1888 4235 corporea3
1939 4157 2135 4236 itaque
2165 4157 2214 4217 si
2253 4157 2402 4216 bene
2445 4162 2761 4233 temperata
2801 4153 2920 4213 sint
2947 4174 3041 4212 or-

622 4255 792 4315 gana,
822 4233 1109 4293 actionem
1136 4235 1313 4294 animi
1337 4235 1465 4294 fieri
1489 4243 1724 4313 rectam,
1776 4236 1868 4296 sin
1916 4246 2117 4297 contra
2159 4246 2428 4315 corrupta
2476 4237 2593 4295 sint
2619 4243 2679 4296 et
2721 4233 2873 4293 male
2919 4234 3042 4293 dis·

620 4315 828 4396 posita,
874 4314 1053 4373 animi
1096 4314 1483 4394 operationem
1526 4316 1702 4376 etiam
1750 4318 2055 4395 corrumpi.
2159 4316 2309 4391 Quia
2335 4318 2462 4376 hoc
2503 4324 2704 4395 posset
2744 4322 3041 4392 utcunque

620 4398 810 4458 facere
838 4395 915 4455 ad
942 4395 1363 4473 corruptionem
1390 4398 1675 4457 actualem
1705 4397 2102 4476 operationum
2131 4398 2339 4457 animae
2381 4395 2905 4471 demonstrandam,
2938 4394 3042 4453 sed

620 4498 741 4539 non
768 4476 846 4537 ad
872 4476 1000 4557 ejus
1026 4474 1449 4553 corruptionem
1490 4476 1862 4555 habitualem,
1915 4478 1988 4537 de
2030 4498 2147 4555 qua
2173 4476 2488 4555 quaeritur3
2533 4485 2592 4538 et
2628 4477 2713 4537 ita
2737 4482 3040 4554 peccatum

587 4558 904 4638 ‘originale
931 4556 1156 4618 nullum
1198 4564 1423 4617 extaret
1462 4556 1525 4616 in
1572 4557 1766 4616 anima
1805 4556 2131 4635 infantium,
2178 4556 2284 4618 sed
2310 4556 2545 4619 demum
2589 4556 2837 4617 oriretur
2861 4574 2940 4634 qu

621 4638 815 4701 anima
839 4658 945 4719 per
969 4656 1177 4719 corpus
1204 4636 1482 4717 inciperet
1507 4637 1749 4717 operari.
2905 4668 2910 4671 ·
