3300 5225
526 320 646 381 460
1492 332 1676 378 Locus
1705 330 1948 376 ssxrus.
2561 308 2964 395 [Quaesrsvr.

913 527 924 540 .
1134 477 1212 537 V.
1258 474 1417 537 Vera
1463 494 1605 555 ergo
1648 473 2070 535 conciliationis
2115 472 2264 533 ratio
2311 471 2545 533 aliunde
2585 474 2706 552 peti
2743 472 2960 547 debet,

530 528 1013 633 vssffifflffssssff
1052 558 1323 617 nimirum
1352 558 1424 616 ab
1453 558 1652 616 ordine
1679 576 1981 615 causarum
2018 555 2164 615 inter
2201 574 2276 631 sc,
2321 563 2381 613 et
2427 574 2464 613 a
2503 554 2678 613 modo
2725 554 2964 632 agendi

588 660 717 700 rum.
767 648 820 715 qt
846 645 1013 715 ‚modo
1053 637 1172 697 illis
1219 637 1484 716 propri03
1548 636 1718 711 Quod
1766 635 2140 712 sequentibus
2183 634 2672 712 propositionibus
2713 636 2802 693 sic
2841 654 2958 693 ex-

588 704 763 775 agendi
782 703 885 748 ¹¹¹¹*
904 716 1011 761 pro-
1051 718 1257 796 plicari
1298 726 1589 794 utcunque
1634 723 1843 794 potest.
1929 715 2158 774 Prima:
2205 714 2522 774 Concursus
2562 716 2968 774 Reddenda

587 776 715 820 ”²²⁰⁹
1038 807 1094 857 ct
1132 798 1431 858 voluntatis
1483 799 1758 871 humanm,
1803 815 1916 855 non
1967 804 2050 854 est
2087 814 2390 854 causarum
2436 796 2850 854 collateralium
2903 802 2968 853 et

531 876 849 955 (equalium,
898 878 1003 936 scd
1050 878 1412 955 inoequalt'um
1464 885 1519 935 et
1560 876 2058 935 subordinatur-um
2073 899 2099 949 ,·
2149 876 2322 933 Ratio
2363 874 2578 953 petitur
2617 892 2694 934 ex
2733 883 2968 934 natura.

534 957 849 1034 utriusque,
880 976 1013 1016 cum
1035 958 1190 1017 enim
1217 958 1316 1015 ille
1358 956 1435 1015 sit
1460 974 1776 1015 concursus
1804 954 2107 1031 creatoris,
2139 955 2248 1014 iste
2289 974 2429 1014 vero
2457 954 2782 1031 Creaturae3
2830 955 2964 1013 me

533 1056 849 1097 concursus
884 1056 1075 1097 causae
1118 1037 1335 1115 primae,
1376 1035 1739 1111 universalis,
1785 1044 1844 1094 et
1880 1035 2339 1113 hyperphysicoe,
2381 1034 2503 1093 Iste
2555 1054 2696 1093 vero
2749 1054 2964 1094 causa

530 1116 816 1193 secundae,
855 1116 1236 1195 particularis,
1283 1124 1342 1175 et
1377 1116 1653 1195 physicae,
1683 1134 1802 1173 non
1841 1123 2034 1193 potest
2073 1115 2200 1173 dari
2239 1115 2588 1175 com-dinatio
2629 1112 2780 1174 inter
2821 1134 2958 1190 eas,

530 1196 721 1275 qualis
748 1205 838 1256 est
864 1196 1015 1256 inter
1040 1217 1246 1257 causas
1284 1196 1470 1256 socias
1510 1204 1570 1256 et
1608 1196 1899 1274 partiales,
1969 1216 2060 1254 use
2099 1195 2252 1253 inter
2291 1214 2353 1254 se
2395 1195 2829 1272 conjunguntur
2867 1194 2966 1253 ad

532 1276 967 1355 producendum
994 1296 1174 1337 unum
1200 1277 1563 1354 eundemque
1590 1274 1876 1351 effectum,
1897 1294 1932 1333 a
1999 1293 2173 1352 quem
2199 1294 2316 1333 non
2345 1274 2634 1334 sufficiunt
2661 1274 2920 1351 singulae
2937 1294 2960 1334 ε

536 1355 655 1416 Sed
696 1356 1021 1416 necessario
1061 1357 1291 1416 admitti
1330 1356 1505 1416 debet
1542 1355 1943 1429 ειιὺονάἰπαιίο,
1974 1374 2092 1433 qua
2130 1356 2316 1432 prima
2349 1354 2564 1433 praesit,
2595 1354 2826 1414 subsint
2853 1374 2960 1414 se-

532 1436 770 1513 cundae3
818 1436 931 1495 Illa
956 1436 1426 1515 independenter,
1456 1437 1583 1495 istae
1612 1454 1752 1494 vero
1779 1434 2171 1513 dependenter
2209 1444 2421 1513 agant3
2465 1442 2524 1493 et
2561 1435 2688 1494 haec
2727 1434 2812 1493 ita
2855 1442 2960 1494 est

532 1516 873 1593 necessaria,
902 1525 969 1576 ut
997 1517 1214 1594 absque
1244 1536 1313 1575 ea
1329 1536 1517 1575 causae
1536 1512 1804 1575 secundae
1821 1534 1928 1573 nec
1950 1534 2094 1591 esse,
2113 1534 2222 1573 nec
2250 1515 2424 1573 etiam
2442 1514 2682 1591 cogitari
2703 1524 2954 1592 queant.

614 1595 728 1655 VI.
768 1597 1042 1672 Secundo,
1076 1596 1171 1656 Ita
1199 1597 1361 1656 Deus
1389 1594 1680 1655 concurrit
1707 1614 1838 1653 cum
1865 1594 2055 1654 causis
2084 1594 2370 1671 secundis,
2399 1602 2468 1653 ut
2502 1594 2640 1653 licet
2665 1614 2765 1653 eas
2792 1614 2954 1672 prae·

532 1684 781 1749 moveat,
804 1684 865 1735 et
899 1675 1377 1754 praedeterminet,
1424 1675 1677 1735 motione
1716 1693 1836 1733 non
1877 1674 2135 1751 generali
2173 1682 2415 1750 tantum,
2447 1673 2552 1733 sed
2589 1683 2649 1734 et
2682 1674 2946 1753 speciali,

530 1773 631 1813 eas
678 1761 873 1813 tamen
908 1764 1141 1815 moveat
1184 1754 1501 1815 secundum
1547 1761 1816 1813 naturam
1863 1756 2134 1832 ipsarum,
2178 1774 2288 1813 nec
2327 1754 2546 1813 adimat
2583 1754 2726 1833 ipsis
2767 1774 2946 1813 suum

532 1834 812 1911 cujusque
840 1835 1133 1913 proprium
1174 1835 1451 1913 operandi
1489 1834 1746 1893 modum.
1830 1834 2004 1893 Ratio
2045 1844 2151 1909 est,
2181 1834 2334 1912 quia,
2363 1843 2431 1894 ut
2473 1835 2782 1893 Decretum
2827 1834 2948 1893 Dei

532 1933 651 1973 non
690 1914 864 1973 modo
910 1923 1176 1974 versatur
1222 1916 1376 1974 circa
1418 1913 1955 1975 determinationem
2001 1934 2192 1974 rerum
2233 1934 2364 1991 quae
2403 1914 2530 1972 fieri
2569 1914 2799 1990 debent,
2833 1914 2946 1973 sed

534 1993 710 2053 etiam
754 1994 1058 2054 modorum
1104 1994 1422 2055 secundum
1470 2014 1617 2072 quos
1661 1994 1870 2054 futurae
1913 2003 2064 2070 sunt,
2112 2014 2217 2071 pro
2260 2002 2466 2053 natura
2509 2001 2568 2053 et
2608 1994 2944 2053 conditione

532 2074 850 2152 cujusque;
896 2074 981 2134 ita
1025 2074 1400 2135 Providentia
1441 2075 1702 2149 actualis,
1749 2094 1880 2151 quae
1921 2083 2010 2134 est
2051 2074 2316 2133 executio
2357 2074 2526 2133 istius
2555 2073 2785 2150 decreti,
2816 2094 2944 2133 non

532 2162 758 2213 tantum
784 2162 1070 2233 procurat,
1101 2164 1167 2215 ut
1193 2175 1287 2215 res
1317 2155 1550 2215 decreta
1574 2155 1680 2213 fiat
1705 2154 2100 2230 infallibiliter,
2126 2153 2228 2213 sed
2255 2154 2430 2213 etiam
2457 2162 2524 2213 ιιι
2547 2154 2652 2213 fiat
2667 2174 2736 2213 eo
2763 2154 2945 2213 modo

529 2253 648 2311 quo
676 2234 908 2294 decreta
933 2243 1036 2311 est,
1068 2234 1337 2294 nimirum
1371 2242 1754 2294 consentanee
1795 2244 2016 2295 naturae
2057 2234 2355 2311 cujusque,
2385 2233 2466 2293 id.
2507 2242 2574 2293 ut
2613 2234 2946 2294 necessaria

532 2315 873 2389 necessario,
922 2314 1106 2374 libera
1146 2334 1288 2375 vero
1336 2322 1396 2375 et
1442 2315 1840 2393 contingentia
1883 2314 2064 2373 libere
2106 2323 2166 2373 et
2205 2314 2608 2392 contingenter
2645 2314 2938 2373 eveniant.

533 2393 683 2453 Nam
709 2403 777 2454 ut
803 2394 920 2454 duo
948 2402 1084 2455 sunt
1110 2414 1412 2455 causarum
1440 2414 1670 2472 genera,
1702 2395 1831 2453 aliae
1859 2394 2098 2474 definitoe
2127 2400 2188 2453 et
2221 2398 2530 2471 ycncrales,
2560 2414 2690 2471 quae
2731 2394 2940 2453 eodem

530 2473 703 2533 modo
752 2494 978 2552 semper
1024 2484 1222 2552 agunt,
1252 2484 1319 2535 ut
1358 2475 1512 2553 ignis
1553 2475 1655 2552 qui
1695 2474 1828 2551 urit,
1863 2474 1966 2535 Sol
2005 2474 2107 2551 qui
2146 2474 2339 2551 lucet;
2384 2474 2512 2533 aliae
2539 2475 2836 2551 indefinito
2875 2483 2942 2535 et

530 2554 735 2632 Eberoe,
765 2573 895 2632 quae
940 2563 1183 2632 possunt
1228 2574 1401 2633 agere
1441 2556 1539 2614 vel
1578 2575 1697 2615 non
1723 2574 1914 2633 agere,
1943 2554 2056 2614 hoc
2095 2554 2194 2613 vel
2233 2554 2334 2613 illo
2375 2553 2548 2613 modo
2589 2572 2797 2633 agere:
2841 2554 2942 2615 Ita

531 2633 694 2694 Deus
722 2644 983 2695 naturam
1011 2655 1208 2695 earum
1235 2644 1557 2712 conservat,
1588 2644 1647 2696 et
1675 2656 1806 2695 cum
1843 2636 1961 2694 illis
1981 2636 2158 2714 juxta
2183 2655 2310 2716 eam
2337 2635 2400 2692 in
2427 2634 2654 2712 agendo
2695 2655 2936 2695 concur—

527 2714 641 2790 rit;
672 2735 803 2775 cum
830 2717 1082 2795 definitis,
1105 2725 1173 2776 ut
1198 2715 1322 2794 ipse
1342 2735 1442 2775 eas
1470 2715 1814 2776 determinet
1841 2717 1964 2775 sine
1993 2715 2468 2774 determinatione
2495 2715 2758 2794 propria;
2801 2736 2936 2775 cum

528 2795 823 2889 t‘ndffinitth
848 2816 989 2856 vero
1016 2805 1076 2856 et
1101 2797 1317 2871 liberis,
1347 2805 1414 2855 ut
1439 2796 1580 2872 ipsae
1622 2815 1853 2873 quoque
1894 2815 1956 2854 se
1998 2795 2380 2855 determinent
2425 2797 2656 2873 proprio
2697 2795 2937 2855 rationis

520 2874 761 2954 judicio,
793 2883 852 2935 et
877 2876 1059 2935 libera
1097 2875 1417 2934 voluntatis
1457 2875 1850 2953 dispositione,
1894 2895 2068 2952 quam
2111 2875 2272 2934 Deus
2311 2895 2430 2934 non
2471 2875 2658 2934 aufert
2695 2876 2932 2952 homini,

530 2955 669 3031 quia
695 2955 779 3014 sic
806 2974 952 3033 opus
980 2973 1149 3014 suum
1175 2954 1513 3030 destrueret,
1544 2955 1649 3013 sed
1675 2955 1968 3032 relinquit,
1999 2962 2058 3014 et
2099 2954 2416 3015 confirmat.
2500 2955 2698 3032 Atque
2733 2954 2830 3015 hic
2869 2975 2933 3014 se

530 3033 726 3111 prodit
771 3034 863 3092 vis
910 3033 1013 3092 illa
1058 3032 1414 3092 admirabilis
1458 3033 1865 3110 Providentia,
1895 3054 2000 3113 per
2038 3054 2214 3112 quam
2255 3035 2338 3094 ita
2378 3055 2441 3094 se
2481 3043 2823 3114 attemperat
2847 3035 2932 3094 rei

530 3112 813 3191 cujusque
856 3121 1094 3189 naturae,
1125 3121 1191 3173 ιιι
1228 3113 1367 3173 licet
1406 3112 1789 3173 infallibiliter
1827 3122 1888 3174 et
1925 3114 2252 3174 necessario
2293 3135 2411 3174 rem
2456 3114 2746 3175 decretam
2793 3135 2928 3174 exe-

530 3199 758 3270 quatur,
798 3212 925 3251 eam
966 3200 1161 3252 tamen
1200 3193 1610 3253 convenienter
1648 3194 1776 3272 ejus
1817 3201 2036 3254 naturae
2075 3195 2335 3274 perficiat
2373 3197 2704 3255 interventu
2745 3214 2934 3254 causas

530 3271 836 3348 secundae3
867 3273 1206 3351 attingendo
1233 3294 1269 3332 a
1288 3274 1403 3334 fine
1430 3274 1507 3333 ad
1520 3273 1696 3333 finem
1716 3275 1954 3350 fortiter,
1975 3284 2036 3335 et
2055 3275 2416 3353 disponendo
2445 3275 2638 3334 omnia
2658 3273 2932 3335 suaviter.

611 3351 760 3411 VII.
804 3351 977 3413 Unde
1010 3355 1198 3413 Tertio
1224 3354 1499 3432 sequitur,
1532 3355 1680 3415 Cum
1709 3353 2085 3415 Providentia
2109 3375 2227 3414 non
2254 3365 2558 3416 concurrat
2573 3375 2705 3415 cum
2725 3355 2932 3414 volun-

531 3437 650 3492 tate
677 3432 945 3510 humana,
975 3433 1074 3493 vel
1115 3454 1220 3513 per
1245 3436 1597 3512 coactionem,
1628 3435 1891 3512 cogendo
1919 3436 2278 3494 voluntatem
2305 3435 2565 3512 invitam,
2609 3436 2708 3493 vel
2749 3438 2932 3494 deta·-

530 3513 799 3573 mt‘mmclo
827 3514 1074 3591 Physice,
1105 3523 1173 3574 ut
1196 3534 1319 3574 rem
1345 3516 1574 3575 brutam
1602 3524 1662 3575 et
1689 3535 1898 3574 caecam
1926 3516 2145 3592 absque
2172 3515 2294 3574 ullo
2311 3515 2553 3594 judicic,
2585 3515 2689 3574 sed
2715 3516 2932 3574 ration-

526 3594 712 3671 aliter,
743 3593 1029 3654 flectendo
1055 3595 1415 3655 voluntatem
1454 3594 1629 3655 modo
1656 3594 1770 3673 ipsi
1797 3595 2180 3670 convenienti,
2211 3603 2278 3654 ut
2305 3596 2552 3674 seipsam
2589 3595 2933 3654 determinet

528 3681 597 3733 ut
622 3693 797 3734 causa
822 3675 1087 3752 proxima
1114 3675 1403 3734 actionum
1434 3695 1698 3750 suarum,
1714 3675 1946 3752 proprio
1971 3673 2212 3734 rationis
2244 3675 2485 3753 judicio,
2516 3683 2575 3734 et
2617 3683 2934 3752 spontanea

528 3753 847 3813 voluntatis
874 3755 1191 3815 electione:
1234 3775 1360 3813 eam
1400 3755 1660 3814 libertati
1697 3763 1909 3814 nostrae
1949 3754 2170 3814 nullam
2211 3755 2330 3812 vim
2371 3755 2598 3832 inferre,
2631 3754 2735 3814 sed
2771 3755 2930 3813 illam

527 3833 722 3910 potius
748 3833 931 3892 amice
958 3834 1173 3894 fovere.
1257 3829 1407 3909 Quia
1432 3835 1563 3894 duze
1590 3835 1718 3894 istae
1734 3842 1960 3894 tantum
1989 3842 2124 3894 sunt
2149 3833 2510 3894 necessitatis
2538 3834 2777 3914 species,
2801 3853 2932 3911 quae

527 3911 854 3970 libertatem
880 3914 1185 3990 perimunt,
1216 3920 1275 3973 et
1302 3934 1433 3973 cum
1460 3934 1532 3974 ea
1558 3921 1695 3973 sunt
1719 3913 2013 3989 ἀήττητοι,
2043 3915 2335 3973 necessitas
2361 3916 2646 3974 naturalis
2671 3923 2732 3974 et
2771 3933 2929 3973 coac-

529 3990 692 4048 tionis
708 4013 732 4062 ,·
762 3990 1015 4070 Caetera,
1045 4014 1176 4071 quae
1202 3993 1481 4068 oriuntur,
1510 3993 1609 4051 vel
1635 4012 1672 4050 a
1699 3992 1930 4052 decreto
1960 3994 2089 4069 Dei,
2119 4002 2179 4053 et
2205 4013 2393 4053 causae
2419 3995 2622 4073 primae
2658 3994 2928 4069 motione,

528 4069 627 4129 vel
654 4069 729 4128 ab
750 4069 996 4148 objecto,
1022 4082 1082 4133 et
1101 4073 1322 4150 judicio
1344 4073 1553 4132 ultimo
1579 4071 1909 4133 intellectus
1928 4073 2168 4152 practici
2187 4094 2202 4148 ς
2233 4081 2458 4134 tantum
2479 4075 2646 4134 abest
2665 4083 2731 4134 ut
2757 4073 2932 4133 liber-

528 4155 707 4208 tatem
755 4157 1035 4226 evertant,
1082 4158 1151 4210 ut
1196 4171 1323 4210 eam
1370 4151 1557 4229 magis
1600 4159 1888 4228 tueantur,
1939 4154 2076 4231 quia
2122 4152 2363 4214 flectunt
2397 4155 2774 4230 voluntatem,
2813 4173 2934 4212 non

528 4248 599 4287 co
722 4236 763 4305 t,
784 4237 845 4288 et
869 4227 1088 4289 faciunt
1114 4249 1190 4289 ex
1216 4231 1447 4291 nolente
1474 4233 1788 4291 volentem.
1873 4232 2146 4311 Quisquis
2173 4234 2328 4292 enim
2356 4234 2496 4294 facit
2529 4241 2733 4312 sponte
2775 4231 2931 4311 quod

528 4248 761 4368 νιιῗῖιὲκ
788 4308 1026 4368 rationis
1047 4308 1269 4386 judicio
1310 4318 1371 4372 et
1408 4310 1581 4389 pleno
1620 4312 1941 4373 voluntatis
1983 4333 2286 4390 consensu,
2316 4312 2378 4373 id
2417 4334 2536 4372 non
2576 4323 2770 4392 potest
2813 4331 2932 4372 non

528 4387 711 4448 libere
739 4387 942 4464 facere,
982 4389 1208 4447 etiamsi
1247 4390 1571 4452 necessario
1618 4391 1812 4468 faciat,
1841 4393 2227 4471 undecunque
2270 4393 2415 4454 fluat
2452 4395 2556 4452 illa
2594 4393 2926 4469 necessitas,

530 4469 656 4528 sive
697 4468 771 4527 ab
810 4468 939 4546 ipsa
976 4469 1067 4529 rei
1102 4470 1411 4546 existentia,
1440 4471 1579 4549 quia
1617 4472 1894 4551 quicquid
1935 4482 2040 4550 est,
2071 4474 2305 4552 quando
2332 4482 2438 4551 est,
2467 4473 2793 4534 necessario
2820 4481 2927 4550 est,

524 4547 655 4610 sive
681 4548 755 4609 ab
796 4549 999 4626 objecto
1038 4557 1292 4610 mentem
1333 4559 1393 4611 et
1431 4552 1793 4614 voluntatem
1833 4552 2142 4614 efficaciter
2179 4563 2470 4632 movente,
2503 4553 2630 4615 sive
2679 4575 2714 4614 a
2755 4571 2932 4614 causa

528 4627 715 4708 prima
740 4627 1100 4709 decernente,
1128 4636 1190 4692 et
1216 4639 1608 4693 concurrente.

3162 87 3221 292 l
