<?xml version="1.0" encoding="UTF-8"?>
<!DOCTYPE html PUBLIC "-//W3C//DTD XHTML 1.0 Transitional//EN"
    "http://www.w3.org/TR/xhtml1/DTD/xhtml1-transitional.dtd">
<html xmlns="http://www.w3.org/1999/xhtml" xml:lang="en" lang="en">
 <head>
  <title>
</title>
<meta http-equiv="Content-Type" content="text/html;charset=utf-8" />
  <meta name='ocr-system' content='tesseract 3.04.00' />
  <meta name='ocr-capabilities' content='ocr_page ocr_carea ocr_par ocr_line ocrx_word'/>
</head>
<body>
  <div class='ocr_page' id='page_1' title='image "./institutiotheol00turrgoog_0360.png"; bbox 0 0 3300 5225; ppageno 0'>
   <div class='ocr_carea' id='block_1_1' title="bbox 499 339 2925 423">
    <p class='ocr_par' dir='ltr' id='par_1_1' title="bbox 499 339 2925 423">
     <span class='ocr_line' id='line_1_1' title="bbox 499 339 2925 423; baseline -0.003 -8"><span class='ocrx_word' id='word_1_1' title='bbox 499 357 615 416; x_wconf 88' lang='lat'><strong>308</strong></span> <span class='ocrx_word' id='word_1_2' title='bbox 1421 367 1604 409; x_wconf 74' lang='lat' dir='ltr'><strong>Locus</strong></span> <span class='ocrx_word' id='word_1_3' title='bbox 1631 365 1920 416; x_wconf 65' lang='lat' dir='ltr'><strong>Quanrus.</strong></span> <span class='ocrx_word' id='word_1_4' title='bbox 2516 416 2522 422; x_wconf 23' lang='grc' dir='ltr'>ι</span> <span class='ocrx_word' id='word_1_5' title='bbox 2556 339 2811 423; x_wconf 61' lang='grc'><strong>[0111001.</strong></span> <span class='ocrx_word' id='word_1_6' title='bbox 2840 365 2925 407; x_wconf 81' lang='lat' dir='ltr'><strong>rx.</strong></span> 
     </span>
    </p>
   </div>
   <div class='ocr_carea' id='block_1_2' title="bbox 423 505 2931 4731">
    <p class='ocr_par' dir='ltr' id='par_1_2' title="bbox 499 505 2915 1068">
     <span class='ocr_line' id='line_1_2' title="bbox 499 505 2914 583; baseline -0.004 -9"><span class='ocrx_word' id='word_1_7' title='bbox 499 515 762 574; x_wconf 88' lang='lat' dir='ltr'><strong>homines</strong></span> <span class='ocrx_word' id='word_1_8' title='bbox 791 511 1074 571; x_wconf 88' lang='lat' dir='ltr'><strong>creabiles</strong></span> <span class='ocrx_word' id='word_1_9' title='bbox 1101 509 1364 569; x_wconf 83' lang='lat' dir='ltr'><strong>absolute</strong></span> <span class='ocrx_word' id='word_1_10' title='bbox 1393 529 1508 568; x_wconf 90' lang='lat' dir='ltr'><strong>non</strong></span> <span class='ocrx_word' id='word_1_11' title='bbox 1536 529 1664 568; x_wconf 88' lang='lat' dir='ltr'><strong>esse</strong></span> <span class='ocrx_word' id='word_1_12' title='bbox 1696 505 2225 567; x_wconf 78' lang='lat' dir='ltr'><strong>Proedestinationis</strong></span> <span class='ocrx_word' id='word_1_13' title='bbox 2252 506 2561 583; x_wconf 83' lang='lat' dir='ltr'><strong>objectum,</strong></span> <span class='ocrx_word' id='word_1_14' title='bbox 2610 505 2751 582; x_wconf 82' lang='lat' dir='ltr'><strong>quia</strong></span> <span class='ocrx_word' id='word_1_15' title='bbox 2794 525 2914 566; x_wconf 91' lang='lat' dir='ltr'><strong>non</strong></span> 
     </span>
     <span class='ocr_line' id='line_1_3' title="bbox 503 585 2912 667; baseline -0.004 -13"><span class='ocrx_word' id='word_1_16' title='bbox 503 615 706 654; x_wconf 89' lang='lat' dir='ltr'><strong>omnes</strong></span> <span class='ocrx_word' id='word_1_17' title='bbox 735 593 852 652; x_wconf 89' lang='lat' dir='ltr'><strong>sint</strong></span> <span class='ocrx_word' id='word_1_18' title='bbox 879 590 1157 650; x_wconf 88' lang='lat' dir='ltr'><strong>creabiles</strong></span> <span class='ocrx_word' id='word_1_19' title='bbox 1185 590 1246 648; x_wconf 89' lang='lat' dir='ltr'><strong>in</strong></span> <span class='ocrx_word' id='word_1_20' title='bbox 1293 598 1583 667; x_wconf 82' lang='lat' dir='ltr'><strong>tempore3</strong></span> <span class='ocrx_word' id='word_1_21' title='bbox 1629 590 1796 664; x_wconf 84' lang='lat' dir='ltr'><strong>Nam,</strong></span> <span class='ocrx_word' id='word_1_22' title='bbox 1840 593 2222 665; x_wconf 77' lang='lat' dir='ltr'><strong>praeterquam</strong></span> <span class='ocrx_word' id='word_1_23' title='bbox 2263 585 2421 663; x_wconf 91' lang='lat' dir='ltr'><strong>quod</strong></span> <span class='ocrx_word' id='word_1_24' title='bbox 2460 585 2709 656; x_wconf 83' lang='lat' dir='ltr'><strong>absurde</strong></span> <span class='ocrx_word' id='word_1_25' title='bbox 2758 585 2912 645; x_wconf 87' lang='lat' dir='ltr'><strong>dice-</strong></span> 
     </span>
     <span class='ocr_line' id='line_1_4' title="bbox 503 665 2913 747; baseline -0.004 -13"><span class='ocrx_word' id='word_1_26' title='bbox 503 684 705 734; x_wconf 79' lang='lat' dir='ltr'><strong>rentur</strong></span> <span class='ocrx_word' id='word_1_27' title='bbox 731 671 1026 746; x_wconf 89' lang='lat' dir='ltr'><strong>creabiles‚</strong></span> <span class='ocrx_word' id='word_1_28' title='bbox 1059 671 1110 729; x_wconf 89' lang='lat' dir='ltr'><strong>si</strong></span> <span class='ocrx_word' id='word_1_29' title='bbox 1135 689 1249 729; x_wconf 90' lang='lat' dir='ltr'><strong>non</strong></span> <span class='ocrx_word' id='word_1_30' title='bbox 1277 679 1514 747; x_wconf 80' lang='lat' dir='ltr'><strong>possent</strong></span> <span class='ocrx_word' id='word_1_31' title='bbox 1542 670 1755 745; x_wconf 83' lang='lat' dir='ltr'><strong>creari3</strong></span> <span class='ocrx_word' id='word_1_32' title='bbox 1800 667 1962 726; x_wconf 87' lang='lat' dir='ltr'><strong>nulla</strong></span> <span class='ocrx_word' id='word_1_33' title='bbox 1986 668 2133 726; x_wconf 80' lang='lat' dir='ltr'><strong>ratio</strong></span> <span class='ocrx_word' id='word_1_34' title='bbox 2160 675 2353 744; x_wconf 87' lang='lat' dir='ltr'><strong>potest</strong></span> <span class='ocrx_word' id='word_1_35' title='bbox 2379 665 2585 741; x_wconf 81' lang='lat' dir='ltr'><strong>afferri,</strong></span> <span class='ocrx_word' id='word_1_36' title='bbox 2618 685 2721 726; x_wconf 89' lang='lat' dir='ltr'><strong>cur</strong></span> <span class='ocrx_word' id='word_1_37' title='bbox 2746 674 2913 742; x_wconf 87' lang='lat' dir='ltr'><strong>quot-</strong></span> 
     </span>
     <span class='ocr_line' id='line_1_5' title="bbox 507 745 2913 832; baseline -0.003 -19"><span class='ocrx_word' id='word_1_38' title='bbox 507 764 648 832; x_wconf 85' lang='lat' dir='ltr'><strong>quot</strong></span> <span class='ocrx_word' id='word_1_39' title='bbox 677 761 811 812; x_wconf 87' lang='lat' dir='ltr'><strong>sunt</strong></span> <span class='ocrx_word' id='word_1_40' title='bbox 839 751 1135 826; x_wconf 89' lang='lat' dir='ltr'><strong>creabiles,</strong></span> <span class='ocrx_word' id='word_1_41' title='bbox 1165 771 1284 810; x_wconf 88' lang='lat' dir='ltr'><strong>non</strong></span> <span class='ocrx_word' id='word_1_42' title='bbox 1319 749 1529 809; x_wconf 78' lang='lat' dir='ltr'><strong>cadant</strong></span> <span class='ocrx_word' id='word_1_43' title='bbox 1570 750 1678 809; x_wconf 91' lang='lat' dir='ltr'><strong>sub</strong></span> <span class='ocrx_word' id='word_1_44' title='bbox 1720 749 2011 826; x_wconf 86' lang='lat' dir='ltr'><strong>objectum</strong></span> <span class='ocrx_word' id='word_1_45' title='bbox 2056 746 2603 820; x_wconf 79' lang='lat' dir='ltr'><strong>Praedestinationis,</strong></span> <span class='ocrx_word' id='word_1_46' title='bbox 2648 745 2700 806; x_wconf 87' lang='lat' dir='ltr'><strong>si</strong></span> <span class='ocrx_word' id='word_1_47' title='bbox 2738 746 2913 805; x_wconf 88' lang='lat' dir='ltr'><strong>homo</strong></span> 
     </span>
     <span class='ocr_line' id='line_1_6' title="bbox 507 824 2913 910; baseline -0.004 -17"><span class='ocrx_word' id='word_1_48' title='bbox 507 833 773 894; x_wconf 87' lang='lat' dir='ltr'><strong>creabilis</strong></span> <span class='ocrx_word' id='word_1_49' title='bbox 802 851 917 910; x_wconf 88' lang='lat' dir='ltr'><strong>qua</strong></span> <span class='ocrx_word' id='word_1_50' title='bbox 943 831 1078 889; x_wconf 86' lang='lat' dir='ltr'><strong>talis</strong></span> <span class='ocrx_word' id='word_1_51' title='bbox 1104 840 1196 890; x_wconf 89' lang='lat' dir='ltr'><strong>est</strong></span> <span class='ocrx_word' id='word_1_52' title='bbox 1223 831 1352 908; x_wconf 89' lang='lat' dir='ltr'><strong>ejus</strong></span> <span class='ocrx_word' id='word_1_53' title='bbox 1379 830 1706 908; x_wconf 84' lang='lat' dir='ltr'><strong>objectum3</strong></span> <span class='ocrx_word' id='word_1_54' title='bbox 1754 829 1931 904; x_wconf 84' lang='lat' dir='ltr'><strong>Erg0,</strong></span> <span class='ocrx_word' id='word_1_55' title='bbox 1961 835 2028 886; x_wconf 90' lang='lat' dir='ltr'><strong>ut</strong></span> <span class='ocrx_word' id='word_1_56' title='bbox 2056 826 2364 885; x_wconf 75' lang='lat' dir='ltr'><strong>discrimen</strong></span> <span class='ocrx_word' id='word_1_57' title='bbox 2406 826 2734 884; x_wconf 85' lang='lat' dir='ltr'><strong>inveniatur</strong></span> <span class='ocrx_word' id='word_1_58' title='bbox 2760 824 2913 888; x_wconf 87' lang='lat' dir='ltr'><strong>inter</strong></span> 
     </span>
     <span class='ocr_line' id='line_1_7' title="bbox 507 905 2915 990; baseline -0.003 -17"><span class='ocrx_word' id='word_1_59' title='bbox 507 933 626 990; x_wconf 87' lang='lat' dir='ltr'><strong>eos,</strong></span> <span class='ocrx_word' id='word_1_60' title='bbox 657 912 757 990; x_wconf 88' lang='lat' dir='ltr'><strong>qui</strong></span> <span class='ocrx_word' id='word_1_61' title='bbox 783 919 1026 990; x_wconf 83' lang='lat' dir='ltr'>possunt</span> <span class='ocrx_word' id='word_1_62' title='bbox 1053 910 1232 988; x_wconf 87' lang='lat' dir='ltr'><strong>objici</strong></span> <span class='ocrx_word' id='word_1_63' title='bbox 1261 910 1388 968; x_wconf 89' lang='lat' dir='ltr'><strong>Deo</strong></span> <span class='ocrx_word' id='word_1_64' title='bbox 1414 906 1865 986; x_wconf 71' lang='lat' dir='ltr'><strong>praedestinanti,</strong></span> <span class='ocrx_word' id='word_1_65' title='bbox 1895 908 1993 965; x_wconf 86' lang='lat' dir='ltr'><strong>vel</strong></span> <span class='ocrx_word' id='word_1_66' title='bbox 2030 925 2163 981; x_wconf 88' lang='lat' dir='ltr'><strong>non,</strong></span> <span class='ocrx_word' id='word_1_67' title='bbox 2196 905 2660 965; x_wconf 86' lang='lat' dir='ltr'><strong>descendendum</strong></span> <span class='ocrx_word' id='word_1_68' title='bbox 2686 913 2797 965; x_wconf 88' lang='lat' dir='ltr'><strong>-est</strong></span> <span class='ocrx_word' id='word_1_69' title='bbox 2838 905 2915 966; x_wconf 83' lang='lat' dir='ltr'><strong>ad</strong></span> 
     </span>
     <span class='ocr_line' id='line_1_8' title="bbox 509 985 2911 1068; baseline -0.002 -16"><span class='ocrx_word' id='word_1_70' title='bbox 509 995 805 1054; x_wconf 90' lang='lat' dir='ltr'><strong>decretum</strong></span> <span class='ocrx_word' id='word_1_71' title='bbox 833 990 1170 1064; x_wconf 85' lang='lat' dir='ltr'><strong>Greationis‚</strong></span> <span class='ocrx_word' id='word_1_72' title='bbox 1201 997 1268 1048; x_wconf 91' lang='lat' dir='ltr'><strong>ut</strong></span> <span class='ocrx_word' id='word_1_73' title='bbox 1296 997 1693 1068; x_wconf 80' lang='lat' dir='ltr'><strong>supponantur</strong></span> <span class='ocrx_word' id='word_1_74' title='bbox 1718 986 1953 1046; x_wconf 88' lang='lat' dir='ltr'><strong>creandi</strong></span> <span class='ocrx_word' id='word_1_75' title='bbox 1978 987 2185 1064; x_wconf 88' lang='lat' dir='ltr'><strong>reipsa,</strong></span> <span class='ocrx_word' id='word_1_76' title='bbox 2216 1005 2333 1044; x_wconf 90' lang='lat' dir='ltr'><strong>non</strong></span> <span class='ocrx_word' id='word_1_77' title='bbox 2351 993 2585 1045; x_wconf 90' lang='lat' dir='ltr'><strong>-tantum</strong></span> <span class='ocrx_word' id='word_1_78' title='bbox 2612 985 2911 1046; x_wconf 85' lang='lat' dir='ltr'><strong>creabiles.</strong></span> 
     </span>
    </p>

    <p class='ocr_par' dir='ltr' id='par_1_3' title="bbox 510 1065 2914 1468">
     <span class='ocr_line' id='line_1_9' title="bbox 594 1065 2914 1147; baseline -0.003 -17"><span class='ocrx_word' id='word_1_79' title='bbox 594 1073 714 1131; x_wconf 88' lang='lat' dir='ltr'><strong>XI.</strong></span> <span class='ocrx_word' id='word_1_80' title='bbox 759 1074 814 1130; x_wconf 84' lang='lat'><strong>3.</strong></span> <span class='ocrx_word' id='word_1_81' title='bbox 852 1070 963 1145; x_wconf 88' lang='lat' dir='ltr'><strong>Qui</strong></span> <span class='ocrx_word' id='word_1_82' title='bbox 1006 1070 1278 1147; x_wconf 88' lang='lat' dir='ltr'><strong>objicitur</strong></span> <span class='ocrx_word' id='word_1_83' title='bbox 1318 1068 1531 1126; x_wconf 79' lang='lat' dir='ltr'><strong>divinae</strong></span> <span class='ocrx_word' id='word_1_84' title='bbox 1562 1066 2068 1126; x_wconf 84' lang='lat' dir='ltr'><strong>Praedestinationi</strong></span> <span class='ocrx_word' id='word_1_85' title='bbox 2108 1065 2281 1124; x_wconf 88' lang='lat' dir='ltr'><strong>debet</strong></span> <span class='ocrx_word' id='word_1_86' title='bbox 2320 1085 2463 1141; x_wconf 89' lang='lat' dir='ltr'><strong>esse,</strong></span> <span class='ocrx_word' id='word_1_87' title='bbox 2498 1066 2596 1124; x_wconf 85' lang='lat' dir='ltr'><strong>vel</strong></span> <span class='ocrx_word' id='word_1_88' title='bbox 2636 1065 2914 1142; x_wconf 88' lang='lat' dir='ltr'><strong>eligibilis</strong></span> 
     </span>
     <span class='ocr_line' id='line_1_10' title="bbox 511 1144 2913 1231; baseline -0.003 -20"><span class='ocrx_word' id='word_1_89' title='bbox 511 1173 615 1231; x_wconf 87' lang='lat' dir='ltr'><strong>per</strong></span> <span class='ocrx_word' id='word_1_90' title='bbox 639 1149 1105 1225; x_wconf 86' lang='lat' dir='ltr'><strong>misericordiam,</strong></span> <span class='ocrx_word' id='word_1_91' title='bbox 1137 1148 1234 1208; x_wconf 89' lang='lat' dir='ltr'><strong>vel</strong></span> <span class='ocrx_word' id='word_1_92' title='bbox 1260 1147 1640 1226; x_wconf 87' lang='lat' dir='ltr'><strong>reprobabilis</strong></span> <span class='ocrx_word' id='word_1_93' title='bbox 1666 1165 1771 1224; x_wconf 89' lang='lat' dir='ltr'><strong>per</strong></span> <span class='ocrx_word' id='word_1_94' title='bbox 1807 1145 2129 1223; x_wconf 81' lang='lat' dir='ltr'><strong>justitiam3</strong></span> <span class='ocrx_word' id='word_1_95' title='bbox 2175 1144 2278 1204; x_wconf 87' lang='lat' dir='ltr'><strong>sed</strong></span> <span class='ocrx_word' id='word_1_96' title='bbox 2304 1145 2415 1204; x_wconf 90' lang='grc'><strong>1100</strong></span> <span class='ocrx_word' id='word_1_97' title='bbox 2443 1144 2559 1203; x_wconf 91' lang='lat' dir='ltr'><strong>dici</strong></span> <span class='ocrx_word' id='word_1_98' title='bbox 2598 1145 2801 1222; x_wconf 89' lang='lat' dir='ltr'><strong>nequit</strong></span> <span class='ocrx_word' id='word_1_99' title='bbox 2840 1145 2913 1204; x_wconf 92' lang='lat' dir='ltr'><strong>de</strong></span> 
     </span>
     <span class='ocr_line' id='line_1_11' title="bbox 510 1223 2913 1303; baseline -0.003 -13"><span class='ocrx_word' id='word_1_100' title='bbox 510 1232 744 1291; x_wconf 86' lang='lat' dir='ltr'><strong>homine</strong></span> <span class='ocrx_word' id='word_1_101' title='bbox 770 1230 1008 1290; x_wconf 79' lang='lat' dir='ltr'><strong>creabili</strong></span> <span class='ocrx_word' id='word_1_102' title='bbox 1033 1236 1093 1288; x_wconf 89' lang='lat' dir='ltr'><strong>et</strong></span> <span class='ocrx_word' id='word_1_103' title='bbox 1119 1227 1298 1303; x_wconf 80' lang='lat' dir='ltr'><strong>labili,</strong></span> <span class='ocrx_word' id='word_1_104' title='bbox 1331 1226 1434 1285; x_wconf 90' lang='lat' dir='ltr'><strong>sed</strong></span> <span class='ocrx_word' id='word_1_105' title='bbox 1475 1234 1703 1286; x_wconf 87' lang='lat' dir='ltr'><strong>tantum</strong></span> <span class='ocrx_word' id='word_1_106' title='bbox 1744 1226 1817 1284; x_wconf 90' lang='lat' dir='ltr'><strong>de</strong></span> <span class='ocrx_word' id='word_1_107' title='bbox 1858 1235 2051 1284; x_wconf 88' lang='lat' dir='ltr'><strong>creato</strong></span> <span class='ocrx_word' id='word_1_108' title='bbox 2092 1235 2151 1284; x_wconf 87' lang='lat' dir='ltr'><strong>et</strong></span> <span class='ocrx_word' id='word_1_109' title='bbox 2190 1226 2370 1302; x_wconf 88' lang='lat' dir='ltr'><strong>laps0.</strong></span> <span class='ocrx_word' id='word_1_110' title='bbox 2457 1225 2581 1284; x_wconf 85' lang='lat' dir='ltr'><strong>Nec</strong></span> <span class='ocrx_word' id='word_1_111' title='bbox 2617 1223 2780 1284; x_wconf 89' lang='lat' dir='ltr'><strong>valet</strong></span> <span class='ocrx_word' id='word_1_112' title='bbox 2818 1225 2913 1283; x_wconf 86' lang='lat' dir='ltr'><strong>hic</strong></span> 
     </span>
     <span class='ocr_line' id='line_1_12' title="bbox 513 1304 2909 1382; baseline -0.004 -11"><span class='ocrx_word' id='word_1_113' title='bbox 513 1311 808 1371; x_wconf 87' lang='lat' dir='ltr'><strong>distinctio</strong></span> <span class='ocrx_word' id='word_1_114' title='bbox 833 1319 1057 1369; x_wconf 79' lang='lat' dir='ltr'><strong>actuum</strong></span> <span class='ocrx_word' id='word_1_115' title='bbox 1096 1309 1404 1366; x_wconf 72' lang='lat' dir='ltr'><strong>elic-iterum</strong></span> <span class='ocrx_word' id='word_1_116' title='bbox 1430 1315 1484 1366; x_wconf 86' lang='lat' dir='ltr'><strong>et</strong></span> <span class='ocrx_word' id='word_1_117' title='bbox 1509 1307 1930 1382; x_wconf 72' lang='lat' dir='ltr'><strong>imperatorum,</strong></span> <span class='ocrx_word' id='word_1_118' title='bbox 1963 1305 2130 1382; x_wconf 85' lang='lat' dir='ltr'><strong>quasi</strong></span> <span class='ocrx_word' id='word_1_119' title='bbox 2156 1306 2330 1362; x_wconf 89' lang='lat' dir='ltr'><strong>homo</strong></span> <span class='ocrx_word' id='word_1_120' title='bbox 2357 1323 2475 1363; x_wconf 89' lang='lat' dir='ltr'><strong>non</strong></span> <span class='ocrx_word' id='word_1_121' title='bbox 2502 1305 2579 1364; x_wconf 87' lang='lat' dir='ltr'><strong>sit</strong></span> <span class='ocrx_word' id='word_1_122' title='bbox 2616 1304 2909 1382; x_wconf 83' lang='lat' dir='ltr'><strong>eligibilis,</strong></span> 
     </span>
     <span class='ocr_line' id='line_1_13' title="bbox 512 1383 2910 1468; baseline -0.003 -19"><span class='ocrx_word' id='word_1_123' title='bbox 512 1391 610 1449; x_wconf 91' lang='lat' dir='ltr'><strong>vel</strong></span> <span class='ocrx_word' id='word_1_124' title='bbox 635 1389 1014 1468; x_wconf 87' lang='lat' dir='ltr'><strong>reprobabilis</strong></span> <span class='ocrx_word' id='word_1_125' title='bbox 1040 1387 1232 1465; x_wconf 85' lang='lat' dir='ltr'><strong>quoad</strong></span> <span class='ocrx_word' id='word_1_126' title='bbox 1259 1395 1422 1446; x_wconf 87' lang='lat' dir='ltr'><strong>actus</strong></span> <span class='ocrx_word' id='word_1_127' title='bbox 1448 1386 1775 1464; x_wconf 85' lang='lat' dir='ltr'><strong>imperatos,</strong></span> <span class='ocrx_word' id='word_1_128' title='bbox 1806 1385 1885 1444; x_wconf 88' lang='lat' dir='ltr'><strong>id.</strong></span> <span class='ocrx_word' id='word_1_129' title='bbox 1914 1385 2107 1462; x_wconf 86' lang='lat' dir='ltr'><strong>quoad</strong></span> <span class='ocrx_word' id='word_1_130' title='bbox 2132 1385 2416 1443; x_wconf 81' lang='lat' dir='ltr'><strong>actualem</strong></span> <span class='ocrx_word' id='word_1_131' title='bbox 2442 1383 2910 1459; x_wconf 86' lang='lat' dir='ltr'><strong>misericordiam,</strong></span> 
     </span>
    </p>

    <p class='ocr_par' dir='ltr' id='par_1_4' title="bbox 423 1463 2916 1865">
     <span class='ocr_line' id='line_1_14' title="bbox 423 1463 2911 1545; baseline -0.003 -15"><span class='ocrx_word' id='word_1_132' title='bbox 423 1481 426 1484; x_wconf 84' lang='grc'><strong><em>’</em></strong></span> <span class='ocrx_word' id='word_1_133' title='bbox 513 1471 618 1530; x_wconf 85' lang='lat' dir='ltr'><strong>sed</strong></span> <span class='ocrx_word' id='word_1_134' title='bbox 660 1471 807 1529; x_wconf 88' lang='lat' dir='ltr'><strong>bene</strong></span> <span class='ocrx_word' id='word_1_135' title='bbox 849 1468 1040 1545; x_wconf 87' lang='lat' dir='ltr'><strong>quoad</strong></span> <span class='ocrx_word' id='word_1_136' title='bbox 1081 1467 1321 1542; x_wconf 85' lang='lat' dir='ltr'><strong>elicitos,</strong></span> <span class='ocrx_word' id='word_1_137' title='bbox 1366 1466 1444 1526; x_wconf 91' lang='lat' dir='ltr'><strong>id.</strong></span> <span class='ocrx_word' id='word_1_138' title='bbox 1487 1467 1863 1524; x_wconf 85' lang='lat' dir='ltr'><strong>intentionem</strong></span> <span class='ocrx_word' id='word_1_139' title='bbox 1904 1465 2231 1538; x_wconf 88' lang='lat' dir='ltr'><strong>miserendi,</strong></span> <span class='ocrx_word' id='word_1_140' title='bbox 2277 1472 2335 1523; x_wconf 89' lang='lat' dir='ltr'><strong>et</strong></span> <span class='ocrx_word' id='word_1_141' title='bbox 2380 1463 2815 1542; x_wconf 49' lang='lat' dir='ltr'><strong>puniendiffssN</strong></span> <span class='ocrx_word' id='word_1_142' title='bbox 2820 1483 2911 1522; x_wconf 88' lang='lat' dir='ltr'><strong>am</strong></span> 
     </span>
     <span class='ocr_line' id='line_1_15' title="bbox 515 1543 2916 1628; baseline -0.001 -20"><span class='ocrx_word' id='word_1_143' title='bbox 515 1550 696 1628; x_wconf 90' lang='lat' dir='ltr'><strong>gratis</strong></span> <span class='ocrx_word' id='word_1_144' title='bbox 725 1549 1064 1627; x_wconf 79' lang='lat' dir='ltr'><strong>supponitur</strong></span> <span class='ocrx_word' id='word_1_145' title='bbox 1090 1547 1264 1606; x_wconf 81' lang='lat' dir='ltr'><strong>latius</strong></span> <span class='ocrx_word' id='word_1_146' title='bbox 1291 1553 1488 1623; x_wconf 86' lang='lat' dir='ltr'><strong>patere</strong></span> <span class='ocrx_word' id='word_1_147' title='bbox 1516 1553 1681 1605; x_wconf 88' lang='lat' dir='ltr'><strong>actus</strong></span> <span class='ocrx_word' id='word_1_148' title='bbox 1706 1545 1929 1604; x_wconf 88' lang='lat' dir='ltr'><strong>elicitos</strong></span> <span class='ocrx_word' id='word_1_149' title='bbox 1956 1564 2129 1621; x_wconf 89' lang='lat' dir='ltr'><strong>quam</strong></span> <span class='ocrx_word' id='word_1_150' title='bbox 2156 1545 2484 1622; x_wconf 79' lang='grc' dir='ltr'><strong>1111Ρο1οῒ00,</strong></span> <span class='ocrx_word' id='word_1_151' title='bbox 2514 1565 2647 1604; x_wconf 87' lang='grc'><strong>011111</strong></span> <span class='ocrx_word' id='word_1_152' title='bbox 2672 1543 2771 1603; x_wconf 89' lang='lat' dir='ltr'><strong>isti</strong></span> <span class='ocrx_word' id='word_1_153' title='bbox 2798 1544 2916 1606; x_wconf 85' lang='lat' dir='ltr'><strong>sint</strong></span> 
     </span>
     <span class='ocr_line' id='line_1_16' title="bbox 513 1624 2914 1704; baseline -0.001 -16"><span class='ocrx_word' id='word_1_154' title='bbox 513 1631 744 1688; x_wconf 88' lang='lat' dir='ltr'><strong>illorum</strong></span> <span class='ocrx_word' id='word_1_155' title='bbox 773 1627 1043 1704; x_wconf 86' lang='lat' dir='ltr'><strong>effectus;</strong></span> <span class='ocrx_word' id='word_1_156' title='bbox 1073 1635 1133 1685; x_wconf 88' lang='lat' dir='ltr'><strong>et</strong></span> <span class='ocrx_word' id='word_1_157' title='bbox 1159 1625 1581 1701; x_wconf 73' lang='lat' dir='ltr'><strong>misericordiae,</strong></span> <span class='ocrx_word' id='word_1_158' title='bbox 1613 1624 1710 1684; x_wconf 89' lang='lat' dir='ltr'><strong>vel</strong></span> <span class='ocrx_word' id='word_1_159' title='bbox 1744 1624 1989 1702; x_wconf 77' lang='lat' dir='ltr'><strong>justitiae</strong></span> <span class='ocrx_word' id='word_1_160' title='bbox 2018 1625 2133 1683; x_wconf 90' lang='lat' dir='ltr'><strong>Dei</strong></span> <span class='ocrx_word' id='word_1_161' title='bbox 2174 1625 2380 1683; x_wconf 84' lang='lat' dir='ltr'><strong>effecta</strong></span> <span class='ocrx_word' id='word_1_162' title='bbox 2422 1624 2699 1684; x_wconf 84' lang='lat' dir='ltr'><strong>destinari</strong></span> <span class='ocrx_word' id='word_1_163' title='bbox 2742 1644 2914 1704; x_wconf 86' lang='lat' dir='ltr'><strong>posse</strong></span> 
     </span>
     <span class='ocr_line' id='line_1_17' title="bbox 513 1705 2912 1783; baseline -0.002 -15"><span class='ocrx_word' id='word_1_164' title='bbox 513 1708 809 1783; x_wconf 84' lang='lat' dir='ltr'><strong>creaturis,</strong></span> <span class='ocrx_word' id='word_1_165' title='bbox 837 1727 944 1766; x_wconf 91' lang='lat' dir='ltr'><strong>nec</strong></span> <span class='ocrx_word' id='word_1_166' title='bbox 972 1705 1214 1780; x_wconf 89' lang='lat' dir='ltr'><strong>miseris,</strong></span> <span class='ocrx_word' id='word_1_167' title='bbox 1243 1725 1350 1764; x_wconf 90' lang='lat' dir='ltr'><strong>nec</strong></span> <span class='ocrx_word' id='word_1_168' title='bbox 1377 1706 1508 1780; x_wconf 89' lang='lat' dir='ltr'><strong>reis,</strong></span> <span class='ocrx_word' id='word_1_169' title='bbox 1549 1705 1706 1782; x_wconf 91' lang='lat' dir='ltr'><strong>quod</strong></span> <span class='ocrx_word' id='word_1_170' title='bbox 1732 1713 2017 1782; x_wconf 79' lang='lat' dir='ltr'><strong>repugnat</strong></span> <span class='ocrx_word' id='word_1_171' title='bbox 2058 1711 2279 1763; x_wconf 71' lang='lat' dir='ltr'><strong>naturae</strong></span> <span class='ocrx_word' id='word_1_172' title='bbox 2322 1705 2733 1782; x_wconf 79' lang='lat' dir='ltr'><strong>proprietatum</strong></span> <span class='ocrx_word' id='word_1_173' title='bbox 2776 1705 2912 1765; x_wconf 84' lang='lat' dir='ltr'><strong>ista-</strong></span> 
     </span>
     <span class='ocr_line' id='line_1_18' title="bbox 516 1783 2897 1865; baseline -0.002 -17"><span class='ocrx_word' id='word_1_174' title='bbox 516 1809 644 1848; x_wconf 91' lang='lat' dir='ltr'><strong>rum</strong></span> <span class='ocrx_word' id='word_1_175' title='bbox 672 1788 1137 1865; x_wconf 79' lang='lat' dir='ltr'><strong>respectivarum,</strong></span> <span class='ocrx_word' id='word_1_176' title='bbox 1169 1805 1299 1862; x_wconf 75' lang='lat' dir='ltr'><strong>quse</strong></span> <span class='ocrx_word' id='word_1_177' title='bbox 1326 1785 1617 1862; x_wconf 86' lang='lat' dir='ltr'><strong>objectum</strong></span> <span class='ocrx_word' id='word_1_178' title='bbox 1645 1784 1819 1844; x_wconf 89' lang='lat' dir='ltr'><strong>certis</strong></span> <span class='ocrx_word' id='word_1_179' title='bbox 1845 1783 2223 1861; x_wconf 88' lang='lat' dir='ltr'><strong>qualitatibus</strong></span> <span class='ocrx_word' id='word_1_180' title='bbox 2249 1784 2525 1844; x_wconf 88' lang='lat' dir='ltr'><strong>vestitum</strong></span> <span class='ocrx_word' id='word_1_181' title='bbox 2552 1795 2897 1862; x_wconf 89' lang='lat' dir='ltr'><strong>supponunt.</strong></span> 
     </span>
    </p>

    <p class='ocr_par' dir='ltr' id='par_1_5' title="bbox 516 1863 2915 2258">
     <span class='ocr_line' id='line_1_19' title="bbox 601 1863 2909 1942; baseline -0.001 -16"><span class='ocrx_word' id='word_1_182' title='bbox 601 1867 755 1926; x_wconf 85' lang='lat' dir='ltr'><strong>XII.</strong></span> <span class='ocrx_word' id='word_1_183' title='bbox 800 1871 856 1926; x_wconf 87' lang='lat'><strong>4.</strong></span> <span class='ocrx_word' id='word_1_184' title='bbox 891 1867 954 1926; x_wconf 88' lang='lat' dir='ltr'><strong>Si</strong></span> <span class='ocrx_word' id='word_1_185' title='bbox 974 1864 1412 1925; x_wconf 79' lang='lat' dir='ltr'><strong>Praedestinatio</strong></span> <span class='ocrx_word' id='word_1_186' title='bbox 1439 1865 1673 1942; x_wconf 77' lang='lat' dir='ltr'><strong>respicit</strong></span> <span class='ocrx_word' id='word_1_187' title='bbox 1698 1863 1990 1922; x_wconf 88' lang='lat' dir='ltr'><strong>hominem</strong></span> <span class='ocrx_word' id='word_1_188' title='bbox 2016 1864 2325 1923; x_wconf 86' lang='lat' dir='ltr'><strong>creabilem</strong></span> <span class='ocrx_word' id='word_1_189' title='bbox 2352 1865 2452 1922; x_wconf 88' lang='lat' dir='ltr'><strong>vel</strong></span> <span class='ocrx_word' id='word_1_190' title='bbox 2475 1863 2725 1940; x_wconf 86' lang='lat' dir='ltr'><strong>labilem,</strong></span> <span class='ocrx_word' id='word_1_191' title='bbox 2754 1884 2909 1924; x_wconf 86' lang='lat' dir='ltr'><strong>crea-</strong></span> 
     </span>
     <span class='ocr_line' id='line_1_20' title="bbox 517 1942 2911 2024; baseline -0.001 -18"><span class='ocrx_word' id='word_1_192' title='bbox 517 1948 600 2006; x_wconf 90' lang='lat' dir='ltr'><strong>tio</strong></span> <span class='ocrx_word' id='word_1_193' title='bbox 627 1957 686 2007; x_wconf 91' lang='lat' dir='ltr'><strong>et</strong></span> <span class='ocrx_word' id='word_1_194' title='bbox 731 1947 931 2024; x_wconf 86' lang='lat' dir='ltr'><strong>lapsus</strong></span> <span class='ocrx_word' id='word_1_195' title='bbox 978 1953 1148 2004; x_wconf 87' lang='lat' dir='ltr'><strong>erunt</strong></span> <span class='ocrx_word' id='word_1_196' title='bbox 1193 1943 1384 2002; x_wconf 89' lang='lat' dir='ltr'><strong>media</strong></span> <span class='ocrx_word' id='word_1_197' title='bbox 1433 1943 1999 2019; x_wconf 80' lang='lat' dir='ltr'><strong>Praedestinationis3</strong></span> <span class='ocrx_word' id='word_1_198' title='bbox 2044 1943 2147 2002; x_wconf 85' lang='lat' dir='ltr'><strong>sed</strong></span> <span class='ocrx_word' id='word_1_199' title='bbox 2194 1945 2305 2002; x_wconf 91' lang='lat' dir='ltr'><strong>hoc</strong></span> <span class='ocrx_word' id='word_1_200' title='bbox 2352 1951 2506 2003; x_wconf 88' lang='lat' dir='ltr'><strong>recte</strong></span> <span class='ocrx_word' id='word_1_201' title='bbox 2534 1943 2651 2002; x_wconf 90' lang='lat' dir='ltr'><strong>dici</strong></span> <span class='ocrx_word' id='word_1_202' title='bbox 2696 1942 2911 2020; x_wconf 90' lang='lat' dir='ltr'><strong>nequit.</strong></span> 
     </span>
     <span class='ocr_line' id='line_1_21' title="bbox 523 2021 2911 2102; baseline -0.001 -17"><span class='ocrx_word' id='word_1_203' title='bbox 523 2032 574 2087; x_wconf 92' lang='lat'><strong>1.</strong></span> <span class='ocrx_word' id='word_1_204' title='bbox 621 2027 772 2102; x_wconf 87' lang='lat' dir='ltr'><strong>Quia</strong></span> <span class='ocrx_word' id='word_1_205' title='bbox 802 2026 1097 2102; x_wconf 81' lang='lat' dir='ltr'><strong>Scriptura</strong></span> <span class='ocrx_word' id='word_1_206' title='bbox 1122 2043 1418 2100; x_wconf 88' lang='lat' dir='ltr'><strong>nunquam</strong></span> <span class='ocrx_word' id='word_1_207' title='bbox 1445 2023 1520 2082; x_wconf 92' lang='lat' dir='ltr'><strong>de</strong></span> <span class='ocrx_word' id='word_1_208' title='bbox 1545 2022 1681 2098; x_wconf 89' lang='lat' dir='ltr'><strong>illis,</strong></span> <span class='ocrx_word' id='word_1_209' title='bbox 1708 2032 1776 2082; x_wconf 92' lang='lat' dir='ltr'><strong>ut</strong></span> <span class='ocrx_word' id='word_1_210' title='bbox 1804 2023 1877 2081; x_wconf 90' lang='lat' dir='ltr'><strong>de</strong></span> <span class='ocrx_word' id='word_1_211' title='bbox 1908 2021 2117 2081; x_wconf 89' lang='lat' dir='ltr'><strong>mediis</strong></span> <span class='ocrx_word' id='word_1_212' title='bbox 2159 2023 2689 2082; x_wconf 80' lang='lat' dir='ltr'><strong>Praedestinationis</strong></span> <span class='ocrx_word' id='word_1_213' title='bbox 2728 2024 2911 2100; x_wconf 89' lang='lat' dir='ltr'><strong>loqui-</strong></span> 
     </span>
     <span class='ocr_line' id='line_1_22' title="bbox 517 2102 2915 2181; baseline -0.002 -15"><span class='ocrx_word' id='word_1_214' title='bbox 517 2116 629 2181; x_wconf 87' lang='lat' dir='ltr'><strong>tur,</strong></span> <span class='ocrx_word' id='word_1_215' title='bbox 661 2106 765 2164; x_wconf 90' lang='lat' dir='ltr'><strong>sed</strong></span> <span class='ocrx_word' id='word_1_216' title='bbox 791 2113 858 2165; x_wconf 90' lang='lat' dir='ltr'><strong>ut</strong></span> <span class='ocrx_word' id='word_1_217' title='bbox 884 2105 956 2164; x_wconf 92' lang='lat' dir='ltr'><strong>de</strong></span> <span class='ocrx_word' id='word_1_218' title='bbox 984 2104 1311 2163; x_wconf 88' lang='lat' dir='ltr'><strong>conditione</strong></span> <span class='ocrx_word' id='word_1_219' title='bbox 1339 2102 1744 2177; x_wconf 84' lang='lat' dir='ltr'><strong>antecedanea,</strong></span> <span class='ocrx_word' id='word_1_220' title='bbox 1774 2102 1913 2161; x_wconf 90' lang='lat' dir='ltr'><strong>dum</strong></span> <span class='ocrx_word' id='word_1_221' title='bbox 1956 2103 2164 2161; x_wconf 79' lang='lat' dir='ltr'><strong>transit</strong></span> <span class='ocrx_word' id='word_1_222' title='bbox 2206 2122 2243 2162; x_wconf 83' lang='lat' dir='ltr'><strong>a</strong></span> <span class='ocrx_word' id='word_1_223' title='bbox 2281 2103 2793 2163; x_wconf 81' lang='lat' dir='ltr'><strong>Praedestinatione</strong></span> <span class='ocrx_word' id='word_1_224' title='bbox 2838 2103 2915 2162; x_wconf 83' lang='lat' dir='ltr'><strong>ad</strong></span> 
     </span>
     <span class='ocr_line' id='line_1_23' title="bbox 516 2181 2915 2258; baseline -0.001 -13"><span class='ocrx_word' id='word_1_225' title='bbox 516 2185 896 2246; x_wconf 85' lang='lat' dir='ltr'><strong>vocationem.</strong></span> <span class='ocrx_word' id='word_1_226' title='bbox 989 2187 1048 2254; x_wconf 81' lang='grc'><strong>2.</strong></span> <span class='ocrx_word' id='word_1_227' title='bbox 1093 2181 1356 2242; x_wconf 90' lang='lat' dir='ltr'><strong>Medium</strong></span> <span class='ocrx_word' id='word_1_228' title='bbox 1395 2182 1779 2241; x_wconf 87' lang='lat' dir='ltr'><strong>necessariam</strong></span> <span class='ocrx_word' id='word_1_229' title='bbox 1826 2181 2003 2241; x_wconf 88' lang='lat' dir='ltr'><strong>habet</strong></span> <span class='ocrx_word' id='word_1_230' title='bbox 2042 2181 2460 2242; x_wconf 83' lang='lat' dir='ltr'><strong>connexionem</strong></span> <span class='ocrx_word' id='word_1_231' title='bbox 2500 2203 2631 2242; x_wconf 88' lang='lat' dir='ltr'><strong>cum</strong></span> <span class='ocrx_word' id='word_1_232' title='bbox 2673 2183 2804 2258; x_wconf 88' lang='lat' dir='ltr'><strong>fine,</strong></span> <span class='ocrx_word' id='word_1_233' title='bbox 2850 2191 2915 2243; x_wconf 88' lang='lat' dir='ltr'><strong>ut</strong></span> 
     </span>
    </p>

    <p class='ocr_par' dir='ltr' id='par_1_6' title="bbox 491 2261 2915 2504">
     <span class='ocr_line' id='line_1_24' title="bbox 491 2261 2915 2345; baseline -0.002 -18"><span class='ocrx_word' id='word_1_234' title='bbox 491 2267 706 2345; x_wconf 78' lang='lat' dir='ltr'><strong>-posito</strong></span> <span class='ocrx_word' id='word_1_235' title='bbox 733 2265 942 2338; x_wconf 88' lang='lat' dir='ltr'><strong>medio,</strong></span> <span class='ocrx_word' id='word_1_236' title='bbox 972 2261 1296 2322; x_wconf 86' lang='lat' dir='ltr'><strong>necessario</strong></span> <span class='ocrx_word' id='word_1_237' title='bbox 1325 2261 1534 2320; x_wconf 89' lang='lat' dir='ltr'><strong>debeat</strong></span> <span class='ocrx_word' id='word_1_238' title='bbox 1573 2281 1681 2320; x_wconf 88' lang='lat' dir='ltr'><strong>suo</strong></span> <span class='ocrx_word' id='word_1_239' title='bbox 1721 2270 1977 2339; x_wconf 86' lang='lat' dir='ltr'><strong>tempore</strong></span> <span class='ocrx_word' id='word_1_240' title='bbox 2016 2261 2155 2338; x_wconf 91' lang='lat' dir='ltr'><strong>poni</strong></span> <span class='ocrx_word' id='word_1_241' title='bbox 2194 2261 2343 2320; x_wconf 87' lang='lat' dir='ltr'><strong>finis.</strong></span> <span class='ocrx_word' id='word_1_242' title='bbox 2428 2261 2515 2322; x_wconf 90' lang='lat' dir='ltr'><strong>At</strong></span> <span class='ocrx_word' id='word_1_243' title='bbox 2554 2281 2661 2322; x_wconf 88' lang='lat' dir='ltr'><strong>nec</strong></span> <span class='ocrx_word' id='word_1_244' title='bbox 2682 2263 2915 2322; x_wconf 81' lang='lat' dir='ltr'><strong>creatio</strong></span> 
     </span>
     <span class='ocr_line' id='line_1_25' title="bbox 515 2341 2915 2423; baseline -0.001 -19"><span class='ocrx_word' id='word_1_245' title='bbox 515 2366 624 2406; x_wconf 90' lang='lat' dir='ltr'><strong>nec</strong></span> <span class='ocrx_word' id='word_1_246' title='bbox 650 2347 850 2423; x_wconf 87' lang='lat' dir='ltr'><strong>lapsus</strong></span> <span class='ocrx_word' id='word_1_247' title='bbox 876 2343 1056 2404; x_wconf 88' lang='lat' dir='ltr'><strong>ullam</strong></span> <span class='ocrx_word' id='word_1_248' title='bbox 1083 2341 1259 2402; x_wconf 89' lang='lat' dir='ltr'><strong>talem</strong></span> <span class='ocrx_word' id='word_1_249' title='bbox 1287 2341 1705 2401; x_wconf 82' lang='lat' dir='ltr'><strong>connexionem</strong></span> <span class='ocrx_word' id='word_1_250' title='bbox 1733 2341 1964 2416; x_wconf 86' lang='lat' dir='ltr'><strong>habent,</strong></span> <span class='ocrx_word' id='word_1_251' title='bbox 1994 2341 2093 2399; x_wconf 91' lang='lat' dir='ltr'><strong>vel</strong></span> <span class='ocrx_word' id='word_1_252' title='bbox 2132 2359 2263 2400; x_wconf 87' lang='lat' dir='ltr'><strong>cum</strong></span> <span class='ocrx_word' id='word_1_253' title='bbox 2304 2342 2603 2418; x_wconf 85' lang='lat' dir='ltr'><strong>electione,</strong></span> <span class='ocrx_word' id='word_1_254' title='bbox 2646 2343 2744 2401; x_wconf 91' lang='lat' dir='ltr'><strong>vel</strong></span> <span class='ocrx_word' id='word_1_255' title='bbox 2782 2361 2915 2401; x_wconf 88' lang='lat' dir='ltr'><strong>cum</strong></span> 
     </span>
     <span class='ocr_line' id='line_1_26' title="bbox 517 2419 2913 2504; baseline -0.002 -19"><span class='ocrx_word' id='word_1_256' title='bbox 517 2425 934 2504; x_wconf 80' lang='lat' dir='ltr'><strong>reprobatione,</strong></span> <span class='ocrx_word' id='word_1_257' title='bbox 991 2441 1126 2481; x_wconf 86' lang='lat' dir='ltr'><strong>nam</strong></span> <span class='ocrx_word' id='word_1_258' title='bbox 1180 2428 1446 2499; x_wconf 84' lang='lat' dir='ltr'><strong>poterant</strong></span> <span class='ocrx_word' id='word_1_259' title='bbox 1497 2420 1680 2480; x_wconf 90' lang='lat' dir='ltr'><strong>creari</strong></span> <span class='ocrx_word' id='word_1_260' title='bbox 1734 2429 1795 2481; x_wconf 89' lang='lat' dir='ltr'><strong>et</strong></span> <span class='ocrx_word' id='word_1_261' title='bbox 1845 2419 1965 2480; x_wconf 87' lang='lat' dir='ltr'><strong>labi</strong></span> <span class='ocrx_word' id='word_1_262' title='bbox 2010 2421 2292 2496; x_wconf 88' lang='lat' dir='ltr'><strong>homines,</strong></span> <span class='ocrx_word' id='word_1_263' title='bbox 2348 2439 2455 2480; x_wconf 90' lang='grc'><strong>1100</strong></span> <span class='ocrx_word' id='word_1_264' title='bbox 2506 2429 2699 2481; x_wconf 81' lang='lat' dir='ltr'><strong>tamen</strong></span> <span class='ocrx_word' id='word_1_265' title='bbox 2754 2422 2913 2499; x_wconf 82' lang='lat' dir='ltr'><strong>eligi.</strong></span> 
     </span>
    </p>

    <p class='ocr_par' dir='ltr' id='par_1_7' title="bbox 489 2499 2919 2963">
     <span class='ocr_line' id='line_1_27' title="bbox 489 2499 2916 2578; baseline -0.002 -14"><span class='ocrx_word' id='word_1_266' title='bbox 489 2545 492 2550; x_wconf 94' lang='lat'>-</span> <span class='ocrx_word' id='word_1_267' title='bbox 520 2509 576 2565; x_wconf 84' lang='lat'><strong>3.</strong></span> <span class='ocrx_word' id='word_1_268' title='bbox 607 2504 806 2564; x_wconf 89' lang='lat' dir='ltr'><strong>Media</strong></span> <span class='ocrx_word' id='word_1_269' title='bbox 825 2503 1038 2562; x_wconf 90' lang='lat' dir='ltr'><strong>debent</strong></span> <span class='ocrx_word' id='word_1_270' title='bbox 1065 2521 1192 2560; x_wconf 85' lang='lat' dir='ltr'><strong>esse</strong></span> <span class='ocrx_word' id='word_1_271' title='bbox 1219 2501 1480 2578; x_wconf 84' lang='lat' dir='ltr'><strong>ejusdem</strong></span> <span class='ocrx_word' id='word_1_272' title='bbox 1507 2499 1727 2559; x_wconf 86' lang='lat' dir='ltr'><strong>ordinis</strong></span> <span class='ocrx_word' id='word_1_273' title='bbox 1752 2509 1812 2560; x_wconf 89' lang='lat' dir='ltr'><strong>et</strong></span> <span class='ocrx_word' id='word_1_274' title='bbox 1831 2499 2275 2577; x_wconf 82' lang='lat' dir='ltr'><strong>dispensationis</strong></span> <span class='ocrx_word' id='word_1_275' title='bbox 2300 2523 2313 2560; x_wconf 90' lang='lat'><strong>:</strong></span> <span class='ocrx_word' id='word_1_276' title='bbox 2357 2500 2443 2560; x_wconf 90' lang='lat' dir='ltr'><strong>At</strong></span> <span class='ocrx_word' id='word_1_277' title='bbox 2466 2500 2681 2560; x_wconf 83' lang='lat' dir='ltr'><strong>creatio</strong></span> <span class='ocrx_word' id='word_1_278' title='bbox 2708 2509 2767 2560; x_wconf 89' lang='lat' dir='ltr'><strong>et</strong></span> <span class='ocrx_word' id='word_1_279' title='bbox 2792 2501 2916 2577; x_wconf 82' lang='lat' dir='ltr'><strong>lap·</strong></span> 
     </span>
     <span class='ocr_line' id='line_1_28' title="bbox 523 2577 2918 2663; baseline -0.002 -18"><span class='ocrx_word' id='word_1_280' title='bbox 523 2605 622 2645; x_wconf 89' lang='lat' dir='ltr'><strong>sus</strong></span> <span class='ocrx_word' id='word_1_281' title='bbox 649 2583 936 2663; x_wconf 85' lang='lat' dir='ltr'><strong>pertinent</strong></span> <span class='ocrx_word' id='word_1_282' title='bbox 963 2581 1039 2641; x_wconf 87' lang='lat' dir='ltr'><strong>ad</strong></span> <span class='ocrx_word' id='word_1_283' title='bbox 1065 2580 1324 2640; x_wconf 89' lang='lat' dir='ltr'><strong>ordinem</strong></span> <span class='ocrx_word' id='word_1_284' title='bbox 1351 2580 1673 2640; x_wconf 83' lang='lat' dir='ltr'><strong>naturalem</strong></span> <span class='ocrx_word' id='word_1_285' title='bbox 1700 2587 1763 2639; x_wconf 90' lang='lat' dir='ltr'><strong>et</strong></span> <span class='ocrx_word' id='word_1_286' title='bbox 1786 2579 2269 2658; x_wconf 81' lang='lat' dir='ltr'><strong>dispensationem</strong></span> <span class='ocrx_word' id='word_1_287' title='bbox 2310 2579 2711 2657; x_wconf 71' lang='lat' dir='ltr'><strong>Providentiae,</strong></span> <span class='ocrx_word' id='word_1_288' title='bbox 2758 2577 2918 2640; x_wconf 83' lang='lat' dir='ltr'><strong>salus</strong></span> 
     </span>
     <span class='ocr_line' id='line_1_29' title="bbox 522 2659 2919 2738; baseline -0.002 -15"><span class='ocrx_word' id='word_1_289' title='bbox 522 2684 662 2723; x_wconf 86' lang='lat' dir='ltr'><strong>vero</strong></span> <span class='ocrx_word' id='word_1_290' title='bbox 706 2672 765 2723; x_wconf 89' lang='lat' dir='ltr'><strong>et</strong></span> <span class='ocrx_word' id='word_1_291' title='bbox 811 2661 1104 2728; x_wconf 85' lang='lat' dir='ltr'><strong>damnatio</strong></span> <span class='ocrx_word' id='word_1_292' title='bbox 1157 2660 1233 2719; x_wconf 82' lang='lat' dir='ltr'><strong>ad</strong></span> <span class='ocrx_word' id='word_1_293' title='bbox 1281 2659 1540 2719; x_wconf 89' lang='lat' dir='ltr'><strong>ordinem</strong></span> <span class='ocrx_word' id='word_1_294' title='bbox 1585 2660 2077 2738; x_wconf 84' lang='lat' dir='ltr'><strong>supernaturalem</strong></span> <span class='ocrx_word' id='word_1_295' title='bbox 2127 2660 2671 2721; x_wconf 77' lang='lat' dir='ltr'><strong>Praedestinationis.</strong></span> <span class='ocrx_word' id='word_1_296' title='bbox 2760 2664 2820 2719; x_wconf 82' lang='lat'><strong>4.</strong></span> <span class='ocrx_word' id='word_1_297' title='bbox 2854 2660 2919 2719; x_wconf 86' lang='lat' dir='ltr'><strong>Si</strong></span> 
     </span>
     <span class='ocr_line' id='line_1_30' title="bbox 521 2738 2918 2819; baseline -0.002 -16"><span class='ocrx_word' id='word_1_298' title='bbox 521 2743 714 2803; x_wconf 83' lang='lat' dir='ltr'><strong>media</strong></span> <span class='ocrx_word' id='word_1_299' title='bbox 765 2749 975 2816; x_wconf 88' lang='lat' dir='ltr'><strong>essent,</strong></span> <span class='ocrx_word' id='word_1_300' title='bbox 1035 2740 1198 2799; x_wconf 90' lang='lat' dir='ltr'><strong>Deus</strong></span> <span class='ocrx_word' id='word_1_301' title='bbox 1245 2738 1550 2798; x_wconf 88' lang='lat' dir='ltr'><strong>consilium</strong></span> <span class='ocrx_word' id='word_1_302' title='bbox 1605 2740 1873 2799; x_wconf 82' lang='lat' dir='ltr'><strong>inivisset</strong></span> <span class='ocrx_word' id='word_1_303' title='bbox 1920 2739 1993 2799; x_wconf 92' lang='lat' dir='ltr'><strong>de</strong></span> <span class='ocrx_word' id='word_1_304' title='bbox 2038 2740 2273 2799; x_wconf 87' lang='lat' dir='ltr'><strong>homine</strong></span> <span class='ocrx_word' id='word_1_305' title='bbox 2318 2738 2613 2815; x_wconf 84' lang='lat' dir='ltr'><strong>salvando,</strong></span> <span class='ocrx_word' id='word_1_306' title='bbox 2660 2740 2761 2799; x_wconf 88' lang='lat' dir='ltr'><strong>vel</strong></span> <span class='ocrx_word' id='word_1_307' title='bbox 2786 2760 2918 2819; x_wconf 86' lang='lat' dir='ltr'><strong>per·</strong></span> 
     </span>
     <span class='ocr_line' id='line_1_31' title="bbox 519 2818 2918 2899; baseline -0.001 -17"><span class='ocrx_word' id='word_1_308' title='bbox 519 2822 726 2897; x_wconf 86' lang='lat' dir='ltr'><strong>dendo,</strong></span> <span class='ocrx_word' id='word_1_309' title='bbox 759 2830 1066 2899; x_wconf 83' lang='lat' dir='ltr'><strong>antequam</strong></span> <span class='ocrx_word' id='word_1_310' title='bbox 1093 2819 1403 2897; x_wconf 86' lang='lat' dir='ltr'><strong>quicquam</strong></span> <span class='ocrx_word' id='word_1_311' title='bbox 1431 2818 1785 2879; x_wconf 86' lang='lat' dir='ltr'><strong>decrevisset</strong></span> <span class='ocrx_word' id='word_1_312' title='bbox 1810 2818 1882 2879; x_wconf 91' lang='lat' dir='ltr'><strong>de</strong></span> <span class='ocrx_word' id='word_1_313' title='bbox 1910 2820 2036 2898; x_wconf 86' lang='lat' dir='ltr'><strong>ejus</strong></span> <span class='ocrx_word' id='word_1_314' title='bbox 2064 2818 2397 2880; x_wconf 87' lang='lat' dir='ltr'><strong>futuritione</strong></span> <span class='ocrx_word' id='word_1_315' title='bbox 2434 2828 2494 2881; x_wconf 89' lang='lat' dir='ltr'><strong>et</strong></span> <span class='ocrx_word' id='word_1_316' title='bbox 2530 2820 2717 2899; x_wconf 86' lang='lat' dir='ltr'><strong>lapsu,</strong></span> <span class='ocrx_word' id='word_1_317' title='bbox 2762 2820 2918 2899; x_wconf 90' lang='lat' dir='ltr'><strong>quod</strong></span> 
     </span>
     <span class='ocr_line' id='line_1_32' title="bbox 525 2903 2175 2963; baseline -0.001 -1"><span class='ocrx_word' id='word_1_318' title='bbox 525 2903 857 2963; x_wconf 89' lang='lat' dir='ltr'><strong>absurdum.</strong></span> <span class='ocrx_word' id='word_1_319' title='bbox 1295 2926 1304 2935; x_wconf 90' lang='lat'><strong>·</strong></span> <span class='ocrx_word' id='word_1_320' title='bbox 2167 2940 2175 2949; x_wconf 93' lang='lat'>-</span> 
     </span>
    </p>

    <p class='ocr_par' dir='ltr' id='par_1_8' title="bbox 516 2978 2927 3774">
     <span class='ocr_line' id='line_1_33' title="bbox 605 2978 2922 3059; baseline -0.001 -19"><span class='ocrx_word' id='word_1_321' title='bbox 605 2981 798 3041; x_wconf 88' lang='lat' dir='ltr'><strong>XIII.</strong></span> <span class='ocrx_word' id='word_1_322' title='bbox 843 2981 1084 3039; x_wconf 86' lang='lat' dir='ltr'><strong>Frustra</strong></span> <span class='ocrx_word' id='word_1_323' title='bbox 1125 2978 1298 3056; x_wconf 89' lang='lat' dir='ltr'><strong>dices,</strong></span> <span class='ocrx_word' id='word_1_324' title='bbox 1347 2980 1536 3039; x_wconf 88' lang='lat' dir='ltr'><strong>Deum</strong></span> <span class='ocrx_word' id='word_1_325' title='bbox 1579 3000 1697 3039; x_wconf 89' lang='lat' dir='ltr'><strong>non</strong></span> <span class='ocrx_word' id='word_1_326' title='bbox 1736 2980 1993 3057; x_wconf 86' lang='lat' dir='ltr'><strong>potuisse</strong></span> <span class='ocrx_word' id='word_1_327' title='bbox 2032 2980 2333 3059; x_wconf 88' lang='lat' dir='ltr'><strong>pervenire</strong></span> <span class='ocrx_word' id='word_1_328' title='bbox 2370 2980 2447 3039; x_wconf 89' lang='lat' dir='ltr'><strong>ad</strong></span> <span class='ocrx_word' id='word_1_329' title='bbox 2481 2980 2922 3040; x_wconf 74' lang='lat' dir='ltr'><strong>illustrationem</strong></span> 
     </span>
     <span class='ocr_line' id='line_1_34' title="bbox 524 3058 2923 3140; baseline -0 -21"><span class='ocrx_word' id='word_1_330' title='bbox 524 3062 724 3140; x_wconf 75' lang='lat' dir='ltr'><strong>gloriae</strong></span> <span class='ocrx_word' id='word_1_331' title='bbox 767 3080 886 3119; x_wconf 78' lang='lat' dir='ltr'><strong>sues</strong></span> <span class='ocrx_word' id='word_1_332' title='bbox 926 3080 1030 3137; x_wconf 89' lang='lat' dir='ltr'><strong>per</strong></span> <span class='ocrx_word' id='word_1_333' title='bbox 1055 3059 1291 3119; x_wconf 87' lang='lat' dir='ltr'><strong>modum</strong></span> <span class='ocrx_word' id='word_1_334' title='bbox 1324 3060 1568 3137; x_wconf 71' lang='lat' dir='ltr'><strong>justitiae</strong></span> <span class='ocrx_word' id='word_1_335' title='bbox 1597 3058 1657 3119; x_wconf 85' lang='lat' dir='ltr'><strong>et</strong></span> <span class='ocrx_word' id='word_1_336' title='bbox 1694 3060 2118 3137; x_wconf 69' lang='lat' dir='ltr'><strong>misericordiis,</strong></span> <span class='ocrx_word' id='word_1_337' title='bbox 2154 3060 2269 3119; x_wconf 88' lang='lat' dir='ltr'><strong>nisi</strong></span> <span class='ocrx_word' id='word_1_338' title='bbox 2307 3061 2497 3139; x_wconf 88' lang='lat' dir='ltr'><strong>posita</strong></span> <span class='ocrx_word' id='word_1_339' title='bbox 2536 3059 2822 3119; x_wconf 85' lang='lat' dir='ltr'><strong>creatione</strong></span> <span class='ocrx_word' id='word_1_340' title='bbox 2862 3068 2923 3119; x_wconf 90' lang='lat' dir='ltr'><strong>et</strong></span> 
     </span>
     <span class='ocr_line' id='line_1_35' title="bbox 521 3140 2921 3218; baseline -0.001 -18"><span class='ocrx_word' id='word_1_341' title='bbox 521 3142 708 3218; x_wconf 86' lang='lat' dir='ltr'><strong>lapsu,</strong></span> <span class='ocrx_word' id='word_1_342' title='bbox 733 3140 976 3217; x_wconf 89' lang='lat' dir='ltr'><strong>ideoque</strong></span> <span class='ocrx_word' id='word_1_343' title='bbox 1004 3148 1310 3215; x_wconf 89' lang='lat' dir='ltr'><strong>utrumque</strong></span> <span class='ocrx_word' id='word_1_344' title='bbox 1337 3158 1508 3216; x_wconf 86' lang='lat' dir='ltr'><strong>posse</strong></span> <span class='ocrx_word' id='word_1_345' title='bbox 1535 3140 1749 3199; x_wconf 88' lang='lat' dir='ltr'><strong>habere</strong></span> <span class='ocrx_word' id='word_1_346' title='bbox 1764 3140 2043 3200; x_wconf 86' lang='lat' dir='ltr'><strong>rationem</strong></span> <span class='ocrx_word' id='word_1_347' title='bbox 2070 3140 2409 3201; x_wconf 89' lang='lat' dir='ltr'><strong>mediorum.</strong></span> <span class='ocrx_word' id='word_1_348' title='bbox 2452 3140 2604 3199; x_wconf 89' lang='lat' dir='ltr'><strong>Nam</strong></span> <span class='ocrx_word' id='word_1_349' title='bbox 2630 3140 2769 3201; x_wconf 85' lang='lat' dir='ltr'><strong>licet</strong></span> <span class='ocrx_word' id='word_1_350' title='bbox 2792 3159 2921 3217; x_wconf 90' lang='lat' dir='ltr'><strong>pec-</strong></span> 
     </span>
     <span class='ocr_line' id='line_1_36' title="bbox 523 3218 2924 3295; baseline -0.001 -16"><span class='ocrx_word' id='word_1_351' title='bbox 523 3229 717 3279; x_wconf 86' lang='lat' dir='ltr'><strong>catum</strong></span> <span class='ocrx_word' id='word_1_352' title='bbox 743 3228 804 3279; x_wconf 90' lang='lat' dir='ltr'><strong>et</strong></span> <span class='ocrx_word' id='word_1_353' title='bbox 829 3218 1043 3278; x_wconf 87' lang='lat' dir='ltr'><strong>creatio</strong></span> <span class='ocrx_word' id='word_1_354' title='bbox 1059 3218 1432 3295; x_wconf 74' lang='lat' dir='ltr'><strong>requirantur</strong></span> <span class='ocrx_word' id='word_1_355' title='bbox 1448 3219 1856 3279; x_wconf 86' lang='lat' dir='ltr'><strong>antecedenter</strong></span> <span class='ocrx_word' id='word_1_356' title='bbox 1882 3219 1957 3277; x_wconf 87' lang='lat' dir='ltr'><strong>ad</strong></span> <span class='ocrx_word' id='word_1_357' title='bbox 1983 3220 2425 3279; x_wconf 88' lang='lat' dir='ltr'><strong>illustrationem</strong></span> <span class='ocrx_word' id='word_1_358' title='bbox 2439 3218 2847 3279; x_wconf 69' lang='lat' dir='ltr'><strong>misericordiae</strong></span> <span class='ocrx_word' id='word_1_359' title='bbox 2864 3226 2924 3277; x_wconf 94' lang='lat' dir='ltr'><strong>et</strong></span> 
     </span>
     <span class='ocr_line' id='line_1_37' title="bbox 516 3298 2920 3378; baseline -0.001 -19"><span class='ocrx_word' id='word_1_360' title='bbox 516 3300 798 3378; x_wconf 78' lang='lat' dir='ltr'><strong>justitiae3</strong></span> <span class='ocrx_word' id='word_1_361' title='bbox 844 3300 978 3357; x_wconf 88' lang='lat' dir='ltr'><strong>Non</strong></span> <span class='ocrx_word' id='word_1_362' title='bbox 1007 3298 1268 3376; x_wconf 89' lang='lat' dir='ltr'><strong>sequitur</strong></span> <span class='ocrx_word' id='word_1_363' title='bbox 1299 3307 1602 3377; x_wconf 85' lang='lat' dir='ltr'><strong>propterea</strong></span> <span class='ocrx_word' id='word_1_364' title='bbox 1637 3318 1766 3358; x_wconf 87' lang='lat' dir='ltr'><strong>esse</strong></span> <span class='ocrx_word' id='word_1_365' title='bbox 1792 3299 1999 3375; x_wconf 88' lang='lat' dir='ltr'><strong>media,</strong></span> <span class='ocrx_word' id='word_1_366' title='bbox 2044 3299 2148 3359; x_wconf 87' lang='lat' dir='ltr'><strong>sed</strong></span> <span class='ocrx_word' id='word_1_367' title='bbox 2184 3307 2409 3359; x_wconf 86' lang='lat' dir='ltr'><strong>tantum</strong></span> <span class='ocrx_word' id='word_1_368' title='bbox 2436 3298 2795 3360; x_wconf 87' lang='lat' dir='ltr'><strong>conditiones</strong></span> <span class='ocrx_word' id='word_1_369' title='bbox 2834 3318 2920 3357; x_wconf 83' lang='lat' dir='ltr'><strong>re·</strong></span> 
     </span>
     <span class='ocr_line' id='line_1_38' title="bbox 522 3378 2920 3457; baseline -0.001 -18"><span class='ocrx_word' id='word_1_370' title='bbox 522 3380 800 3457; x_wconf 85' lang='lat' dir='ltr'><strong>quisitas;</strong></span> <span class='ocrx_word' id='word_1_371' title='bbox 841 3399 950 3438; x_wconf 91' lang='lat' dir='ltr'><strong>nec</strong></span> <span class='ocrx_word' id='word_1_372' title='bbox 977 3379 1130 3437; x_wconf 89' lang='lat' dir='ltr'><strong>enim</strong></span> <span class='ocrx_word' id='word_1_373' title='bbox 1159 3398 1229 3436; x_wconf 90' lang='lat' dir='ltr'><strong>ea</strong></span> <span class='ocrx_word' id='word_1_374' title='bbox 1255 3379 1464 3454; x_wconf 87' lang='lat' dir='ltr'><strong>omnia,</strong></span> <span class='ocrx_word' id='word_1_375' title='bbox 1496 3379 1620 3437; x_wconf 87' lang='lat' dir='ltr'><strong>sine</strong></span> <span class='ocrx_word' id='word_1_376' title='bbox 1648 3378 1861 3455; x_wconf 89' lang='lat' dir='ltr'><strong>quibus</strong></span> <span class='ocrx_word' id='word_1_377' title='bbox 1887 3398 2005 3438; x_wconf 90' lang='lat' dir='ltr'><strong>non</strong></span> <span class='ocrx_word' id='word_1_378' title='bbox 2035 3398 2343 3456; x_wconf 85' lang='lat' dir='ltr'><strong>possumus</strong></span> <span class='ocrx_word' id='word_1_379' title='bbox 2384 3378 2605 3456; x_wconf 87' lang='lat' dir='ltr'><strong>aliquid</strong></span> <span class='ocrx_word' id='word_1_380' title='bbox 2630 3386 2920 3457; x_wconf 79' lang='lat' dir='ltr'><strong>praestare,</strong></span> 
     </span>
     <span class='ocr_line' id='line_1_39' title="bbox 523 3457 2927 3536; baseline -0.001 -17"><span class='ocrx_word' id='word_1_381' title='bbox 523 3460 796 3519; x_wconf 88' lang='lat' dir='ltr'><strong>continuo</strong></span> <span class='ocrx_word' id='word_1_382' title='bbox 845 3467 980 3519; x_wconf 88' lang='lat' dir='ltr'><strong>sunt</strong></span> <span class='ocrx_word' id='word_1_383' title='bbox 1021 3457 1252 3516; x_wconf 83' lang='lat' dir='ltr'><strong>media:</strong></span> <span class='ocrx_word' id='word_1_384' title='bbox 1309 3458 1393 3516; x_wconf 88' lang='lat' dir='ltr'><strong>sic</strong></span> <span class='ocrx_word' id='word_1_385' title='bbox 1437 3457 1749 3517; x_wconf 85' lang='lat' dir='ltr'><strong>existentia</strong></span> <span class='ocrx_word' id='word_1_386' title='bbox 1792 3466 1850 3517; x_wconf 91' lang='lat' dir='ltr'><strong>et</strong></span> <span class='ocrx_word' id='word_1_387' title='bbox 1890 3458 2185 3518; x_wconf 87' lang='lat' dir='ltr'><strong>ductilitas</strong></span> <span class='ocrx_word' id='word_1_388' title='bbox 2224 3458 2287 3516; x_wconf 90' lang='lat' dir='ltr'><strong>in</strong></span> <span class='ocrx_word' id='word_1_389' title='bbox 2321 3458 2447 3519; x_wconf 86' lang='lat' dir='ltr'><strong>luto</strong></span> <span class='ocrx_word' id='word_1_390' title='bbox 2474 3459 2830 3536; x_wconf 82' lang='lat' dir='ltr'><strong>supponitur,</strong></span> <span class='ocrx_word' id='word_1_391' title='bbox 2860 3468 2927 3517; x_wconf 84' lang='lat' dir='ltr'><strong>ut</strong></span> 
     </span>
     <span class='ocr_line' id='line_1_40' title="bbox 521 3536 2925 3615; baseline -0.001 -16"><span class='ocrx_word' id='word_1_392' title='bbox 521 3539 776 3599; x_wconf 89' lang='lat' dir='ltr'><strong>conditio</strong></span> <span class='ocrx_word' id='word_1_393' title='bbox 804 3538 878 3597; x_wconf 90' lang='lat' dir='ltr'><strong>ad</strong></span> <span class='ocrx_word' id='word_1_394' title='bbox 906 3539 1064 3597; x_wconf 85' lang='lat' dir='ltr'><strong>vasis</strong></span> <span class='ocrx_word' id='word_1_395' title='bbox 1091 3536 1504 3597; x_wconf 86' lang='lat' dir='ltr'><strong>confectionem</strong></span> <span class='ocrx_word' id='word_1_396' title='bbox 1533 3536 1611 3596; x_wconf 82' lang='lat' dir='ltr'><strong>ad</strong></span> <span class='ocrx_word' id='word_1_397' title='bbox 1636 3537 1831 3615; x_wconf 90' lang='lat' dir='ltr'><strong>decus,</strong></span> <span class='ocrx_word' id='word_1_398' title='bbox 1862 3548 1963 3598; x_wconf 86' lang='lat' dir='ltr'><strong>aut</strong></span> <span class='ocrx_word' id='word_1_399' title='bbox 2002 3538 2079 3597; x_wconf 91' lang='lat' dir='ltr'><strong>ad</strong></span> <span class='ocrx_word' id='word_1_400' title='bbox 2104 3537 2372 3615; x_wconf 79' lang='lat' dir='ltr'><strong>dedecus,</strong></span> <span class='ocrx_word' id='word_1_401' title='bbox 2416 3538 2522 3597; x_wconf 84' lang='lat' dir='ltr'><strong>sed</strong></span> <span class='ocrx_word' id='word_1_402' title='bbox 2546 3557 2664 3597; x_wconf 89' lang='lat' dir='ltr'><strong>non</strong></span> <span class='ocrx_word' id='word_1_403' title='bbox 2688 3546 2781 3597; x_wconf 87' lang='lat' dir='ltr'><strong>est</strong></span> <span class='ocrx_word' id='word_1_404' title='bbox 2806 3556 2925 3596; x_wconf 87' lang='lat' dir='ltr'><strong>me-</strong></span> 
     </span>
     <span class='ocr_line' id='line_1_41' title="bbox 521 3616 2927 3695; baseline -0.001 -18"><span class='ocrx_word' id='word_1_405' title='bbox 521 3620 683 3679; x_wconf 89' lang='lat' dir='ltr'><strong>dium</strong></span> <span class='ocrx_word' id='word_1_406' title='bbox 705 3642 720 3695; x_wconf 90' lang='lat'>;</span> <span class='ocrx_word' id='word_1_407' title='bbox 763 3618 1000 3678; x_wconf 87' lang='lat' dir='ltr'><strong>morbus</strong></span> <span class='ocrx_word' id='word_1_408' title='bbox 1025 3616 1088 3675; x_wconf 91' lang='lat' dir='ltr'><strong>in</strong></span> <span class='ocrx_word' id='word_1_409' title='bbox 1117 3636 1272 3693; x_wconf 73' lang='lat' dir='ltr'><strong>aegro</strong></span> <span class='ocrx_word' id='word_1_410' title='bbox 1300 3624 1390 3675; x_wconf 89' lang='lat' dir='ltr'><strong>est</strong></span> <span class='ocrx_word' id='word_1_411' title='bbox 1416 3617 1671 3677; x_wconf 90' lang='lat' dir='ltr'><strong>conditio</strong></span> <span class='ocrx_word' id='word_1_412' title='bbox 1697 3617 1917 3695; x_wconf 78' lang='lat' dir='ltr'><strong>praevia</strong></span> <span class='ocrx_word' id='word_1_413' title='bbox 1956 3617 2081 3677; x_wconf 87' lang='lat' dir='ltr'><strong>sine</strong></span> <span class='ocrx_word' id='word_1_414' title='bbox 2106 3638 2225 3695; x_wconf 87' lang='lat' dir='ltr'><strong>qua</strong></span> <span class='ocrx_word' id='word_1_415' title='bbox 2250 3637 2367 3677; x_wconf 89' lang='lat' dir='ltr'><strong>non</strong></span> <span class='ocrx_word' id='word_1_416' title='bbox 2394 3626 2648 3693; x_wconf 86' lang='lat' dir='ltr'><strong>sanatur,</strong></span> <span class='ocrx_word' id='word_1_417' title='bbox 2678 3616 2783 3677; x_wconf 89' lang='lat' dir='ltr'><strong>sed</strong></span> <span class='ocrx_word' id='word_1_418' title='bbox 2810 3636 2927 3676; x_wconf 89' lang='lat' dir='ltr'><strong>non</strong></span> 
     </span>
     <span class='ocr_line' id='line_1_42' title="bbox 524 3696 1487 3774; baseline -0.002 -16"><span class='ocrx_word' id='word_1_419' title='bbox 524 3707 614 3759; x_wconf 89' lang='lat' dir='ltr'><strong>est</strong></span> <span class='ocrx_word' id='word_1_420' title='bbox 640 3698 893 3757; x_wconf 90' lang='lat' dir='ltr'><strong>medium</strong></span> <span class='ocrx_word' id='word_1_421' title='bbox 919 3716 1024 3774; x_wconf 85' lang='lat' dir='ltr'><strong>per</strong></span> <span class='ocrx_word' id='word_1_422' title='bbox 1049 3696 1208 3774; x_wconf 90' lang='lat' dir='ltr'><strong>quod</strong></span> <span class='ocrx_word' id='word_1_423' title='bbox 1235 3705 1487 3756; x_wconf 88' lang='lat' dir='ltr'><strong>sanatur.</strong></span> 
     </span>
    </p>

    <p class='ocr_par' dir='ltr' id='par_1_9' title="bbox 521 3773 2931 4173">
     <span class='ocr_line' id='line_1_43' title="bbox 603 3773 2926 3854; baseline 0 -19"><span class='ocrx_word' id='word_1_424' title='bbox 603 3778 784 3836; x_wconf 87' lang='lat' dir='ltr'><strong>XIV.</strong></span> <span class='ocrx_word' id='word_1_425' title='bbox 829 3776 888 3836; x_wconf 76' lang='lat'><strong>5.</strong></span> <span class='ocrx_word' id='word_1_426' title='bbox 927 3776 1078 3851; x_wconf 87' lang='lat' dir='ltr'><strong>Quia</strong></span> <span class='ocrx_word' id='word_1_427' title='bbox 1107 3776 1392 3835; x_wconf 87' lang='lat' dir='ltr'><strong>sententia</strong></span> <span class='ocrx_word' id='word_1_428' title='bbox 1419 3776 1520 3833; x_wconf 88' lang='lat' dir='ltr'><strong>illa</strong></span> <span class='ocrx_word' id='word_1_429' title='bbox 1555 3784 1646 3835; x_wconf 85' lang='lat' dir='ltr'><strong>est</strong></span> <span class='ocrx_word' id='word_1_430' title='bbox 1678 3773 2012 3847; x_wconf 66' lang='grc' dir='ltr'><strong>ιῶιᾶβλητος,</strong></span> <span class='ocrx_word' id='word_1_431' title='bbox 2043 3777 2211 3854; x_wconf 87' lang='lat' dir='ltr'><strong>quasi</strong></span> <span class='ocrx_word' id='word_1_432' title='bbox 2239 3777 2401 3836; x_wconf 88' lang='lat' dir='ltr'><strong>Deus</strong></span> <span class='ocrx_word' id='word_1_433' title='bbox 2427 3776 2692 3837; x_wconf 86' lang='lat' dir='ltr'><strong>homines</strong></span> <span class='ocrx_word' id='word_1_434' title='bbox 2730 3796 2926 3854; x_wconf 87' lang='lat' dir='ltr'><strong>repro-</strong></span> 
     </span>
     <span class='ocr_line' id='line_1_44' title="bbox 521 3854 2931 3935; baseline 0 -20"><span class='ocrx_word' id='word_1_435' title='bbox 521 3857 734 3931; x_wconf 87' lang='lat' dir='ltr'><strong>basset,</strong></span> <span class='ocrx_word' id='word_1_436' title='bbox 781 3864 1088 3932; x_wconf 88' lang='lat' dir='ltr'><strong>antequam</strong></span> <span class='ocrx_word' id='word_1_437' title='bbox 1131 3873 1237 3932; x_wconf 90' lang='lat' dir='ltr'><strong>per</strong></span> <span class='ocrx_word' id='word_1_438' title='bbox 1288 3863 1587 3932; x_wconf 88' lang='lat' dir='ltr'><strong>peccatum</strong></span> <span class='ocrx_word' id='word_1_439' title='bbox 1643 3865 1838 3917; x_wconf 90' lang='lat' dir='ltr'><strong>essent</strong></span> <span class='ocrx_word' id='word_1_440' title='bbox 1888 3856 2295 3935; x_wconf 87' lang='lat' dir='ltr'><strong>reprobabiles,</strong></span> <span class='ocrx_word' id='word_1_441' title='bbox 2354 3865 2415 3917; x_wconf 90' lang='lat' dir='ltr'><strong>et</strong></span> <span class='ocrx_word' id='word_1_442' title='bbox 2459 3856 2809 3917; x_wconf 85' lang='lat' dir='ltr'><strong>destinasset</strong></span> <span class='ocrx_word' id='word_1_443' title='bbox 2854 3854 2931 3915; x_wconf 73' lang='lat' dir='ltr'><strong>ad</strong></span> 
     </span>
     <span class='ocr_line' id='line_1_45' title="bbox 521 3934 2929 4014; baseline 0 -21"><span class='ocrx_word' id='word_1_444' title='bbox 521 3954 754 4013; x_wconf 84' lang='lat' dir='ltr'><strong>posnam</strong></span> <span class='ocrx_word' id='word_1_445' title='bbox 780 3934 1131 4010; x_wconf 86' lang='lat' dir='ltr'><strong>innocentes,</strong></span> <span class='ocrx_word' id='word_1_446' title='bbox 1163 3942 1471 4011; x_wconf 88' lang='lat' dir='ltr'><strong>antequam</strong></span> <span class='ocrx_word' id='word_1_447' title='bbox 1497 3934 1559 3992; x_wconf 91' lang='lat' dir='ltr'><strong>in</strong></span> <span class='ocrx_word' id='word_1_448' title='bbox 1585 3935 1659 3995; x_wconf 90' lang='lat' dir='ltr'><strong>iis</strong></span> <span class='ocrx_word' id='word_1_449' title='bbox 1678 3936 1799 3995; x_wconf 88' lang='lat' dir='ltr'><strong>ulla</strong></span> <span class='ocrx_word' id='word_1_450' title='bbox 1824 3936 2239 4014; x_wconf 71' lang='lat' dir='ltr'><strong>praevideretur</strong></span> <span class='ocrx_word' id='word_1_451' title='bbox 2262 3936 2470 4013; x_wconf 81' lang='lat' dir='ltr'><strong>culpa3</strong></span> <span class='ocrx_word' id='word_1_452' title='bbox 2516 3936 2640 3995; x_wconf 89' lang='lat' dir='ltr'><strong>Nec</strong></span> <span class='ocrx_word' id='word_1_453' title='bbox 2666 3936 2799 3995; x_wconf 89' lang='lat' dir='ltr'><strong>ideo</strong></span> <span class='ocrx_word' id='word_1_454' title='bbox 2825 3954 2929 3994; x_wconf 86' lang='lat' dir='ltr'><strong>vo·</strong></span> 
     </span>
     <span class='ocr_line' id='line_1_46' title="bbox 522 4012 2925 4095; baseline 0.002 -24"><span class='ocrx_word' id='word_1_455' title='bbox 522 4014 696 4072; x_wconf 90' lang='lat' dir='ltr'><strong>luerit</strong></span> <span class='ocrx_word' id='word_1_456' title='bbox 713 4012 1000 4089; x_wconf 89' lang='lat' dir='ltr'><strong>damnare,</strong></span> <span class='ocrx_word' id='word_1_457' title='bbox 1020 4013 1179 4090; x_wconf 91' lang='lat' dir='ltr'><strong>quod</strong></span> <span class='ocrx_word' id='word_1_458' title='bbox 1206 4021 1400 4073; x_wconf 88' lang='lat' dir='ltr'><strong>essent</strong></span> <span class='ocrx_word' id='word_1_459' title='bbox 1425 4022 1772 4091; x_wconf 86' lang='lat' dir='ltr'><strong>peccatores,</strong></span> <span class='ocrx_word' id='word_1_460' title='bbox 1798 4016 1901 4074; x_wconf 84' lang='lat' dir='ltr'><strong>sed</strong></span> <span class='ocrx_word' id='word_1_461' title='bbox 1926 4015 2058 4075; x_wconf 89' lang='lat' dir='ltr'><strong>ideo</strong></span> <span class='ocrx_word' id='word_1_462' title='bbox 2084 4016 2409 4094; x_wconf 86' lang='lat' dir='ltr'><strong>permiserit</strong></span> <span class='ocrx_word' id='word_1_463' title='bbox 2426 4016 2553 4075; x_wconf 89' lang='lat' dir='ltr'><strong>fieri</strong></span> <span class='ocrx_word' id='word_1_464' title='bbox 2577 4023 2925 4095; x_wconf 76' lang='lat' dir='ltr'><strong>peccatores,</strong></span> 
     </span>
     <span class='ocr_line' id='line_1_47' title="bbox 524 4092 2209 4173; baseline 0.002 -21"><span class='ocrx_word' id='word_1_465' title='bbox 524 4102 592 4152; x_wconf 88' lang='lat' dir='ltr'><strong>ut</strong></span> <span class='ocrx_word' id='word_1_466' title='bbox 617 4101 855 4169; x_wconf 88' lang='lat' dir='ltr'><strong>possent</strong></span> <span class='ocrx_word' id='word_1_467' title='bbox 879 4092 1088 4170; x_wconf 88' lang='lat' dir='ltr'><strong>puniri,</strong></span> <span class='ocrx_word' id='word_1_468' title='bbox 1119 4100 1179 4151; x_wconf 91' lang='lat' dir='ltr'><strong>et</strong></span> <span class='ocrx_word' id='word_1_469' title='bbox 1206 4112 1400 4152; x_wconf 87' lang='lat' dir='ltr'><strong>creare</strong></span> <span class='ocrx_word' id='word_1_470' title='bbox 1428 4093 1806 4169; x_wconf 86' lang='lat' dir='ltr'><strong>constituerit,</strong></span> <span class='ocrx_word' id='word_1_471' title='bbox 1834 4104 1902 4155; x_wconf 89' lang='lat' dir='ltr'><strong>ut</strong></span> <span class='ocrx_word' id='word_1_472' title='bbox 1926 4096 2209 4173; x_wconf 87' lang='lat' dir='ltr'><strong>perderet.</strong></span> 
     </span>
    </p>

    <p class='ocr_par' dir='ltr' id='par_1_10' title="bbox 521 4171 2931 4731">
     <span class='ocr_line' id='line_1_48' title="bbox 1132 4171 2930 4253; baseline 0.001 -23"><span class='ocrx_word' id='word_1_473' title='bbox 1132 4172 1279 4231; x_wconf 92' lang='lat' dir='ltr'><strong>XV.</strong></span> <span class='ocrx_word' id='word_1_474' title='bbox 1313 4171 1486 4232; x_wconf 90' lang='lat' dir='ltr'><strong>Unde</strong></span> <span class='ocrx_word' id='word_1_475' title='bbox 1513 4180 1673 4250; x_wconf 89' lang='lat' dir='ltr'><strong>patet</strong></span> <span class='ocrx_word' id='word_1_476' title='bbox 1699 4174 1871 4251; x_wconf 85' lang='lat' dir='ltr'><strong>longe</strong></span> <span class='ocrx_word' id='word_1_477' title='bbox 1900 4176 2081 4235; x_wconf 86' lang='lat' dir='ltr'><strong>tutius</strong></span> <span class='ocrx_word' id='word_1_478' title='bbox 2108 4184 2167 4235; x_wconf 90' lang='lat' dir='ltr'><strong>et</strong></span> <span class='ocrx_word' id='word_1_479' title='bbox 2192 4173 2389 4233; x_wconf 89' lang='lat' dir='ltr'><strong>verius</strong></span> <span class='ocrx_word' id='word_1_480' title='bbox 2415 4174 2578 4253; x_wconf 88' lang='lat' dir='ltr'><strong>loqui</strong></span> <span class='ocrx_word' id='word_1_481' title='bbox 2606 4190 2723 4250; x_wconf 89' lang='lat' dir='ltr'><strong>eos,</strong></span> <span class='ocrx_word' id='word_1_482' title='bbox 2747 4174 2849 4251; x_wconf 91' lang='lat' dir='ltr'><strong>qui</strong></span> <span class='ocrx_word' id='word_1_483' title='bbox 2868 4173 2930 4231; x_wconf 89' lang='lat' dir='ltr'><strong>in</strong></span> 
     </span>
     <span class='ocr_line' id='line_1_49' title="bbox 1053 4252 2929 4332; baseline 0.001 -22"><span class='ocrx_word' id='word_1_484' title='bbox 1053 4252 1282 4329; x_wconf 85' lang='lat' dir='ltr'><strong>objecto</strong></span> <span class='ocrx_word' id='word_1_485' title='bbox 1322 4252 1855 4313; x_wconf 80' lang='lat' dir='ltr'><strong>Praedestinationis</strong></span> <span class='ocrx_word' id='word_1_486' title='bbox 1880 4254 2230 4332; x_wconf 78' lang='lat' dir='ltr'><strong>assignando</strong></span> <span class='ocrx_word' id='word_1_487' title='bbox 2256 4254 2413 4315; x_wconf 89' lang='lat' dir='ltr'><strong>ultra</strong></span> <span class='ocrx_word' id='word_1_488' title='bbox 2438 4255 2668 4332; x_wconf 88' lang='lat' dir='ltr'><strong>lapsum</strong></span> <span class='ocrx_word' id='word_1_489' title='bbox 2693 4272 2812 4313; x_wconf 90' lang='lat' dir='ltr'><strong>non</strong></span> <span class='ocrx_word' id='word_1_490' title='bbox 2838 4272 2929 4311; x_wconf 78' lang='lat' dir='ltr'><strong>as-</strong></span> 
     </span>
     <span class='ocr_line' id='line_1_50' title="bbox 1054 4330 2931 4409; baseline 0.002 -21"><span class='ocrx_word' id='word_1_491' title='bbox 1054 4330 1323 4391; x_wconf 89' lang='lat' dir='ltr'><strong>cendunt.</strong></span> <span class='ocrx_word' id='word_1_492' title='bbox 1411 4331 1708 4409; x_wconf 85' lang='lat' dir='ltr'><strong>Scriptura</strong></span> <span class='ocrx_word' id='word_1_493' title='bbox 1734 4352 1873 4392; x_wconf 86' lang='lat' dir='ltr'><strong>sane</strong></span> <span class='ocrx_word' id='word_1_494' title='bbox 1899 4352 1969 4393; x_wconf 89' lang='lat' dir='ltr'><strong>eo</strong></span> <span class='ocrx_word' id='word_1_495' title='bbox 1997 4354 2103 4393; x_wconf 86' lang='lat' dir='ltr'><strong>nos</strong></span> <span class='ocrx_word' id='word_1_496' title='bbox 2130 4333 2309 4395; x_wconf 85' lang='lat' dir='ltr'><strong>ducit.</strong></span> <span class='ocrx_word' id='word_1_497' title='bbox 2354 4336 2407 4395; x_wconf 92' lang='lat'><strong>1.</strong></span> <span class='ocrx_word' id='word_1_498' title='bbox 2438 4334 2630 4409; x_wconf 86' lang='lat' dir='ltr'><strong>Quum</strong></span> <span class='ocrx_word' id='word_1_499' title='bbox 2656 4353 2765 4393; x_wconf 91' lang='lat' dir='ltr'><strong>nos</strong></span> <span class='ocrx_word' id='word_1_500' title='bbox 2790 4332 2931 4409; x_wconf 80' lang='lat' dir='ltr'><strong>eligi</strong></span> 
     </span>
     <span class='ocr_line' id='line_1_51' title="bbox 523 4405 2927 4491; baseline 0.003 -26"><span class='ocrx_word' id='word_1_501' title='bbox 523 4406 666 4465; x_wconf 87' lang='lat' dir='ltr'><strong>dicit</strong></span> <span class='ocrx_word' id='word_1_502' title='bbox 693 4426 770 4465; x_wconf 81' lang='lat' dir='ltr'><strong>ex</strong></span> <span class='ocrx_word' id='word_1_503' title='bbox 795 4405 1046 4484; x_wconf 80' lang='grc' dir='ltr'><strong>111111111ος</strong></span> <span class='ocrx_word' id='word_1_504' title='bbox 1091 4409 1251 4485; x_wconf 84' lang='lat' dir='ltr'><strong>Ergo</strong></span> <span class='ocrx_word' id='word_1_505' title='bbox 1277 4430 1396 4469; x_wconf 88' lang='lat' dir='ltr'><strong>non</strong></span> <span class='ocrx_word' id='word_1_506' title='bbox 1433 4418 1501 4471; x_wconf 90' lang='lat' dir='ltr'><strong>ut</strong></span> <span class='ocrx_word' id='word_1_507' title='bbox 1537 4411 1833 4489; x_wconf 85' lang='lat' dir='ltr'><strong>creabiles,</strong></span> <span class='ocrx_word' id='word_1_508' title='bbox 1862 4414 1960 4472; x_wconf 91' lang='lat' dir='ltr'><strong>vel</strong></span> <span class='ocrx_word' id='word_1_509' title='bbox 1986 4414 2191 4474; x_wconf 85' lang='lat' dir='ltr'><strong>labiles</strong></span> <span class='ocrx_word' id='word_1_510' title='bbox 2219 4422 2462 4490; x_wconf 86' lang='lat' dir='ltr'><strong>tantum,</strong></span> <span class='ocrx_word' id='word_1_511' title='bbox 2494 4414 2598 4473; x_wconf 87' lang='lat' dir='ltr'><strong>sed</strong></span> <span class='ocrx_word' id='word_1_512' title='bbox 2622 4422 2691 4473; x_wconf 86' lang='lat' dir='ltr'><strong>nt</strong></span> <span class='ocrx_word' id='word_1_513' title='bbox 2716 4414 2927 4491; x_wconf 78' lang='lat' dir='ltr'><strong>lapsos,</strong></span> 
     </span>
     <span class='ocr_line' id='line_1_52' title="bbox 523 4487 2931 4571; baseline 0.002 -24"><span class='ocrx_word' id='word_1_514' title='bbox 523 4487 665 4547; x_wconf 86' lang='lat' dir='ltr'><strong>etin</strong></span> <span class='ocrx_word' id='word_1_515' title='bbox 691 4504 884 4545; x_wconf 83' lang='lat' dir='ltr'><strong>massa</strong></span> <span class='ocrx_word' id='word_1_516' title='bbox 903 4505 1070 4547; x_wconf 85' lang='lat' dir='ltr'><strong>corru</strong></span> <span class='ocrx_word' id='word_1_517' title='bbox 1111 4497 1186 4564; x_wconf 86' lang='lat' dir='ltr'><strong>ta,</strong></span> <span class='ocrx_word' id='word_1_518' title='bbox 1207 4489 1380 4549; x_wconf 86' lang='lat' dir='ltr'><strong>Joan.</strong></span> <span class='ocrx_word' id='word_1_519' title='bbox 1410 4510 1511 4549; x_wconf 84' lang='lat' dir='ltr'><strong>xv.</strong></span> <span class='ocrx_word' id='word_1_520' title='bbox 1536 4492 1629 4550; x_wconf 87' lang='lat'><strong>19.</strong></span> <span class='ocrx_word' id='word_1_521' title='bbox 1665 4493 1820 4559; x_wconf 72' lang='lat' dir='ltr'><strong>Quia</strong></span> <span class='ocrx_word' id='word_1_522' title='bbox 1846 4512 1921 4552; x_wconf 75' lang='lat' dir='ltr'><strong>ex</strong></span> <span class='ocrx_word' id='word_1_523' title='bbox 1946 4496 2153 4553; x_wconf 77' lang='lat' dir='ltr'><strong>mundo</strong></span> <span class='ocrx_word' id='word_1_524' title='bbox 2172 4514 2287 4553; x_wconf 80' lang='lat' dir='ltr'><strong>non</strong></span> <span class='ocrx_word' id='word_1_525' title='bbox 2306 4495 2449 4568; x_wconf 73' lang='lat' dir='ltr'><strong>estis,</strong></span> <span class='ocrx_word' id='word_1_526' title='bbox 2474 4504 2527 4554; x_wconf 77' lang='lat' dir='ltr'><strong>ct</strong></span> <span class='ocrx_word' id='word_1_527' title='bbox 2545 4514 2647 4571; x_wconf 70' lang='lat' dir='ltr'><strong>eqo</strong></span> <span class='ocrx_word' id='word_1_528' title='bbox 2666 4512 2763 4553; x_wconf 74' lang='lat' dir='ltr'><strong>vos</strong></span> <span class='ocrx_word' id='word_1_529' title='bbox 2790 4492 2931 4569; x_wconf 73' lang='lat' dir='ltr'><strong>cloqi</strong></span> 
     </span>
     <span class='ocr_line' id='line_1_53' title="bbox 521 4508 2925 4651; baseline 0.003 -26"><span class='ocrx_word' id='word_1_530' title='bbox 521 4588 598 4625; x_wconf 75' lang='lat' dir='ltr'><strong>cx</strong></span> <span class='ocrx_word' id='word_1_531' title='bbox 623 4568 848 4641; x_wconf 79' lang='lat' dir='ltr'><strong>mundo,</strong></span> <span class='ocrx_word' id='word_1_532' title='bbox 877 4567 1004 4625; x_wconf 78' lang='lat' dir='ltr'><strong>ideo</strong></span> <span class='ocrx_word' id='word_1_533' title='bbox 1031 4508 1269 4627; x_wconf 58' lang='lat' dir='ltr'><strong>organdus</strong></span> <span class='ocrx_word' id='word_1_534' title='bbox 1295 4590 1391 4629; x_wconf 74' lang='lat' dir='ltr'><strong>vos</strong></span> <span class='ocrx_word' id='word_1_535' title='bbox 1419 4571 1552 4629; x_wconf 76' lang='lat' dir='ltr'><strong>odit.</strong></span> <span class='ocrx_word' id='word_1_536' title='bbox 1619 4571 1741 4630; x_wconf 85' lang='lat' dir='ltr'><strong>Nec</strong></span> <span class='ocrx_word' id='word_1_537' title='bbox 1770 4571 2016 4632; x_wconf 85' lang='lat' dir='ltr'><strong>elabitur</strong></span> <span class='ocrx_word' id='word_1_538' title='bbox 2040 4574 2143 4651; x_wconf 90' lang='lat' dir='ltr'><strong>qui</strong></span> <span class='ocrx_word' id='word_1_539' title='bbox 2182 4574 2341 4647; x_wconf 87' lang='lat' dir='ltr'><strong>dicit,</strong></span> <span class='ocrx_word' id='word_1_540' title='bbox 2382 4574 2478 4636; x_wconf 85' lang='lat' dir='ltr'><strong>bic</strong></span> <span class='ocrx_word' id='word_1_541' title='bbox 2516 4592 2637 4632; x_wconf 90' lang='lat' dir='ltr'><strong>non</strong></span> <span class='ocrx_word' id='word_1_542' title='bbox 2664 4572 2925 4633; x_wconf 71' lang='lat' dir='ltr'><strong>Praedes·</strong></span> 
     </span>
     <span class='ocr_line' id='line_1_54' title="bbox 521 4645 2927 4731; baseline 0.002 -26"><span class='ocrx_word' id='word_1_543' title='bbox 521 4645 859 4705; x_wconf 83' lang='lat' dir='ltr'><strong>tinationem</strong></span> <span class='ocrx_word' id='word_1_544' title='bbox 901 4654 1172 4711; x_wconf 75' lang='lat' dir='ltr'><strong>aeternam</strong></span> <span class='ocrx_word' id='word_1_545' title='bbox 1213 4648 1478 4727; x_wconf 84' lang='lat' dir='ltr'><strong>intelligi,</strong></span> <span class='ocrx_word' id='word_1_546' title='bbox 1516 4651 1620 4711; x_wconf 88' lang='lat' dir='ltr'><strong>sed</strong></span> <span class='ocrx_word' id='word_1_547' title='bbox 1660 4652 2040 4727; x_wconf 86' lang='lat' dir='ltr'><strong>vocationem,</strong></span> <span class='ocrx_word' id='word_1_548' title='bbox 2085 4672 2213 4731; x_wconf 76' lang='lat' dir='ltr'><strong>quse</strong></span> <span class='ocrx_word' id='word_1_549' title='bbox 2254 4652 2321 4713; x_wconf 89' lang='lat' dir='ltr'><strong>fit</strong></span> <span class='ocrx_word' id='word_1_550' title='bbox 2348 4654 2409 4712; x_wconf 89' lang='lat' dir='ltr'><strong>in</strong></span> <span class='ocrx_word' id='word_1_551' title='bbox 2437 4662 2693 4731; x_wconf 89' lang='lat' dir='ltr'><strong>tempore</strong></span> <span class='ocrx_word' id='word_1_552' title='bbox 2718 4674 2743 4723; x_wconf 56' lang='lat' dir='ltr'><strong>t,</strong></span> <span class='ocrx_word' id='word_1_553' title='bbox 2778 4652 2927 4728; x_wconf 82' lang='lat' dir='ltr'><strong>Quia</strong></span> 
     </span>
    </p>
   </div>
   <div class='ocr_carea' id='block_1_3' title="bbox 521 4235 1010 4339">
    <p class='ocr_par' dir='ltr' id='par_1_11' title="bbox 521 4235 1010 4339">
     <span class='ocr_line' id='line_1_55' title="bbox 521 4235 1010 4338; baseline -0.006 -53"><span class='ocrx_word' id='word_1_554' title='bbox 521 4237 620 4285; x_wconf 74' lang='lat' dir='ltr'><strong>Sed</strong></span> <span class='ocrx_word' id='word_1_555' title='bbox 640 4240 716 4283; x_wconf 85' lang='lat' dir='ltr'><strong>est</strong></span> <span class='ocrx_word' id='word_1_556' title='bbox 731 4235 892 4338; x_wconf 58' lang='grc' dir='ltr'><strong>ξὲηηο</strong></span> <span class='ocrx_word' id='word_1_557' title='bbox 912 4238 1010 4297; x_wconf 82' lang='lat' dir='ltr'><strong>lap-</strong></span> 
     </span>
     <span class='ocr_line' id='line_1_56' title="bbox 719 4308 814 4339; baseline -0.032 0"><span class='ocrx_word' id='word_1_558' title='bbox 719 4308 742 4339; x_wconf 82' lang='lat' dir='ltr'><strong>s</strong></span> <span class='ocrx_word' id='word_1_559' title='bbox 803 4324 814 4336; x_wconf 95' lang='lat'><strong>.</strong></span> 
     </span>
    </p>
   </div>
   <div class='ocr_carea' id='block_1_4' title="bbox 3272 1903 3276 2837">
    <p class='ocr_par' dir='ltr' id='par_1_12' title="bbox 3272 1903 3276 2837">
     <span class='ocr_line' id='line_1_57' title="bbox 3272 1903 3276 2837; baseline 0 0"><span class='ocrx_word' id='word_1_560' title='bbox 3272 1903 3276 2837; x_wconf 95' lang='lat' dir='ltr'><strong> </strong></span> 
     </span>
    </p>
   </div>
  </div>
 </body>
</html>
