3300 5225
415 274 641 323 QuAEs'r.
672 253 787 336 nn]
1430 274 1511 313 ns
1540 274 1812 315 suasus.
2716 260 2831 317 503

416 414 615 475 datum
643 434 771 473 esse
798 413 1043 491 singulis
1068 412 1384 473 infantibus
1413 413 1710 491 Angelum
1737 415 1798 473 in
1823 423 2160 493 perpetuum
2189 415 2514 493 custodcm3
2543 436 2660 475 non
2681 416 2822 476 dici-

416 504 511 553 tur
536 496 607 553 de
644 495 755 552 nite
783 493 1077 571 Angelum
1117 493 1569 571 uniuscujusque
1611 514 1688 553 ex
1728 494 1846 553 illis
1884 496 2098 572 parvis,
2127 496 2226 555 vel
2267 496 2528 572 singulos
2557 496 2820 575 Angelos

415 574 505 633 sin
612 593 774 632 orum
811 572 1206 650 parvulorum,
1230 574 1426 633 videre
1469 574 1676 633 faciem
1705 575 1832 649 Dei,
1865 575 1968 633 sed
2008 576 2286 654 indefinite
2325 584 2550 635 tantum
2577 576 2822 653 Angelos

416 674 626 729 eorum,
659 654 782 711 sive
848 653 1003 711 lures
1029 653 1133 711 uni
1172 654 1555 730 assignentur,
1588 654 1712 713 sive
1738 674 1891 713 unus
1916 656 2197 733 pluribus,
2227 654 2500 714 nimirum
2527 663 2594 715 ut
2619 656 2822 715 innua-

396 742 511 792 *tur
538 753 638 791 eos
666 732 774 792 sub
906 732 1165 809 gelorum
1192 732 1376 792 tutela
1400 733 1463 791 in
1489 753 1700 810 genere
1729 735 2032 794 asservari.
2295 789 2299 793 .

495 812 675 872 XIV.
721 812 854 871 Non
880 812 1087 871 melius
1130 813 1240 871 hoc
1280 812 1568 872 evincitur
1607 833 1684 873 ex
1713 813 1848 872 Act.
1877 814 1980 873 xii.
2016 816 2107 891 15,
2139 812 2240 873 ubi
2281 814 2497 874 mentio
2524 814 2592 874 fit
2618 816 2826 892 Anyeli

413 894 589 951 Petri.
636 896 689 951 1.
720 891 869 968 Quia
894 912 1011 951 non
1040 901 1128 951 est
1156 912 1275 949 vox
1306 892 1633 969 Scripturas,
1667 893 1770 951 sed
1796 894 2220 969 nonnullorum,
2252 890 2353 971 qui
2379 895 2462 954 ita
2486 894 2818 973 loquuntur,

416 980 481 1031 ut
506 972 550 1031 J
552 972 720 1047 udaei,
752 972 1017 1031 conversi
1044 971 1293 1049 quidem,
1338 972 1443 1029 sed
1468 991 1585 1030 non
1613 973 1755 1030 satis
1781 972 1844 1029 in
1871 972 2136 1031 doctrina
2163 974 2490 1033 Christiana
2515 974 2706 1033 adhuc
2731 975 2820 1032 in-

413 1051 616 1111 stituti.
701 1052 756 1110 N
758 1072 823 1110 ec
842 1052 891 1110 si
910 1053 1021 1110 hoc
1042 1050 1285 1110 refertur
1304 1071 1339 1109 a
1352 1051 1527 1127 Luca,
1540 1071 1659 1109 non
1679 1051 1874 1110 statim
1891 1052 1964 1110 ab
1987 1072 2057 1111 eo
2075 1053 2370 1130 probatur,
2384 1074 2516 1114 cum
2536 1055 2719 1113 multa
2736 1054 2820 1114 sic

410 1138 803 1208 proponantur
826 1131 889 1189 in
921 1131 1231 1207 Scriptura,
1261 1131 1565 1206 narrative,
1596 1150 1715 1188 non
1755 1132 2147 1207 approbativa.
2191 1137 2248 1191 2.
2282 1134 2346 1192 Si
2373 1134 2552 1192 verba
2577 1134 2654 1191 ad
2692 1133 2819 1192 Ana

410 1210 607 1287 gelum
632 1211 967 1285 referantur,
997 1210 1143 1269 bene
1171 1209 1307 1269 inde
1334 1210 1532 1286 colligi
1558 1216 1766 1287 potest,
1799 1209 2094 1288 Angelum
2122 1212 2375 1289 aliquem
2401 1212 2654 1271 adfuisse
2681 1221 2821 1272 tunc

412 1290 601 1365 Petro,
632 1291 737 1349 sed
778 1310 895 1348 non
938 1298 1157 1349 certum
1204 1290 1455 1367 aliquem
1498 1297 1557 1348 et
1602 1296 1942 1366 perpetuum
1983 1290 2280 1350 custodem
2321 1292 2410 1349 illi
2435 1292 2652 1367 datum,
2681 1292 2822 1370 quia

410 1368 622 1428 dicitur
666 1370 1057 1445 supervenisse,
1086 1389 1143 1428 v.
1177 1374 1229 1444 7,
1262 1379 1328 1427 ut
1353 1388 1531 1445 quum
1558 1370 1816 1427 Medicam
1844 1379 1902 1428 et
1931 1373 2193 1445 famulus
2219 1372 2394 1447 Reys
2442 1372 2667 1447 dicitur,
2698 1391 2818 1431 non

406 1456 598 1507 certus
624 1449 910 1526 quispiam
950 1448 1311 1525 intelligitur,
1352 1447 1455 1507 sed
1500 1448 1796 1507 indefinite
1837 1448 1904 1524 is,
1936 1450 2037 1526 qui
2082 1450 2145 1507 id
2187 1451 2442 1509 muneris
2489 1451 2628 1527 obit,
2659 1450 2819 1528 quod

408 1527 578 1586 multi
604 1529 931 1587 successive
971 1537 1215 1605 possunt
1256 1528 1431 1587 obire.
1474 1530 1531 1586 3.
1564 1528 1678 1586 Pro
1707 1526 1968 1587 confesso
2011 1529 2258 1587 sumitur
2283 1529 2440 1607 quod
2467 1539 2556 1589 est
2590 1538 2817 1589 contro-

408 1626 659 1683 versum,
690 1608 789 1685 agi
813 1606 909 1666 hic
935 1607 1009 1666 de
1040 1606 1273 1685 Angelo
1301 1608 1529 1685 proprie
1556 1606 1751 1683 dicto;
1796 1627 1928 1666 cum
1970 1608 2116 1665 nihil
2143 1608 2335 1668 obstet
2361 1628 2564 1668 vocem
2591 1608 2821 1680 a’vycyim

408 1686 503 1744 hic
530 1706 633 1763 pro
661 1690 863 1747 nuncio
903 1687 1069 1761 sumi,
1098 1696 1167 1746 ut
1191 1687 1302 1745 hoc
1332 1706 1505 1746 sensu
1530 1706 1648 1746 non
1673 1706 1804 1745 raro
1831 1696 2158 1764 usurpatur,
2191 1688 2401 1747 Matth.
2431 1689 2512 1746 xi.
2546 1691 2638 1763 10,
2671 1687 2814 1748 Luc.

408 1765 509 1825 vii.
541 1769 635 1840 24,
669 1770 763 1841 27,
795 1774 855 1826 et
880 1767 961 1825 ix.
992 1769 1087 1841 52,
1118 1786 1175 1843 q.
1194 1765 1251 1824 d.
1280 1767 1513 1825 nuncius
1541 1776 1621 1824 est
1659 1768 1730 1825 ab
1771 1787 1836 1825 eo
1863 1768 2076 1843 missus,
2107 1766 2181 1826 de
2223 1786 2294 1825 eo
2333 1766 2553 1844 aliquid
2579 1768 2816 1826 nuncia-

407 1854 589 1920 turus,
620 1854 685 1903 ut
711 1846 813 1922 qui
840 1855 974 1905 sunt
999 1846 1061 1903 in
1089 1846 1337 1904 vinculis
1386 1846 1573 1903 solent
1616 1865 1768 1922 saepe
1811 1847 2039 1905 nunciis
2067 1846 2169 1922 uti,
2201 1847 2303 1923 qui
2331 1846 2671 1923 significent,
2703 1867 2818 1925 quo

407 1924 469 1982 in
498 1934 653 1983 statu
699 1944 792 1983 res
839 1925 1093 2001 ipsorum
1142 1924 1273 1983 sint.
1319 1924 1442 1983 Nec
1489 1923 1682 1983 obstat
1710 1925 1865 2002 quod
1896 1925 2102 1983 Rhode
2145 1926 2356 1984 ancilla
2383 1925 2607 1985 dicatur
2633 1947 2818 1986 vocem

409 2005 573 2062 Petri
595 2004 920 2081 agnovisse,
952 2005 1089 2081 quia
1136 2004 1195 2062 in
1244 2023 1312 2061 eo
1356 2023 1472 2062 non
1514 2004 1845 2080 impetravit
1870 2003 2062 2079 fidem,
2095 2014 2153 2063 et
2178 2004 2306 2063 fieri
2331 2005 2534 2082 potuit,
2565 2013 2632 2064 ut
2661 2006 2820 2065 Petri

406 2085 619 2161 injecta
643 2085 933 2142 mentione
981 2104 1017 2141 a
1046 2084 1204 2141 Petri
1250 2083 1477 2158 nunci0,
1509 2082 1610 2159 qui
1658 2102 1790 2141 cum
1834 2082 1938 2141 illa
1983 2083 2369 2159 loquebantur
2407 2084 2663 2161 putarint
2690 2105 2818 2143 eam

412 2163 599 2222 secius
627 2182 746 2221 rem
776 2163 1084 2241 accepisse.

488 2243 633 2301 XV.
679 2242 849 2317 Quod
875 2243 1099 2317 dicitur,
1137 2246 1165 2301 1
1201 2242 1329 2300 Cor.
1360 2240 1441 2299 xi.
1474 2244 1565 2315 10,
1616 2242 1906 2300 mulierem
1939 2250 2273 2317 potestatem
2297 2244 2501 2301 habere
2528 2244 2725 2301 debere
2757 2246 2817 2303 in

404 2324 585 2399 capite
620 2332 864 2399 propter
904 2324 1161 2399 Angelos,
1194 2320 1445 2380 ostendit
1472 2319 1706 2397 quidem
1749 2320 2013 2399 Angelos
2041 2322 2286 2381 coetibus
2315 2322 2492 2379 sacris
2518 2322 2814 2401 interesse,

405 2410 465 2460 et
490 2410 669 2462 testes
696 2422 821 2461 esse
848 2402 1096 2479 pietatis,
1126 2401 1225 2459 vel
1249 2400 1577 2478 impietatis,
1607 2400 1950 2459 humilitatis
1977 2402 2074 2459 vel
2101 2400 2472 2479 impudentias
2497 2400 2814 2479 hominum,

403 2481 505 2558 qui
531 2482 603 2540 iis
630 2482 1005 2557 interadsunt,
1036 2501 1183 2558 quos
1198 2487 1525 2619 gopterea
1549 2479 1821 2539 mulieres
1861 2481 2112 2539 revereri
2158 2480 2422 2539 debeant.
2511 2480 2628 2539 Sed
2669 2481 2818 2539 nihil

404 2561 538 2619 hinc
566 2562 799 2699 effulpi
825 2570 1019 2640 potest
1064 2581 1169 2640 pro
1300 2560 1431 2638 gelo
1460 2558 1716 2636 custode,
1747 2560 1914 2638 quasi
1942 2568 2132 2620 certus
2160 2560 2370 2638 aliquis
2400 2560 2668 2638 Angelus
2697 2561 2814 2622 sin-

513 2641 563 2698 's
666 2651 761 2700 tus
788 2643 880 2701 sit.

406 2641 763 2794 ειᾑόιιεειιᾶτιιῑι
790 2721 887 2780 hic
914 2721 1159 2780 dicenda
1186 2728 1379 2780 essent
1404 2721 1477 2779 de
1504 2721 1921 2800 confirmatione
1962 2722 2232 2779 bonorum
2259 2721 2620 2796 Anqezorum,
2653 2728 2712 2778 et
2740 2720 2813 2778 de

392 2810 627 2875 peccato
652 2804 931 2860 malm-um
952 2826 977 2874 ;
1005 2800 1108 2860 sed
1136 2801 1208 2860 de
1234 2801 1337 2859 illa
1364 2800 1596 2877 quidem
1624 2808 1816 2860 actum
1835 2801 1960 2878 jam
1988 2809 2078 2860 est
2104 2801 2382 2877 superius,
2415 2799 2484 2858 L.
2514 2799 2624 2858 IV.
2656 2798 2724 2875 Q.
2756 2802 2812 2875 8,

405 2879 477 2938 de
505 2881 617 2940 isto
644 2901 783 2941 vero
811 2891 1017 2960 agetur
1042 2889 1243 2959 postea
1272 2881 1428 2940 Loco
1457 2881 1529 2940 de
1557 2883 1813 2940 Peccata

1332 3121 1718 3195 QUAESTIO
1763 3121 1881 3179 IX.

952 3297 1031 3335 DE
1059 3295 1521 3336 mTERcESSIONE
1550 3297 1625 3334 ΕΤ
1654 3295 1848 3336 CULTU
1877 3295 2265 3336 ARGELORUM.

402 3436 495 3494 An
516 3436 721 3513 Angeli
741 3436 853 3494 sint
869 3439 1269 3495 Inter-cessores
1288 3435 1468 3493 nostri
1484 3437 1644 3510 apud
1661 3437 1865 3508 Deum,
1886 3437 1970 3492 Et
1981 3435 2078 3492 An
2098 3437 2275 3492 cultum
2294 3435 2498 3510 aliquis
2525 3436 2818 3510 reliqt‘osus

965 3517 1074 3574 illis
1099 3516 1365 3574 debeamr
1384 3517 1412 3572 ,²
1474 3514 1529 3572 N
1530 3533 1641 3590 eg.,
1673 3521 1872 3572 contra
1901 3511 2252 3572 Pontificios.

486 3675 536 3734 Ι.
583 3676 679 3733 Ex
707 3675 1032 3734 Ministerio
1062 3673 1367 3750 Angelico,
1398 3672 1471 3731 de
1500 3692 1615 3749 quo
1659 3681 1852 3732 actum
1879 3671 1989 3731 fuit
2016 3678 2202 3745 antea,
2233 3669 2452 3748 duplex
2481 3668 2670 3727 adhuc
2700 3670 2814 3728 ori-

400 3762 496 3813 tur
525 3755 779 3829 Quaestio
804 3777 819 3814 ι
864 3755 1059 3812 Prima
1083 3755 1157 3812 de
1186 3773 1378 3812 eorum
1397 3752 1812 3826 Intercessione,
1839 3751 1938 3809 An
1968 3769 2163 3809 eorum
2194 3748 2442 3808 officium
2469 3747 2817 3807 extendatur

401 3833 481 3892 ad
508 3832 584 3909 id,
616 3843 681 3893 ut
708 3835 889 3893 nostri
916 3834 1033 3892 sint
1060 3833 1214 3911 apud
1265 3834 1454 3892 Deum
1485 3833 1902 3892 Intercessores
1928 3839 1988 3889 et
2012 3831 2229 3906 μεσίτου,
2259 3828 2360 3906 qui
2387 3828 2484 3886 vel
2510 3836 2816 3905 precentur

400 3933 507 3991 pro
534 3913 718 3989 nobis,
750 3914 845 3972 vel
888 3916 1086 3989 preces
1126 3920 1353 3973 nostras
1382 3913 1509 3971 Deo
1554 3911 1812 3985 offerant,
1845 3920 1903 3969 et
1946 3911 2211 3986 precibus
2240 3917 2298 3967 et
2322 3907 2544 3966 meritis
2573 3907 2693 3966 suis
2720 3927 2812 3965 ac-

403 4001 599 4070 ceptas
626 3993 871 4052 reddant
890 3995 919 4051 1>
1000 3992 1207 4052 Altera
1234 3992 1307 4050 de
1336 4012 1530 4052 eorum
1560 3991 1746 4066 Cultu,
1779 3990 1879 4048 An
1906 3989 2115 4065 aliquis
2143 3988 2334 4047 cultus
2362 3986 2670 4066 religiosus
2699 3986 2816 4046 illis

407 4072 689 4132 debeatur
704 4077 734 4131 ?
818 4073 907 4130 De
934 4081 1178 4149 utraque
1205 4073 1405 4149 paucis
1433 4091 1691 4148 agemus.
2174 4144 2176 4146 v
2336 4123 2343 4129 .

483 4153 569 4210 II.
614 4152 819 4226 Quoad
844 4151 1121 4230 primam;
1168 4151 1471 4226 Quaeritur,
1502 4151 1605 4208 An
1631 4149 1706 4208 ad
1735 4149 2122 4208 Ministerium
2152 4145 2506 4224 Angelicum
2532 4143 2818 4223 pertineat

403 4231 669 4308 quaedam
689 4252 886 4290 eorum
910 4231 1191 4291 Mediatio
1220 4240 1279 4290 et
1297 4231 1658 4304 Intercessio,
1680 4251 1794 4306 qua
1821 4250 1937 4288 non
1964 4226 2137 4286 modo
2165 4236 2470 4304 precentur
2495 4245 2599 4303 pro
2627 4224 2814 4300 nobis,

402 4310 507 4369 sed
534 4311 707 4370 etiam
734 4331 935 4389 preces
962 4321 1191 4370 nostras
1218 4310 1295 4368 ad
1322 4311 1513 4368 Deum
1539 4309 1818 4384 deferant,
1847 4317 1906 4367 et
1946 4307 2265 4386 patrocinio
2308 4326 2410 4366 suo
2453 4326 2520 4364 ac
2548 4303 2816 4382 precibus

402 4409 511 4448 nos
542 4391 668 4450 Deo
718 4399 985 4470 acceptos
1034 4399 1093 4450 et
1137 4388 1621 4450 commendabiles
1671 4387 1914 4448 reddant
1929 4391 1957 4447 P
2002 4385 2290 4446 Pontificii
2328 4385 2646 4458 affirmant3
2693 4382 2818 4442 Nos

405 4489 707 4547 negamus.
2834 4487 2842 4492 ·
