<?xml version="1.0" encoding="UTF-8"?>
<!DOCTYPE html PUBLIC "-//W3C//DTD XHTML 1.0 Transitional//EN"
    "http://www.w3.org/TR/xhtml1/DTD/xhtml1-transitional.dtd">
<html xmlns="http://www.w3.org/1999/xhtml" xml:lang="en" lang="en">
 <head>
  <title>
</title>
<meta http-equiv="Content-Type" content="text/html;charset=utf-8" />
  <meta name='ocr-system' content='tesseract 3.04.00' />
  <meta name='ocr-capabilities' content='ocr_page ocr_carea ocr_par ocr_line ocrx_word'/>
</head>
<body>
  <div class='ocr_page' id='page_1' title='image "./institutiotheol00turrgoog_0047.png"; bbox 0 0 3300 5225; ppageno 0'>
   <div class='ocr_carea' id='block_1_1' title="bbox 1251 289 2801 353">
    <p class='ocr_par' dir='ltr' id='par_1_1' title="bbox 1251 289 2801 353">
     <span class='ocr_line' id='line_1_1' title="bbox 1251 289 2801 353; baseline 0.004 -6"><span class='ocrx_word' id='word_1_1' title='bbox 1251 298 1514 347; x_wconf 81' lang='lat' dir='ltr'><strong>ORATIO</strong></span> <span class='ocrx_word' id='word_1_2' title='bbox 1551 299 1927 348; x_wconf 63' lang='lat' dir='ltr'><strong>summus,</strong></span> <span class='ocrx_word' id='word_1_3' title='bbox 2665 289 2801 353; x_wconf 89' lang='lat' dir='ltr'><strong>xliii</strong></span> 
     </span>
    </p>
   </div>
   <div class='ocr_carea' id='block_1_2' title="bbox 379 459 2803 1335">
    <p class='ocr_par' dir='ltr' id='par_1_2' title="bbox 379 459 2803 1335">
     <span class='ocr_line' id='line_1_2' title="bbox 379 459 2801 547; baseline -0 -16"><span class='ocrx_word' id='word_1_4' title='bbox 379 470 714 547; x_wconf 77' lang='lat' dir='ltr'><strong>supererat</strong></span> <span class='ocrx_word' id='word_1_5' title='bbox 766 464 932 529; x_wconf 89' lang='lat' dir='ltr'><strong>curis</strong></span> <span class='ocrx_word' id='word_1_6' title='bbox 988 459 1414 527; x_wconf 82' lang='lat' dir='ltr'><strong>absumebat.”</strong></span> <span class='ocrx_word' id='word_1_7' title='bbox 1520 462 1777 541; x_wconf 75' lang='lat' dir='ltr'><strong>Quoties</strong></span> <span class='ocrx_word' id='word_1_8' title='bbox 1828 470 1895 527; x_wconf 85' lang='lat' dir='ltr'><strong>et</strong></span> <span class='ocrx_word' id='word_1_9' title='bbox 1957 464 2201 543; x_wconf 86' lang='lat' dir='ltr'><strong>publice</strong></span> <span class='ocrx_word' id='word_1_10' title='bbox 2258 470 2325 529; x_wconf 90' lang='lat' dir='ltr'><strong>et</strong></span> <span class='ocrx_word' id='word_1_11' title='bbox 2386 464 2675 545; x_wconf 84' lang='lat' dir='ltr'><strong>privatim</strong></span> <span class='ocrx_word' id='word_1_12' title='bbox 2732 468 2801 531; x_wconf 91' lang='lat' dir='ltr'><strong>in</strong></span> 
     </span>
     <span class='ocr_line' id='line_1_3' title="bbox 380 561 2803 647; baseline 0 -19"><span class='ocrx_word' id='word_1_13' title='bbox 380 566 734 647; x_wconf 80' lang='lat' dir='ltr'>lachrymas</span> <span class='ocrx_word' id='word_1_14' title='bbox 764 564 935 644; x_wconf 90' lang='lat' dir='ltr'><strong>pium</strong></span> <span class='ocrx_word' id='word_1_15' title='bbox 963 562 1138 625; x_wconf 88' lang='lat' dir='ltr'><strong>illum</strong></span> <span class='ocrx_word' id='word_1_16' title='bbox 1168 561 1394 624; x_wconf 88' lang='lat' dir='ltr'><strong>Virum</strong></span> <span class='ocrx_word' id='word_1_17' title='bbox 1423 569 1847 643; x_wconf 80' lang='lat' dir='ltr'><strong>erumpentem</strong></span> <span class='ocrx_word' id='word_1_18' title='bbox 1872 563 2321 642; x_wconf 86' lang='lat' dir='ltr'><strong>conspeximus,</strong></span> <span class='ocrx_word' id='word_1_19' title='bbox 2343 584 2531 643; x_wconf 90' lang='lat' dir='ltr'><strong>quum</strong></span> <span class='ocrx_word' id='word_1_20' title='bbox 2560 564 2803 629; x_wconf 83' lang='lat' dir='ltr'><strong>audivit</strong></span> 
     </span>
     <span class='ocr_line' id='line_1_4' title="bbox 383 661 2801 741; baseline 0 -14"><span class='ocrx_word' id='word_1_21' title='bbox 383 664 988 727; x_wconf 85' lang='lat' dir='ltr'><strong>Pedemontanorum</strong></span> <span class='ocrx_word' id='word_1_22' title='bbox 1019 662 1312 723; x_wconf 88' lang='lat' dir='ltr'><strong>Fratrum</strong></span> <span class='ocrx_word' id='word_1_23' title='bbox 1342 661 1658 724; x_wconf 80' lang='lat' dir='ltr'><strong>infandam</strong></span> <span class='ocrx_word' id='word_1_24' title='bbox 1691 668 1939 736; x_wconf 79' lang='lat' dir='ltr'><strong>sortem,</strong></span> <span class='ocrx_word' id='word_1_25' title='bbox 1970 668 2159 741; x_wconf 87' lang='lat' dir='ltr'><strong>atque</strong></span> <span class='ocrx_word' id='word_1_26' title='bbox 2188 662 2455 725; x_wconf 80' lang='lat' dir='ltr'><strong>intuitus</strong></span> <span class='ocrx_word' id='word_1_27' title='bbox 2484 668 2583 727; x_wconf 86' lang='lat' dir='ltr'><strong>est</strong></span> <span class='ocrx_word' id='word_1_28' title='bbox 2612 663 2801 727; x_wconf 88' lang='lat' dir='ltr'><strong>mise-</strong></span> 
     </span>
     <span class='ocr_line' id='line_1_5' title="bbox 380 758 2797 843; baseline -0 -18"><span class='ocrx_word' id='word_1_29' title='bbox 380 762 616 827; x_wconf 86' lang='lat' dir='ltr'><strong>rabiles</strong></span> <span class='ocrx_word' id='word_1_30' title='bbox 645 780 857 824; x_wconf 88' lang='lat' dir='ltr'><strong>eorum</strong></span> <span class='ocrx_word' id='word_1_31' title='bbox 884 758 1196 839; x_wconf 86' lang='lat' dir='ltr'><strong>reliquias,</strong></span> <span class='ocrx_word' id='word_1_32' title='bbox 1227 758 1459 839; x_wconf 89' lang='lat' dir='ltr'><strong>partim</strong></span> <span class='ocrx_word' id='word_1_33' title='bbox 1490 780 1570 823; x_wconf 89' lang='lat' dir='ltr'><strong>ex</strong></span> <span class='ocrx_word' id='word_1_34' title='bbox 1600 759 1937 824; x_wconf 79' lang='lat' dir='ltr'><strong>inaccessis</strong></span> <span class='ocrx_word' id='word_1_35' title='bbox 1968 760 2269 823; x_wconf 89' lang='lat' dir='ltr'><strong>montium</strong></span> <span class='ocrx_word' id='word_1_36' title='bbox 2294 760 2489 843; x_wconf 86' lang='lat' dir='ltr'><strong>jugis,</strong></span> <span class='ocrx_word' id='word_1_37' title='bbox 2520 766 2589 825; x_wconf 87' lang='lat' dir='ltr'><strong>et</strong></span> <span class='ocrx_word' id='word_1_38' title='bbox 2616 762 2797 825; x_wconf 87' lang='lat' dir='ltr'><strong>abdi-</strong></span> 
     </span>
     <span class='ocr_line' id='line_1_6' title="bbox 381 856 2795 940; baseline 0 -18"><span class='ocrx_word' id='word_1_39' title='bbox 381 860 472 923; x_wconf 89' lang='lat' dir='ltr'><strong>tis</strong></span> <span class='ocrx_word' id='word_1_40' title='bbox 503 860 754 939; x_wconf 89' lang='lat' dir='ltr'><strong>rupium</strong></span> <span class='ocrx_word' id='word_1_41' title='bbox 788 857 1007 934; x_wconf 81' lang='lat' dir='ltr'><strong>antris,</strong></span> <span class='ocrx_word' id='word_1_42' title='bbox 1063 856 1295 938; x_wconf 84' lang='lat' dir='ltr'><strong>partim</strong></span> <span class='ocrx_word' id='word_1_43' title='bbox 1345 877 1424 919; x_wconf 89' lang='lat' dir='ltr'><strong>ex</strong></span> <span class='ocrx_word' id='word_1_44' title='bbox 1475 858 1661 921; x_wconf 90' lang='lat' dir='ltr'><strong>tetris</strong></span> <span class='ocrx_word' id='word_1_45' title='bbox 1706 865 1773 921; x_wconf 89' lang='lat' dir='ltr'><strong>et</strong></span> <span class='ocrx_word' id='word_1_46' title='bbox 1824 858 2101 921; x_wconf 84' lang='lat' dir='ltr'><strong>obscuris</strong></span> <span class='ocrx_word' id='word_1_47' title='bbox 2152 859 2503 923; x_wconf 86' lang='lat' dir='ltr'><strong>carceribus</strong></span> <span class='ocrx_word' id='word_1_48' title='bbox 2532 860 2795 940; x_wconf 86' lang='lat' dir='ltr'><strong>elapsas,</strong></span> 
     </span>
     <span class='ocr_line' id='line_1_7' title="bbox 385 955 2801 1039; baseline -0 -17"><span class='ocrx_word' id='word_1_49' title='bbox 385 958 560 1022; x_wconf 77' lang='lat' dir='ltr'><strong>velut</strong></span> <span class='ocrx_word' id='word_1_50' title='bbox 590 957 852 1021; x_wconf 78' lang='lat' dir='ltr'><strong>titiones</strong></span> <span class='ocrx_word' id='word_1_51' title='bbox 883 978 964 1021; x_wconf 91' lang='lat' dir='ltr'><strong>ex</strong></span> <span class='ocrx_word' id='word_1_52' title='bbox 1011 955 1158 1038; x_wconf 87' lang='lat' dir='ltr'><strong>igne</strong></span> <span class='ocrx_word' id='word_1_53' title='bbox 1203 962 1468 1035; x_wconf 89' lang='lat' dir='ltr'><strong>ereptos.</strong></span> <span class='ocrx_word' id='word_1_54' title='bbox 1573 955 1827 1031; x_wconf 77' lang='lat' dir='ltr'><strong>Quoties</strong></span> <span class='ocrx_word' id='word_1_55' title='bbox 1867 956 2123 1020; x_wconf 83' lang='lat' dir='ltr'><strong>violavit</strong></span> <span class='ocrx_word' id='word_1_56' title='bbox 2170 960 2389 1021; x_wconf 82' lang='lat' dir='ltr'><strong>oborto</strong></span> <span class='ocrx_word' id='word_1_57' title='bbox 2414 978 2557 1021; x_wconf 85' lang='lat' dir='ltr'><strong>roro</strong></span> <span class='ocrx_word' id='word_1_58' title='bbox 2592 978 2801 1039; x_wconf 88' lang='lat' dir='ltr'><strong>genas,</strong></span> 
     </span>
     <span class='ocr_line' id='line_1_8' title="bbox 390 1052 2803 1138; baseline 0 -19"><span class='ocrx_word' id='word_1_59' title='bbox 390 1076 580 1138; x_wconf 91' lang='lat' dir='ltr'><strong>quum</strong></span> <span class='ocrx_word' id='word_1_60' title='bbox 605 1056 928 1119; x_wconf 81' lang='lat' dir='ltr'><strong>Gallorum</strong></span> <span class='ocrx_word' id='word_1_61' title='bbox 958 1056 1223 1117; x_wconf 77' lang='lat' dir='ltr'><strong>fratrum</strong></span> <span class='ocrx_word' id='word_1_62' title='bbox 1253 1052 1545 1119; x_wconf 85' lang='lat' dir='ltr'><strong>dolendas</strong></span> <span class='ocrx_word' id='word_1_63' title='bbox 1578 1055 1745 1118; x_wconf 86' lang='lat' dir='ltr'><strong>vices</strong></span> <span class='ocrx_word' id='word_1_64' title='bbox 1772 1055 2107 1136; x_wconf 77' lang='lat' dir='ltr'><strong>intellexit,</strong></span> <span class='ocrx_word' id='word_1_65' title='bbox 2160 1076 2313 1135; x_wconf 89' lang='lat' dir='ltr'><strong>quas</strong></span> <span class='ocrx_word' id='word_1_66' title='bbox 2342 1063 2603 1136; x_wconf 70' lang='lat' dir='ltr'><strong>praestat</strong></span> <span class='ocrx_word' id='word_1_67' title='bbox 2634 1058 2803 1137; x_wconf 83' lang='lat' dir='ltr'><strong>sipa—</strong></span> 
     </span>
     <span class='ocr_line' id='line_1_9' title="bbox 387 1149 2803 1236; baseline 0 -18"><span class='ocrx_word' id='word_1_68' title='bbox 387 1156 488 1219; x_wconf 88' lang='lat' dir='ltr'><strong>rio</strong></span> <span class='ocrx_word' id='word_1_69' title='bbox 518 1162 751 1236; x_wconf 83' lang='lat' dir='ltr'><strong>tegere,</strong></span> <span class='ocrx_word' id='word_1_70' title='bbox 785 1174 968 1234; x_wconf 86' lang='lat' dir='ltr'><strong>quam</strong></span> <span class='ocrx_word' id='word_1_71' title='bbox 1001 1172 1106 1217; x_wconf 87' lang='lat' dir='ltr'><strong>eas</strong></span> <span class='ocrx_word' id='word_1_72' title='bbox 1137 1154 1460 1217; x_wconf 85' lang='lat' dir='ltr'><strong>referendo</strong></span> <span class='ocrx_word' id='word_1_73' title='bbox 1491 1149 1810 1215; x_wconf 79' lang='lat' dir='ltr'><strong>infandum</strong></span> <span class='ocrx_word' id='word_1_74' title='bbox 1838 1172 2133 1217; x_wconf 83' lang='lat' dir='ltr'><strong>renovare</strong></span> <span class='ocrx_word' id='word_1_75' title='bbox 2156 1155 2445 1218; x_wconf 89' lang='lat' dir='ltr'><strong>dolorem.</strong></span> <span class='ocrx_word' id='word_1_76' title='bbox 2548 1154 2803 1231; x_wconf 80' lang='lat' dir='ltr'><strong>Quoties</strong></span> 
     </span>
     <span class='ocr_line' id='line_1_10' title="bbox 387 1252 2192 1335; baseline -0.003 -20"><span class='ocrx_word' id='word_1_77' title='bbox 387 1253 796 1335; x_wconf 86' lang='lat' dir='ltr'><strong>ingemiscens</strong></span> <span class='ocrx_word' id='word_1_78' title='bbox 831 1252 994 1315; x_wconf 85' lang='lat' dir='ltr'><strong>dixit</strong></span> <span class='ocrx_word' id='word_1_79' title='bbox 1023 1273 1036 1313; x_wconf 92' lang='lat'><strong>:</strong></span> <span class='ocrx_word' id='word_1_80' title='bbox 2183 1281 2192 1287; x_wconf 97' lang='lat'>-</span> 
     </span>
    </p>
   </div>
   <div class='ocr_carea' id='block_1_3' title="bbox 954 1466 2273 2103">
    <p class='ocr_par' dir='ltr' id='par_1_3' title="bbox 954 1466 2233 1785">
     <span class='ocr_line' id='line_1_11' title="bbox 963 1466 2233 1543; baseline -0.001 -16"><span class='ocrx_word' id='word_1_81' title='bbox 963 1468 1014 1527; x_wconf 89' lang='lat' dir='ltr'><strong><em>O</em></strong></span> <span class='ocrx_word' id='word_1_82' title='bbox 1040 1468 1174 1525; x_wconf 77' lang='lat' dir='ltr'><strong>Rex</strong></span> <span class='ocrx_word' id='word_1_83' title='bbox 1200 1466 1559 1543; x_wconf 75' lang='lat' dir='ltr'><strong>armipotens,</strong></span> <span class='ocrx_word' id='word_1_84' title='bbox 1591 1481 1755 1543; x_wconf 78' lang='lat' dir='ltr'><strong>quem</strong></span> <span class='ocrx_word' id='word_1_85' title='bbox 1780 1474 1987 1525; x_wconf 75' lang='lat' dir='ltr'><strong>statues</strong></span> <span class='ocrx_word' id='word_1_86' title='bbox 2006 1469 2233 1527; x_wconf 83' lang='lat' dir='ltr'><strong>modum</strong></span> 
     </span>
     <span class='ocr_line' id='line_1_12' title="bbox 959 1546 2159 1623; baseline 0.002 -18"><span class='ocrx_word' id='word_1_87' title='bbox 959 1548 1096 1622; x_wconf 82' lang='lat' dir='ltr'><strong>Iroe,</strong></span> <span class='ocrx_word' id='word_1_88' title='bbox 1127 1550 1354 1622; x_wconf 79' lang='lat' dir='ltr'><strong>quando</strong></span> <span class='ocrx_word' id='word_1_89' title='bbox 1381 1546 1612 1605; x_wconf 77' lang='lat' dir='ltr'><strong>humiles</strong></span> <span class='ocrx_word' id='word_1_90' title='bbox 1637 1546 1901 1623; x_wconf 53' lang='lat' dir='ltr'><strong>suscepisti</strong></span> <span class='ocrx_word' id='word_1_91' title='bbox 1918 1551 2159 1623; x_wconf 70' lang='lat' dir='ltr'><strong>preces!</strong></span> 
     </span>
     <span class='ocr_line' id='line_1_13' title="bbox 959 1628 2081 1687; baseline 0.001 -2"><span class='ocrx_word' id='word_1_92' title='bbox 959 1629 1249 1687; x_wconf 65' lang='lat' dir='ltr'><strong>Traduaea‘</strong></span> <span class='ocrx_word' id='word_1_93' title='bbox 1271 1628 1494 1686; x_wconf 77' lang='lat' dir='ltr'><strong>Pharia</strong></span> <span class='ocrx_word' id='word_1_94' title='bbox 1521 1630 1590 1685; x_wconf 80' lang='lat' dir='ltr'><strong>de</strong></span> <span class='ocrx_word' id='word_1_95' title='bbox 1615 1628 1806 1685; x_wconf 79' lang='lat' dir='ltr'><strong>scrobe</strong></span> <span class='ocrx_word' id='word_1_96' title='bbox 1831 1629 2081 1687; x_wconf 81' lang='lat' dir='ltr'><strong>vineam:</strong></span> 
     </span>
     <span class='ocr_line' id='line_1_14' title="bbox 954 1708 2023 1785; baseline 0.001 -19"><span class='ocrx_word' id='word_1_97' title='bbox 954 1710 1256 1767; x_wconf 78' lang='lat' dir='ltr'><strong>Nudatam</strong></span> <span class='ocrx_word' id='word_1_98' title='bbox 1283 1708 1456 1767; x_wconf 76' lang='lat' dir='ltr'><strong>solitis</strong></span> <span class='ocrx_word' id='word_1_99' title='bbox 1483 1728 1587 1765; x_wconf 86' lang='lat' dir='ltr'><strong>cur</strong></span> <span class='ocrx_word' id='word_1_100' title='bbox 1612 1710 1778 1766; x_wconf 86' lang='lat' dir='ltr'><strong>modo</strong></span> <span class='ocrx_word' id='word_1_101' title='bbox 1806 1710 2023 1785; x_wconf 76' lang='lat' dir='ltr'><strong>sepibus</strong></span> 
     </span>
    </p>

    <p class='ocr_par' dir='ltr' id='par_1_4' title="bbox 955 1788 2273 2025">
     <span class='ocr_line' id='line_1_15' title="bbox 955 1788 2273 1865; baseline 0.001 -19"><span class='ocrx_word' id='word_1_102' title='bbox 955 1790 1030 1847; x_wconf 87' lang='lat' dir='ltr'><strong>In</strong></span> <span class='ocrx_word' id='word_1_103' title='bbox 1045 1791 1314 1865; x_wconf 74' lang='lat' dir='ltr'><strong>praedam</strong></span> <span class='ocrx_word' id='word_1_104' title='bbox 1342 1788 1643 1863; x_wconf 74' lang='lat' dir='ltr'><strong>hospitibus</strong></span> <span class='ocrx_word' id='word_1_105' title='bbox 1673 1790 1879 1847; x_wconf 68' lang='lat' dir='ltr'><strong>deser-125</strong></span> <span class='ocrx_word' id='word_1_106' title='bbox 1906 1791 2051 1847; x_wconf 80' lang='lat' dir='ltr'><strong>banc</strong></span> <span class='ocrx_word' id='word_1_107' title='bbox 2077 1789 2273 1865; x_wconf 71' lang='lat' dir='ltr'><strong>vaqz&#39;s?</strong></span> 
     </span>
     <span class='ocr_line' id='line_1_16' title="bbox 956 1869 2113 1947; baseline 0.002 -22"><span class='ocrx_word' id='word_1_108' title='bbox 956 1869 1116 1926; x_wconf 77' lang='lat' dir='ltr'><strong>Audi</strong></span> <span class='ocrx_word' id='word_1_109' title='bbox 1132 1878 1410 1945; x_wconf 74' lang='lat' dir='ltr'><strong>yementes</strong></span> <span class='ocrx_word' id='word_1_110' title='bbox 1437 1888 1729 1926; x_wconf 81' lang='lat' dir='ltr'><strong>carcerum</strong></span> <span class='ocrx_word' id='word_1_111' title='bbox 1759 1870 1859 1947; x_wconf 82' lang='lat' dir='ltr'><strong>qui</strong></span> <span class='ocrx_word' id='word_1_112' title='bbox 1881 1870 2113 1927; x_wconf 81' lang='lat' dir='ltr'><strong>vinculis</strong></span> 
     </span>
     <span class='ocr_line' id='line_1_17' title="bbox 957 1950 1743 2025; baseline 0.003 -20"><span class='ocrx_word' id='word_1_113' title='bbox 957 1950 1238 2023; x_wconf 77' lang='lat' dir='ltr'><strong>Mar-cent,</strong></span> <span class='ocrx_word' id='word_1_114' title='bbox 1258 1950 1480 2025; x_wconf 80' lang='lat' dir='ltr'><strong>potenti</strong></span> <span class='ocrx_word' id='word_1_115' title='bbox 1503 1950 1743 2007; x_wconf 72' lang='lat' dir='ltr'><strong>dextera</strong></span> 
     </span>
    </p>

    <p class='ocr_par' dir='ltr' id='par_1_5' title="bbox 959 2028 1689 2103">
     <span class='ocr_line' id='line_1_18' title="bbox 959 2028 1689 2103; baseline 0.003 -18"><span class='ocrx_word' id='word_1_116' title='bbox 959 2030 1054 2087; x_wconf 87' lang='lat' dir='ltr'><strong>De</strong></span> <span class='ocrx_word' id='word_1_117' title='bbox 1065 2032 1242 2103; x_wconf 82' lang='lat' dir='ltr'><strong>fauce</strong></span> <span class='ocrx_word' id='word_1_118' title='bbox 1269 2030 1466 2087; x_wconf 75' lang='lat' dir='ltr'><strong>‘mortis</strong></span> <span class='ocrx_word' id='word_1_119' title='bbox 1493 2028 1689 2087; x_wconf 72' lang='lat' dir='ltr'><strong>libera.</strong></span> 
     </span>
    </p>
   </div>
   <div class='ocr_carea' id='block_1_4' title="bbox 387 2210 2808 4650">
    <p class='ocr_par' dir='ltr' id='par_1_6' title="bbox 391 2210 2804 2687">
     <span class='ocr_line' id='line_1_19' title="bbox 391 2210 2804 2293; baseline -0.001 -16"><span class='ocrx_word' id='word_1_120' title='bbox 391 2214 642 2277; x_wconf 85' lang='lat' dir='ltr'><strong>Summe</strong></span> <span class='ocrx_word' id='word_1_121' title='bbox 675 2210 871 2292; x_wconf 88' lang='lat' dir='ltr'><strong>Deus,</strong></span> <span class='ocrx_word' id='word_1_122' title='bbox 904 2213 1018 2275; x_wconf 87' lang='lat' dir='ltr'><strong>hos</strong></span> <span class='ocrx_word' id='word_1_123' title='bbox 1048 2213 1336 2293; x_wconf 78' lang='lat' dir='ltr'><strong>gemituS‚</strong></span> <span class='ocrx_word' id='word_1_124' title='bbox 1371 2218 1437 2275; x_wconf 89' lang='lat' dir='ltr'><strong>et</strong></span> <span class='ocrx_word' id='word_1_125' title='bbox 1469 2214 1600 2276; x_wconf 84' lang='lat' dir='ltr'><strong>haec</strong></span> <span class='ocrx_word' id='word_1_126' title='bbox 1629 2212 1897 2292; x_wconf 88' lang='lat' dir='ltr'><strong>suspiria</strong></span> <span class='ocrx_word' id='word_1_127' title='bbox 1925 2212 2113 2275; x_wconf 86' lang='lat' dir='ltr'><strong>nosti.</strong></span> <span class='ocrx_word' id='word_1_128' title='bbox 2180 2210 2404 2273; x_wconf 87' lang='lat' dir='ltr'><strong>Nostis</strong></span> <span class='ocrx_word' id='word_1_129' title='bbox 2438 2211 2804 2293; x_wconf 86' lang='lat' dir='ltr'><strong>Auditores‚</strong></span> 
     </span>
     <span class='ocr_line' id='line_1_20' title="bbox 393 2308 2802 2393; baseline -0.002 -18"><span class='ocrx_word' id='word_1_130' title='bbox 393 2312 497 2393; x_wconf 90' lang='lat' dir='ltr'><strong>qui</strong></span> <span class='ocrx_word' id='word_1_131' title='bbox 533 2332 654 2375; x_wconf 92' lang='lat' dir='ltr'><strong>non</strong></span> <span class='ocrx_word' id='word_1_132' title='bbox 676 2310 864 2373; x_wconf 89' lang='lat' dir='ltr'><strong>semel</strong></span> <span class='ocrx_word' id='word_1_133' title='bbox 893 2311 1284 2373; x_wconf 85' lang='lat' dir='ltr'><strong>madentibus</strong></span> <span class='ocrx_word' id='word_1_134' title='bbox 1314 2310 1505 2373; x_wconf 91' lang='lat' dir='ltr'><strong>oculis</strong></span> <span class='ocrx_word' id='word_1_135' title='bbox 1535 2312 1667 2373; x_wconf 81' lang='lat' dir='ltr'><strong>haec</strong></span> <span class='ocrx_word' id='word_1_136' title='bbox 1697 2311 2024 2373; x_wconf 87' lang='lat' dir='ltr'><strong>deflentem</strong></span> <span class='ocrx_word' id='word_1_137' title='bbox 2048 2308 2406 2372; x_wconf 85' lang='lat' dir='ltr'><strong>audivistis:</strong></span> <span class='ocrx_word' id='word_1_138' title='bbox 2452 2310 2549 2371; x_wconf 87' lang='lat' dir='ltr'><strong>Ea</strong></span> <span class='ocrx_word' id='word_1_139' title='bbox 2574 2309 2802 2373; x_wconf 91' lang='lat' dir='ltr'><strong>descri-</strong></span> 
     </span>
     <span class='ocr_line' id='line_1_21' title="bbox 394 2406 2801 2489; baseline -0.002 -16"><span class='ocrx_word' id='word_1_140' title='bbox 394 2412 542 2473; x_wconf 86' lang='lat' dir='ltr'><strong>bere</strong></span> <span class='ocrx_word' id='word_1_141' title='bbox 568 2429 691 2471; x_wconf 90' lang='lat' dir='ltr'><strong>non</strong></span> <span class='ocrx_word' id='word_1_142' title='bbox 725 2409 1062 2489; x_wconf 77' lang='lat' dir='ltr'><strong>aggredior,</strong></span> <span class='ocrx_word' id='word_1_143' title='bbox 1094 2409 1172 2471; x_wconf 85' lang='lat' dir='ltr'><strong>ad</strong></span> <span class='ocrx_word' id='word_1_144' title='bbox 1207 2408 1552 2489; x_wconf 88' lang='lat' dir='ltr'><strong>exemplum</strong></span> <span class='ocrx_word' id='word_1_145' title='bbox 1581 2408 1819 2489; x_wconf 83' lang='lat' dir='ltr'><strong>sagacis</strong></span> <span class='ocrx_word' id='word_1_146' title='bbox 1848 2407 2011 2471; x_wconf 89' lang='lat' dir='ltr'><strong>illius</strong></span> <span class='ocrx_word' id='word_1_147' title='bbox 2040 2408 2319 2487; x_wconf 86' lang='lat' dir='ltr'><strong>pictoris,</strong></span> <span class='ocrx_word' id='word_1_148' title='bbox 2341 2408 2446 2488; x_wconf 91' lang='lat' dir='ltr'><strong>qui</strong></span> <span class='ocrx_word' id='word_1_149' title='bbox 2481 2428 2621 2471; x_wconf 91' lang='lat' dir='ltr'><strong>cum</strong></span> <span class='ocrx_word' id='word_1_150' title='bbox 2650 2406 2801 2469; x_wconf 86' lang='lat' dir='ltr'><strong>arti-</strong></span> 
     </span>
     <span class='ocr_line' id='line_1_22' title="bbox 393 2506 2799 2588; baseline -0.001 -19"><span class='ocrx_word' id='word_1_151' title='bbox 393 2508 534 2571; x_wconf 88' lang='lat' dir='ltr'><strong>ficio</strong></span> <span class='ocrx_word' id='word_1_152' title='bbox 579 2507 934 2588; x_wconf 83' lang='lat' dir='ltr'><strong>excelleret,</strong></span> <span class='ocrx_word' id='word_1_153' title='bbox 989 2507 1234 2588; x_wconf 84' lang='lat' dir='ltr'><strong>ingenio</strong></span> <span class='ocrx_word' id='word_1_154' title='bbox 1285 2514 1494 2570; x_wconf 89' lang='lat' dir='ltr'><strong>tamen</strong></span> <span class='ocrx_word' id='word_1_155' title='bbox 1544 2506 1741 2587; x_wconf 84' lang='lat' dir='ltr'><strong>magis</strong></span> <span class='ocrx_word' id='word_1_156' title='bbox 1794 2506 2135 2582; x_wconf 86' lang='lat' dir='ltr'><strong>abundans,</strong></span> <span class='ocrx_word' id='word_1_157' title='bbox 2186 2506 2321 2570; x_wconf 80' lang='lat' dir='ltr'><strong>velo</strong></span> <span class='ocrx_word' id='word_1_158' title='bbox 2372 2507 2799 2581; x_wconf 85' lang='lat' dir='ltr'><strong>obumbrabat,</strong></span> 
     </span>
     <span class='ocr_line' id='line_1_23' title="bbox 394 2600 1653 2687; baseline -0.001 -19"><span class='ocrx_word' id='word_1_159' title='bbox 394 2607 556 2687; x_wconf 90' lang='lat' dir='ltr'><strong>quod</strong></span> <span class='ocrx_word' id='word_1_160' title='bbox 588 2604 875 2687; x_wconf 88' lang='lat' dir='ltr'><strong>penicillo</strong></span> <span class='ocrx_word' id='word_1_161' title='bbox 905 2627 1229 2686; x_wconf 85' lang='lat' dir='ltr'><strong>exaequare</strong></span> <span class='ocrx_word' id='word_1_162' title='bbox 1265 2600 1653 2686; x_wconf 84' lang='lat' dir='ltr'><strong>desperabat.</strong></span> 
     </span>
    </p>

    <p class='ocr_par' dir='ltr' id='par_1_7' title="bbox 387 2702 2808 4650">
     <span class='ocr_line' id='line_1_24' title="bbox 496 2702 2802 2786; baseline -0.001 -19"><span class='ocrx_word' id='word_1_163' title='bbox 496 2705 814 2768; x_wconf 78' lang='lat' dir='ltr'><strong>AUDIVIT</strong></span> <span class='ocrx_word' id='word_1_164' title='bbox 849 2704 984 2784; x_wconf 88' lang='lat' dir='ltr'><strong>ejus</strong></span> <span class='ocrx_word' id='word_1_165' title='bbox 1014 2705 1282 2786; x_wconf 87' lang='lat' dir='ltr'><strong>gemitus</strong></span> <span class='ocrx_word' id='word_1_166' title='bbox 1335 2704 1756 2785; x_wconf 88' lang='lat' dir='ltr'><strong>Omnipotens,</strong></span> <span class='ocrx_word' id='word_1_167' title='bbox 1808 2704 1966 2767; x_wconf 83' lang='lat' dir='ltr'><strong>vidit</strong></span> <span class='ocrx_word' id='word_1_168' title='bbox 1994 2703 2341 2784; x_wconf 77' lang='lat' dir='ltr'><strong>lachrymas</strong></span> <span class='ocrx_word' id='word_1_169' title='bbox 2372 2709 2434 2766; x_wconf 91' lang='lat' dir='ltr'><strong>et</strong></span> <span class='ocrx_word' id='word_1_170' title='bbox 2470 2702 2802 2776; x_wconf 88' lang='lat' dir='ltr'><strong>abstersit;</strong></span> 
     </span>
     <span class='ocr_line' id='line_1_25' title="bbox 396 2801 2804 2880; baseline -0.002 -14"><span class='ocrx_word' id='word_1_171' title='bbox 396 2803 485 2867; x_wconf 88' lang='lat' dir='ltr'><strong>sic</strong></span> <span class='ocrx_word' id='word_1_172' title='bbox 516 2803 742 2866; x_wconf 89' lang='lat' dir='ltr'><strong>sensim</strong></span> <span class='ocrx_word' id='word_1_173' title='bbox 772 2802 854 2864; x_wconf 87' lang='lat' dir='ltr'><strong>ad</strong></span> <span class='ocrx_word' id='word_1_174' title='bbox 883 2802 1072 2866; x_wconf 79' lang='lat' dir='ltr'><strong>fatale</strong></span> <span class='ocrx_word' id='word_1_175' title='bbox 1121 2801 1276 2865; x_wconf 90' lang='lat' dir='ltr'><strong>illud</strong></span> <span class='ocrx_word' id='word_1_176' title='bbox 1308 2808 1684 2865; x_wconf 87' lang='lat' dir='ltr'><strong>momentum</strong></span> <span class='ocrx_word' id='word_1_177' title='bbox 1736 2802 2055 2866; x_wconf 86' lang='lat' dir='ltr'><strong>descendit</strong></span> <span class='ocrx_word' id='word_1_178' title='bbox 2095 2803 2331 2876; x_wconf 88' lang='lat' dir='ltr'><strong>Orati0,</strong></span> <span class='ocrx_word' id='word_1_179' title='bbox 2384 2821 2505 2880; x_wconf 91' lang='lat' dir='ltr'><strong>quo</strong></span> <span class='ocrx_word' id='word_1_180' title='bbox 2542 2801 2804 2864; x_wconf 72' lang='lat' dir='ltr'><strong>Turrat-</strong></span> 
     </span>
     <span class='ocr_line' id='line_1_26' title="bbox 399 2898 2805 2982; baseline -0.001 -18"><span class='ocrx_word' id='word_1_181' title='bbox 399 2902 568 2964; x_wconf 76' lang='lat' dir='ltr'><strong>tz‘nus</strong></span> <span class='ocrx_word' id='word_1_182' title='bbox 597 2907 808 2964; x_wconf 89' lang='lat' dir='ltr'><strong>noster</strong></span> <span class='ocrx_word' id='word_1_183' title='bbox 837 2901 918 2962; x_wconf 90' lang='lat' dir='ltr'><strong>ad</strong></span> <span class='ocrx_word' id='word_1_184' title='bbox 940 2906 1167 2964; x_wconf 86' lang='lat' dir='ltr'><strong>metam</strong></span> <span class='ocrx_word' id='word_1_185' title='bbox 1198 2900 1536 2964; x_wconf 88' lang='lat' dir='ltr'><strong>communis</strong></span> <span class='ocrx_word' id='word_1_186' title='bbox 1569 2901 1973 2966; x_wconf 84' lang='lat' dir='ltr'><strong>mortalitatis</strong></span> <span class='ocrx_word' id='word_1_187' title='bbox 2002 2900 2382 2982; x_wconf 81' lang='lat' dir='ltr'><strong>properavit.</strong></span> <span class='ocrx_word' id='word_1_188' title='bbox 2488 2898 2805 2962; x_wconf 87' lang='lat' dir='ltr'><strong>Valetudo</strong></span> 
     </span>
     <span class='ocr_line' id='line_1_27' title="bbox 397 2997 2802 3080; baseline -0.002 -18"><span class='ocrx_word' id='word_1_189' title='bbox 397 2999 548 3062; x_wconf 88' lang='lat' dir='ltr'><strong>satis</strong></span> <span class='ocrx_word' id='word_1_190' title='bbox 577 2998 698 3079; x_wconf 89' lang='lat' dir='ltr'><strong>ipsi</strong></span> <span class='ocrx_word' id='word_1_191' title='bbox 729 2999 908 3060; x_wconf 88' lang='lat' dir='ltr'><strong>firma</strong></span> <span class='ocrx_word' id='word_1_192' title='bbox 936 3006 1071 3061; x_wconf 86' lang='lat' dir='ltr'><strong>erat</strong></span> <span class='ocrx_word' id='word_1_193' title='bbox 1101 3005 1167 3062; x_wconf 88' lang='lat' dir='ltr'><strong>et</strong></span> <span class='ocrx_word' id='word_1_194' title='bbox 1216 3005 1772 3079; x_wconf 87' lang='lat' dir='ltr'><strong>temperamentum</strong></span> <span class='ocrx_word' id='word_1_195' title='bbox 1805 2999 2078 3080; x_wconf 89' lang='lat' dir='ltr'><strong>corporis</strong></span> <span class='ocrx_word' id='word_1_196' title='bbox 2119 2997 2413 3062; x_wconf 84' lang='lat' dir='ltr'><strong>eximium</strong></span> <span class='ocrx_word' id='word_1_197' title='bbox 2446 2999 2802 3060; x_wconf 74' lang='lat' dir='ltr'><strong>corrobora-</strong></span> 
     </span>
     <span class='ocr_line' id='line_1_28' title="bbox 395 3094 2805 3179; baseline -0.001 -19"><span class='ocrx_word' id='word_1_198' title='bbox 395 3097 506 3160; x_wconf 87' lang='lat' dir='ltr'><strong>bat</strong></span> <span class='ocrx_word' id='word_1_199' title='bbox 539 3097 777 3159; x_wconf 88' lang='lat' dir='ltr'><strong>animus</strong></span> <span class='ocrx_word' id='word_1_200' title='bbox 810 3115 1048 3177; x_wconf 84' lang='lat' dir='ltr'><strong>semper</strong></span> <span class='ocrx_word' id='word_1_201' title='bbox 1077 3097 1196 3160; x_wconf 86' lang='lat' dir='ltr'><strong>sibi</strong></span> <span class='ocrx_word' id='word_1_202' title='bbox 1228 3105 1535 3161; x_wconf 85' lang='lat' dir='ltr'><strong>constans.</strong></span> <span class='ocrx_word' id='word_1_203' title='bbox 1636 3097 1811 3160; x_wconf 84' lang='lat' dir='ltr'><strong>Raro</strong></span> <span class='ocrx_word' id='word_1_204' title='bbox 1842 3104 2244 3179; x_wconf 71' lang='lat' dir='ltr'><strong>aegrotantem</strong></span> <span class='ocrx_word' id='word_1_205' title='bbox 2280 3096 2559 3170; x_wconf 81' lang='lat' dir='ltr'><strong>vidimus,</strong></span> <span class='ocrx_word' id='word_1_206' title='bbox 2595 3094 2805 3160; x_wconf 86' lang='lat' dir='ltr'><strong>colicis</strong></span> 
     </span>
     <span class='ocr_line' id='line_1_29' title="bbox 395 3194 2801 3276; baseline -0.001 -18"><span class='ocrx_word' id='word_1_207' title='bbox 395 3195 712 3258; x_wconf 86' lang='lat' dir='ltr'><strong>doloribus</strong></span> <span class='ocrx_word' id='word_1_208' title='bbox 748 3194 942 3258; x_wconf 90' lang='lat' dir='ltr'><strong>solum</strong></span> <span class='ocrx_word' id='word_1_209' title='bbox 973 3196 1363 3276; x_wconf 82' lang='lat' dir='ltr'><strong>aliquatenus</strong></span> <span class='ocrx_word' id='word_1_210' title='bbox 1398 3194 1725 3271; x_wconf 90' lang='lat' dir='ltr'><strong>obnoxius,</strong></span> <span class='ocrx_word' id='word_1_211' title='bbox 1778 3196 2101 3275; x_wconf 86' lang='lat' dir='ltr'><strong>tribusque</strong></span> <span class='ocrx_word' id='word_1_212' title='bbox 2150 3195 2387 3258; x_wconf 81' lang='lat' dir='ltr'><strong>vicibus</strong></span> <span class='ocrx_word' id='word_1_213' title='bbox 2417 3199 2661 3256; x_wconf 85' lang='lat' dir='ltr'><strong>tantum</strong></span> <span class='ocrx_word' id='word_1_214' title='bbox 2694 3213 2801 3256; x_wconf 88' lang='lat' dir='ltr'><strong>no-</strong></span> 
     </span>
     <span class='ocr_line' id='line_1_30' title="bbox 394 3293 2800 3375; baseline -0 -20"><span class='ocrx_word' id='word_1_215' title='bbox 394 3294 558 3356; x_wconf 83' lang='lat' dir='ltr'><strong>dosae</strong></span> <span class='ocrx_word' id='word_1_216' title='bbox 583 3294 872 3374; x_wconf 66' lang='lat' dir='ltr'><strong>podagrae</strong></span> <span class='ocrx_word' id='word_1_217' title='bbox 925 3300 1204 3358; x_wconf 85' lang='lat' dir='ltr'><strong>senserat</strong></span> <span class='ocrx_word' id='word_1_218' title='bbox 1233 3294 1491 3357; x_wconf 88' lang='lat' dir='ltr'><strong>dolores.</strong></span> <span class='ocrx_word' id='word_1_219' title='bbox 1599 3293 1709 3356; x_wconf 89' lang='lat' dir='ltr'><strong>Ad</strong></span> <span class='ocrx_word' id='word_1_220' title='bbox 1742 3294 2024 3357; x_wconf 87' lang='lat' dir='ltr'><strong>ultimam</strong></span> <span class='ocrx_word' id='word_1_221' title='bbox 2055 3313 2253 3375; x_wconf 88' lang='lat' dir='ltr'><strong>usque</strong></span> <span class='ocrx_word' id='word_1_222' title='bbox 2300 3298 2611 3356; x_wconf 84' lang='lat' dir='ltr'><strong>senectam</strong></span> <span class='ocrx_word' id='word_1_223' title='bbox 2661 3311 2800 3371; x_wconf 88' lang='lat' dir='ltr'><strong>per-</strong></span> 
     </span>
     <span class='ocr_line' id='line_1_31' title="bbox 394 3389 2803 3474; baseline -0.002 -20"><span class='ocrx_word' id='word_1_224' title='bbox 394 3398 716 3454; x_wconf 85' lang='lat' dir='ltr'><strong>venturum</strong></span> <span class='ocrx_word' id='word_1_225' title='bbox 752 3393 1152 3472; x_wconf 86' lang='lat' dir='ltr'><strong>sperabamus</strong></span> <span class='ocrx_word' id='word_1_226' title='bbox 1179 3414 1195 3467; x_wconf 87' lang='lat'>3</span> <span class='ocrx_word' id='word_1_227' title='bbox 1249 3413 1460 3456; x_wconf 83' lang='lat' dir='ltr'><strong>verum</strong></span> <span class='ocrx_word' id='word_1_228' title='bbox 1494 3413 1608 3456; x_wconf 88' lang='lat' dir='ltr'><strong>usu</strong></span> <span class='ocrx_word' id='word_1_229' title='bbox 1641 3391 1850 3457; x_wconf 82' lang='lat' dir='ltr'><strong>venire</strong></span> <span class='ocrx_word' id='word_1_230' title='bbox 1882 3391 2056 3467; x_wconf 88' lang='lat' dir='ltr'><strong>solet,</strong></span> <span class='ocrx_word' id='word_1_231' title='bbox 2093 3398 2165 3453; x_wconf 89' lang='lat' dir='ltr'><strong>ut</strong></span> <span class='ocrx_word' id='word_1_232' title='bbox 2200 3413 2320 3474; x_wconf 91' lang='lat' dir='ltr'><strong>quo</strong></span> <span class='ocrx_word' id='word_1_233' title='bbox 2355 3390 2491 3470; x_wconf 90' lang='lat' dir='ltr'><strong>quis</strong></span> <span class='ocrx_word' id='word_1_234' title='bbox 2524 3389 2803 3470; x_wconf 84' lang='lat' dir='ltr'><strong>magnifi-</strong></span> 
     </span>
     <span class='ocr_line' id='line_1_32' title="bbox 395 3486 2803 3570; baseline -0.003 -17"><span class='ocrx_word' id='word_1_235' title='bbox 395 3491 632 3553; x_wconf 86' lang='lat' dir='ltr'><strong>cent-ius</strong></span> <span class='ocrx_word' id='word_1_236' title='bbox 666 3489 890 3553; x_wconf 77' lang='lat' dir='ltr'><strong>divinis</strong></span> <span class='ocrx_word' id='word_1_237' title='bbox 924 3491 1244 3554; x_wconf 86' lang='lat' dir='ltr'><strong>literarum</strong></span> <span class='ocrx_word' id='word_1_238' title='bbox 1280 3499 1344 3554; x_wconf 90' lang='lat' dir='ltr'><strong>et</strong></span> <span class='ocrx_word' id='word_1_239' title='bbox 1380 3489 1697 3570; x_wconf 71' lang='lat' dir='ltr'><strong>sapientise</strong></span> <span class='ocrx_word' id='word_1_240' title='bbox 1729 3489 2107 3552; x_wconf 86' lang='lat' dir='ltr'><strong>ornamentis</strong></span> <span class='ocrx_word' id='word_1_241' title='bbox 2142 3488 2413 3551; x_wconf 89' lang='lat' dir='ltr'><strong>animum</strong></span> <span class='ocrx_word' id='word_1_242' title='bbox 2443 3486 2803 3559; x_wconf 87' lang='lat' dir='ltr'><strong>excoluerit,</strong></span> 
     </span>
     <span class='ocr_line' id='line_1_33' title="bbox 393 3579 2803 3668; baseline -0.003 -18"><span class='ocrx_word' id='word_1_243' title='bbox 393 3605 466 3650; x_wconf 90' lang='lat' dir='ltr'><strong>eo</strong></span> <span class='ocrx_word' id='word_1_244' title='bbox 500 3588 684 3650; x_wconf 89' lang='lat' dir='ltr'><strong>citius</strong></span> <span class='ocrx_word' id='word_1_245' title='bbox 717 3579 891 3650; x_wconf 86' lang='lat' dir='ltr'><strong>mens</strong></span> <span class='ocrx_word' id='word_1_246' title='bbox 922 3589 1241 3652; x_wconf 85' lang='lat' dir='ltr'><strong>terrestris</strong></span> <span class='ocrx_word' id='word_1_247' title='bbox 1275 3594 1543 3668; x_wconf 84' lang='lat' dir='ltr'><strong>pertaesa</strong></span> <span class='ocrx_word' id='word_1_248' title='bbox 1576 3585 1869 3648; x_wconf 88' lang='lat' dir='ltr'><strong>domicilii</strong></span> <span class='ocrx_word' id='word_1_249' title='bbox 1902 3585 2261 3647; x_wconf 86' lang='lat' dir='ltr'><strong>sublimiora</strong></span> <span class='ocrx_word' id='word_1_250' title='bbox 2292 3584 2543 3663; x_wconf 85' lang='lat' dir='ltr'><strong>cogitet,</strong></span> <span class='ocrx_word' id='word_1_251' title='bbox 2570 3589 2635 3643; x_wconf 89' lang='lat' dir='ltr'><strong>et</strong></span> <span class='ocrx_word' id='word_1_252' title='bbox 2669 3601 2803 3644; x_wconf 91' lang='lat' dir='ltr'><strong>cor-</strong></span> 
     </span>
     <span class='ocr_line' id='line_1_34' title="bbox 392 3679 2804 3766; baseline -0.002 -20"><span class='ocrx_word' id='word_1_253' title='bbox 392 3704 527 3764; x_wconf 87' lang='lat' dir='ltr'><strong>pus,</strong></span> <span class='ocrx_word' id='word_1_254' title='bbox 561 3684 724 3748; x_wconf 88' lang='lat' dir='ltr'><strong>omni</strong></span> <span class='ocrx_word' id='word_1_255' title='bbox 750 3686 886 3763; x_wconf 88' lang='lat' dir='ltr'><strong>jam</strong></span> <span class='ocrx_word' id='word_1_256' title='bbox 915 3686 1146 3766; x_wconf 87' lang='lat' dir='ltr'><strong>spiritu</strong></span> <span class='ocrx_word' id='word_1_257' title='bbox 1174 3687 1241 3746; x_wconf 89' lang='lat' dir='ltr'><strong>in</strong></span> <span class='ocrx_word' id='word_1_258' title='bbox 1274 3683 1470 3745; x_wconf 87' lang='lat' dir='ltr'><strong>tantis</strong></span> <span class='ocrx_word' id='word_1_259' title='bbox 1503 3683 1821 3745; x_wconf 87' lang='lat' dir='ltr'><strong>laboribus</strong></span> <span class='ocrx_word' id='word_1_260' title='bbox 1856 3681 2159 3745; x_wconf 85' lang='lat' dir='ltr'><strong>exhausto</strong></span> <span class='ocrx_word' id='word_1_261' title='bbox 2190 3679 2369 3760; x_wconf 88' lang='lat' dir='ltr'><strong>plene</strong></span> <span class='ocrx_word' id='word_1_262' title='bbox 2404 3685 2469 3742; x_wconf 88' lang='lat' dir='ltr'><strong>et</strong></span> <span class='ocrx_word' id='word_1_263' title='bbox 2502 3680 2804 3750; x_wconf 87' lang='lat' dir='ltr'><strong>absumt0‚</strong></span> 
     </span>
     <span class='ocr_line' id='line_1_35' title="bbox 389 3776 2808 3862; baseline -0.002 -18"><span class='ocrx_word' id='word_1_264' title='bbox 389 3783 662 3846; x_wconf 87' lang='lat' dir='ltr'><strong>fatiscat.</strong></span> <span class='ocrx_word' id='word_1_265' title='bbox 719 3780 844 3844; x_wconf 90' lang='lat' dir='ltr'><strong>Die</strong></span> <span class='ocrx_word' id='word_1_266' title='bbox 881 3784 972 3844; x_wconf 85' lang='lat'><strong>26</strong></span> <span class='ocrx_word' id='word_1_267' title='bbox 1011 3780 1416 3862; x_wconf 85' lang='lat' dir='ltr'><strong>Septembris,</strong></span> <span class='ocrx_word' id='word_1_268' title='bbox 1448 3799 1572 3858; x_wconf 86' lang='lat' dir='ltr'><strong>qua</strong></span> <span class='ocrx_word' id='word_1_269' title='bbox 1621 3797 1691 3841; x_wconf 89' lang='lat' dir='ltr'><strong>se</strong></span> <span class='ocrx_word' id='word_1_270' title='bbox 1739 3779 1819 3840; x_wconf 88' lang='lat' dir='ltr'><strong>ad</strong></span> <span class='ocrx_word' id='word_1_271' title='bbox 1876 3780 2105 3842; x_wconf 89' lang='lat' dir='ltr'><strong>lectum</strong></span> <span class='ocrx_word' id='word_1_272' title='bbox 2152 3776 2512 3858; x_wconf 87' lang='lat' dir='ltr'><strong>composuit,</strong></span> <span class='ocrx_word' id='word_1_273' title='bbox 2571 3797 2808 3840; x_wconf 89' lang='lat' dir='ltr'><strong>summo</strong></span> 
     </span>
     <span class='ocr_line' id='line_1_36' title="bbox 391 3875 2803 3957; baseline -0.001 -17"><span class='ocrx_word' id='word_1_274' title='bbox 391 3897 572 3940; x_wconf 87' lang='lat' dir='ltr'><strong>mane</strong></span> <span class='ocrx_word' id='word_1_275' title='bbox 603 3884 670 3940; x_wconf 88' lang='lat' dir='ltr'><strong>et</strong></span> <span class='ocrx_word' id='word_1_276' title='bbox 703 3883 850 3939; x_wconf 86' lang='lat' dir='ltr'><strong>ante</strong></span> <span class='ocrx_word' id='word_1_277' title='bbox 880 3879 1064 3957; x_wconf 88' lang='lat' dir='ltr'><strong>primi</strong></span> <span class='ocrx_word' id='word_1_278' title='bbox 1095 3878 1330 3940; x_wconf 85' lang='lat' dir='ltr'><strong>lumina</strong></span> <span class='ocrx_word' id='word_1_279' title='bbox 1359 3877 1518 3940; x_wconf 88' lang='lat' dir='ltr'><strong>Solis</strong></span> <span class='ocrx_word' id='word_1_280' title='bbox 1551 3883 1927 3952; x_wconf 87' lang='lat' dir='ltr'><strong>surrexerat,</strong></span> <span class='ocrx_word' id='word_1_281' title='bbox 1958 3896 2031 3941; x_wconf 80' lang='lat' dir='ltr'><strong>ac</strong></span> <span class='ocrx_word' id='word_1_282' title='bbox 2056 3876 2257 3942; x_wconf 82' lang='lat' dir='ltr'><strong>varias</strong></span> <span class='ocrx_word' id='word_1_283' title='bbox 2288 3877 2367 3940; x_wconf 88' lang='lat' dir='ltr'><strong>ad</strong></span> <span class='ocrx_word' id='word_1_284' title='bbox 2400 3875 2627 3940; x_wconf 89' lang='lat' dir='ltr'><strong>amicos</strong></span> <span class='ocrx_word' id='word_1_285' title='bbox 2656 3897 2803 3939; x_wconf 85' lang='lat' dir='ltr'><strong>exa-</strong></span> 
     </span>
     <span class='ocr_line' id='line_1_37' title="bbox 389 3974 2803 4055; baseline -0 -18"><span class='ocrx_word' id='word_1_286' title='bbox 389 3980 642 4038; x_wconf 79' lang='lat' dir='ltr'><strong>raverat</strong></span> <span class='ocrx_word' id='word_1_287' title='bbox 673 3974 902 4049; x_wconf 87' lang='lat' dir='ltr'><strong>literas,</strong></span> <span class='ocrx_word' id='word_1_288' title='bbox 929 3982 994 4037; x_wconf 90' lang='lat' dir='ltr'><strong>et</strong></span> <span class='ocrx_word' id='word_1_289' title='bbox 1026 3975 1178 4038; x_wconf 86' lang='lat' dir='ltr'><strong>alias</strong></span> <span class='ocrx_word' id='word_1_290' title='bbox 1211 3975 1400 4038; x_wconf 86' lang='lat' dir='ltr'><strong>etiam</strong></span> <span class='ocrx_word' id='word_1_291' title='bbox 1431 3995 1650 4055; x_wconf 88' lang='lat' dir='ltr'><strong>parare</strong></span> <span class='ocrx_word' id='word_1_292' title='bbox 1678 3975 1745 4038; x_wconf 91' lang='lat' dir='ltr'><strong>in</strong></span> <span class='ocrx_word' id='word_1_293' title='bbox 1774 3975 1977 4039; x_wconf 88' lang='lat' dir='ltr'><strong>animo</strong></span> <span class='ocrx_word' id='word_1_294' title='bbox 2011 3983 2165 4051; x_wconf 85' lang='lat' dir='ltr'><strong>erat,</strong></span> <span class='ocrx_word' id='word_1_295' title='bbox 2192 3981 2265 4038; x_wconf 92' lang='lat' dir='ltr'><strong>ut</strong></span> <span class='ocrx_word' id='word_1_296' title='bbox 2298 3978 2376 4039; x_wconf 88' lang='lat' dir='ltr'><strong>ab</strong></span> <span class='ocrx_word' id='word_1_297' title='bbox 2412 3995 2485 4038; x_wconf 90' lang='lat' dir='ltr'><strong>eo</strong></span> <span class='ocrx_word' id='word_1_298' title='bbox 2517 3974 2803 4038; x_wconf 88' lang='lat' dir='ltr'><strong>intellex-</strong></span> 
     </span>
     <span class='ocr_line' id='line_1_38' title="bbox 389 4071 2799 4156; baseline -0.001 -18"><span class='ocrx_word' id='word_1_299' title='bbox 389 4092 652 4149; x_wconf 87' lang='lat' dir='ltr'><strong>eramus,</strong></span> <span class='ocrx_word' id='word_1_300' title='bbox 684 4071 764 4135; x_wconf 86' lang='lat' dir='ltr'><strong>ad</strong></span> <span class='ocrx_word' id='word_1_301' title='bbox 795 4091 1059 4137; x_wconf 89' lang='lat' dir='ltr'><strong>summos</strong></span> <span class='ocrx_word' id='word_1_302' title='bbox 1093 4072 1230 4137; x_wconf 91' lang='lat' dir='ltr'><strong>illos</strong></span> <span class='ocrx_word' id='word_1_303' title='bbox 1267 4073 1624 4156; x_wconf 77' lang='lat' dir='ltr'><strong>TheologOS,</strong></span> <span class='ocrx_word' id='word_1_304' title='bbox 1656 4095 1915 4155; x_wconf 88' lang='lat' dir='ltr'><strong>quorum</strong></span> <span class='ocrx_word' id='word_1_305' title='bbox 1968 4074 2218 4138; x_wconf 85' lang='lat' dir='ltr'><strong>nomina</strong></span> <span class='ocrx_word' id='word_1_306' title='bbox 2252 4081 2391 4138; x_wconf 89' lang='lat' dir='ltr'><strong>toto</strong></span> <span class='ocrx_word' id='word_1_307' title='bbox 2422 4075 2571 4136; x_wconf 88' lang='lat' dir='ltr'><strong>orbe</strong></span> <span class='ocrx_word' id='word_1_308' title='bbox 2606 4072 2799 4136; x_wconf 88' lang='lat' dir='ltr'><strong>notis-</strong></span> 
     </span>
     <span class='ocr_line' id='line_1_39' title="bbox 389 4171 2801 4254; baseline 0 -19"><span class='ocrx_word' id='word_1_309' title='bbox 389 4171 545 4236; x_wconf 86' lang='lat' dir='ltr'><strong>sima</strong></span> <span class='ocrx_word' id='word_1_310' title='bbox 577 4172 809 4252; x_wconf 89' lang='lat' dir='ltr'><strong>absque</strong></span> <span class='ocrx_word' id='word_1_311' title='bbox 837 4171 1200 4251; x_wconf 85' lang='lat' dir='ltr'><strong>praefatione</strong></span> <span class='ocrx_word' id='word_1_312' title='bbox 1227 4175 1460 4237; x_wconf 85' lang='lat' dir='ltr'><strong>referre</strong></span> <span class='ocrx_word' id='word_1_313' title='bbox 1490 4194 1612 4236; x_wconf 92' lang='lat' dir='ltr'><strong>non</strong></span> <span class='ocrx_word' id='word_1_314' title='bbox 1645 4193 1912 4253; x_wconf 87' lang='lat' dir='ltr'><strong>possum,</strong></span> <span class='ocrx_word' id='word_1_315' title='bbox 1948 4174 2296 4238; x_wconf 75' lang='lat' dir='ltr'><strong>Reverend.</strong></span> <span class='ocrx_word' id='word_1_316' title='bbox 2316 4174 2377 4236; x_wconf 92' lang='lat' dir='ltr'><strong>I.</strong></span> <span class='ocrx_word' id='word_1_317' title='bbox 2407 4174 2499 4235; x_wconf 89' lang='lat' dir='ltr'><strong>H.</strong></span> <span class='ocrx_word' id='word_1_318' title='bbox 2520 4172 2597 4234; x_wconf 91' lang='lat' dir='ltr'><em>H</em></span> <span class='ocrx_word' id='word_1_319' title='bbox 2596 4171 2801 4254; x_wconf 67' lang='lat' dir='ltr'><strong>eidey-</strong></span> 
     </span>
     <span class='ocr_line' id='line_1_40' title="bbox 387 4269 2805 4354; baseline -0.002 -21"><span class='ocrx_word' id='word_1_320' title='bbox 387 4291 615 4354; x_wconf 81' lang='lat' dir='ltr'><strong>9erum</strong></span> <span class='ocrx_word' id='word_1_321' title='bbox 647 4291 770 4334; x_wconf 90' lang='lat' dir='ltr'><strong>non</strong></span> <span class='ocrx_word' id='word_1_322' title='bbox 802 4269 1106 4334; x_wconf 72' lang='lat' dir='ltr'><strong>Helvetiae</strong></span> <span class='ocrx_word' id='word_1_323' title='bbox 1141 4277 1404 4348; x_wconf 87' lang='lat' dir='ltr'><strong>tantum,</strong></span> <span class='ocrx_word' id='word_1_324' title='bbox 1441 4273 1549 4336; x_wconf 89' lang='lat' dir='ltr'><strong>sed</strong></span> <span class='ocrx_word' id='word_1_325' title='bbox 1579 4277 1644 4335; x_wconf 87' lang='lat' dir='ltr'><strong>et</strong></span> <span class='ocrx_word' id='word_1_326' title='bbox 1678 4272 1870 4335; x_wconf 87' lang='lat' dir='ltr'><strong>totius</strong></span> <span class='ocrx_word' id='word_1_327' title='bbox 1907 4273 2177 4352; x_wconf 80' lang='lat' dir='ltr'><strong>Europae</strong></span> <span class='ocrx_word' id='word_1_328' title='bbox 2234 4277 2347 4352; x_wconf 76' lang='grc' dir='ltr'><strong>φῶς</strong></span> <span class='ocrx_word' id='word_1_329' title='bbox 2402 4279 2805 4354; x_wconf 64' lang='grc' dir='ltr'><strong>λαμπρότατον,</strong></span> 
     </span>
     <span class='ocr_line' id='line_1_41' title="bbox 388 4369 2807 4452; baseline -0.001 -20"><span class='ocrx_word' id='word_1_330' title='bbox 388 4375 456 4432; x_wconf 87' lang='lat' dir='ltr'><strong>et</strong></span> <span class='ocrx_word' id='word_1_331' title='bbox 477 4369 782 4433; x_wconf 87' lang='lat' dir='ltr'><strong>Celeberr.</strong></span> <span class='ocrx_word' id='word_1_332' title='bbox 809 4369 1074 4433; x_wconf 79' lang='lat' dir='ltr'><strong>Petrum</strong></span> <span class='ocrx_word' id='word_1_333' title='bbox 1090 4369 1343 4452; x_wconf 58' lang='lat' dir='ltr'><strong>‹su-riou,</strong></span> <span class='ocrx_word' id='word_1_334' title='bbox 1369 4390 1546 4449; x_wconf 89' lang='lat' dir='ltr'><strong>quem</strong></span> <span class='ocrx_word' id='word_1_335' title='bbox 1581 4371 1897 4434; x_wconf 87' lang='lat' dir='ltr'><strong>nominare</strong></span> <span class='ocrx_word' id='word_1_336' title='bbox 1922 4377 2022 4434; x_wconf 90' lang='lat' dir='ltr'><strong>sat</strong></span> <span class='ocrx_word' id='word_1_337' title='bbox 2054 4376 2169 4447; x_wconf 89' lang='lat' dir='ltr'><strong>est,</strong></span> <span class='ocrx_word' id='word_1_338' title='bbox 2196 4369 2575 4434; x_wconf 78' lang='lat' dir='ltr'><strong>Reformatoe</strong></span> <span class='ocrx_word' id='word_1_339' title='bbox 2605 4387 2807 4432; x_wconf 71' lang='lat' dir='ltr'><strong>causac</strong></span> 
     </span>
     <span class='ocr_line' id='line_1_42' title="bbox 389 4466 2805 4553; baseline -0.001 -24"><span class='ocrx_word' id='word_1_340' title='bbox 389 4467 753 4531; x_wconf 87' lang='lat' dir='ltr'><strong>acerrimum</strong></span> <span class='ocrx_word' id='word_1_341' title='bbox 812 4467 1175 4544; x_wconf 88' lang='lat' dir='ltr'><strong>Patronum,</strong></span> <span class='ocrx_word' id='word_1_342' title='bbox 1231 4468 1663 4532; x_wconf 74' lang='lat' dir='ltr'><strong>haereticorum</strong></span> <span class='ocrx_word' id='word_1_343' title='bbox 1714 4469 2024 4553; x_wconf 86' lang='lat' dir='ltr'><strong>malleum,</strong></span> <span class='ocrx_word' id='word_1_344' title='bbox 2067 4468 2257 4532; x_wconf 89' lang='lat' dir='ltr'><strong>Viros</strong></span> <span class='ocrx_word' id='word_1_345' title='bbox 2308 4469 2587 4552; x_wconf 83' lang='lat' dir='ltr'><strong>Magnos,</strong></span> <span class='ocrx_word' id='word_1_346' title='bbox 2638 4466 2805 4528; x_wconf 87' lang='lat' dir='ltr'><strong>inter</strong></span> 
     </span>
     <span class='ocr_line' id='line_1_43' title="bbox 389 4562 2803 4650; baseline -0 -22"><span class='ocrx_word' id='word_1_347' title='bbox 389 4585 542 4646; x_wconf 84' lang='lat' dir='ltr'><strong>quos</strong></span> <span class='ocrx_word' id='word_1_348' title='bbox 575 4571 642 4631; x_wconf 86' lang='lat' dir='ltr'><strong>et</strong></span> <span class='ocrx_word' id='word_1_349' title='bbox 680 4565 1122 4633; x_wconf 78' lang='lat' dir='ltr'><strong>Turrettinum</strong></span> <span class='ocrx_word' id='word_1_350' title='bbox 1153 4571 1434 4632; x_wconf 88' lang='lat' dir='ltr'><strong>nostrum</strong></span> <span class='ocrx_word' id='word_1_351' title='bbox 1485 4566 1831 4632; x_wconf 84' lang='lat' dir='ltr'><strong>arctissima</strong></span> <span class='ocrx_word' id='word_1_352' title='bbox 1879 4587 2121 4650; x_wconf 85' lang='lat' dir='ltr'><strong>semper</strong></span> <span class='ocrx_word' id='word_1_353' title='bbox 2152 4569 2509 4634; x_wconf 84' lang='lat' dir='ltr'><strong>intercessit</strong></span> <span class='ocrx_word' id='word_1_354' title='bbox 2539 4562 2803 4628; x_wconf 85' lang='lat' dir='ltr'><strong>necessi-</strong></span> 
     </span>
    </p>
   </div>
  </div>
 </body>
</html>
