3300 5225
530 359 656 418 266
1506 377 1692 420 Locus
1719 377 1990 420 remus.
2483 358 2734 442 [Qus-‚sn
2763 379 2935 424 1111.

527 518 718 592 ventis,
749 516 854 575 sed
880 515 1053 576 etiam
1081 517 1265 576 Wius
1280 519 1577 595 proprius,
1608 518 1780 578 Rom.
1810 519 1934 578 viii.
1963 521 2061 594 32,
2091 519 2194 596 qui
2205 518 2452 595 proprio
2488 519 2641 578 Filio
2683 539 2798 578 non
2829 539 2936 595 pe-

520 598 725 673 percit,
757 595 859 674 qui
884 597 1181 674 proprium
1220 598 1397 656 habet
1427 598 1676 674 Patrem,
1707 599 1752 658 J
1755 617 1883 659 oan.
1912 620 1974 658 v.
2009 601 2100 673 18,
2144 599 2246 675 qui
2284 598 2526 677 proinde
2567 618 2645 658 ex
2685 600 2938 660 essentia

532 675 736 754 genuit
765 677 1016 752 Filium3
1060 677 1245 735 Filius
1280 679 1621 754 Unigenitus,
1654 678 1697 739 J
1701 698 1754 737 o.
1783 679 1822 738 i.
1857 682 1950 754 14,
1985 679 2238 737 Vidimus
2275 679 2522 754 qlon‘am
2561 687 2626 736 ut
2648 679 2934 754 unigeniti,

530 764 590 815 et
622 758 714 829 18,
752 757 1076 830 Uniqcnitus
1102 757 1203 832 qui
1234 767 1315 815 est
1340 758 1398 815 in
1436 758 1563 816 sinu
1603 759 1816 834 Patris,
1861 765 1920 817 ct
1961 759 2132 816 Matt.
2173 757 2255 816 iii.
2303 761 2395 832 17,
2437 778 2648 818 summe
2687 760 2934 820 dilectus.

530 835 577 895 J
578 856 673 894 am
702 836 752 894 si
781 835 967 893 Filius
992 845 1219 894 tantum
1246 837 1535 896 diceretur
1560 846 1794 915 propter
1821 837 2136 913 gratiosam
2163 837 2740 896 communicationem
2779 837 2934 896 exis·

530 915 729 974 tentiae
758 923 817 973 et
844 915 1060 991 gloriae,
1092 925 1355 992 respectu
1380 923 1601 976 naturae
1628 917 1913 991 humanas,
1945 916 2070 976 sive
2095 916 2158 974 in
2180 917 2522 976 miraculosa
2541 917 2934 994 conceptione,

532 996 658 1053 sive
686 996 748 1052 in
773 995 1190 1053 resurrectione
1218 1004 1278 1053 et
1303 996 1674 1071 exaltatione,
1707 995 1830 1054 sive
1857 996 1920 1054 in
1945 996 2266 1072 vocatione,
2295 1015 2414 1054 non
2438 1005 2636 1074 posset
2661 997 2759 1056 vel
2802 1016 2934 1074 pro-

529 1075 707 1151 prius,
737 1074 834 1132 vel
861 1074 1195 1150 unigenitus
1222 1074 1417 1132 vocari
1466 1075 1581 1134 Dei
1624 1075 1828 1150 Filius,
1857 1074 1996 1152 quia
2039 1076 2276 1134 Filiatio
2316 1076 2432 1136 ista
2473 1085 2532 1136 et
2575 1076 2706 1136 aliis
2737 1084 2940 1153 posset

531 1162 871 1231 competere,
893 1154 1079 1211 sinon
1094 1154 1155 1211 in
1176 1152 1379 1212 eodem
1401 1154 1603 1232 gradu,
1626 1163 1688 1213 at
1713 1154 1774 1212 in
1801 1154 2006 1214 eodem
2033 1173 2264 1230 genere.
2307 1155 2458 1214 Nam
2485 1165 2545 1214 et
2569 1157 2777 1232 Anqeli
2797 1156 2944 1214 Filii

530 1241 815 1292 vocantur
839 1239 1073 1310 propter
1098 1233 1500 1293 excellentiam
1528 1243 1766 1309 naturae,
1817 1242 1877 1293 et
1900 1235 2280 1311 Magistratus
2320 1243 2556 1312 propter
2589 1235 2934 1312 dignitatem

531 1313 803 1386 muneris,
834 1321 895 1370 et
920 1315 1178 1371 Adamas
1205 1322 1437 1390 propter
1462 1313 1874 1373 miraculosam
1901 1315 2267 1390 creationem,
2298 1323 2358 1374 et
2373 1317 2596 1374 Fideles
2617 1324 2736 1374 tam
2763 1334 2932 1392 prop-

529 1401 620 1451 ter
644 1391 1013 1469 adoptionem
1040 1400 1099 1451 et
1130 1393 1641 1470 regenerationem,
1687 1412 1862 1470 quam
1907 1395 2404 1454 resurrectionem.
2487 1395 2648 1471 Ergo
2693 1413 2932 1454 necesse

530 1482 621 1531 est
646 1471 775 1530 dari
800 1473 1051 1548 aliquem
1078 1472 1256 1531 alium
1283 1471 1577 1532 filiationis
1614 1473 1852 1532 modum
1891 1473 1980 1530 illi
2005 1474 2301 1551 proprium
2328 1483 2388 1534 et
2414 1474 2783 1551 singularem,
2830 1473 2934 1551 qui

528 1571 647 1610 non
674 1552 823 1610 alius
847 1559 1041 1629 potest
1076 1571 1203 1610 esse
1249 1571 1423 1629 quam
1468 1573 1575 1628 per
1616 1553 2062 1630 generationem,
2107 1563 2175 1613 ut
2219 1574 2324 1630 per
2369 1561 2633 1612 naturam
2675 1553 2934 1612 obtineat

529 1631 689 1708 quod
714 1651 819 1708 per
845 1631 1090 1707 gratiam
1118 1633 1341 1690 coeteris
1366 1631 1673 1706 confertur,
1703 1633 1861 1709 quod
1887 1641 2060 1710 urget
2087 1633 2296 1711 Apost.
2328 1633 2511 1691 Hebr.
2539 1633 2580 1690 i.
2609 1633 2664 1707 5,
2697 1633 2799 1692 ubi
2825 1633 2930 1692 do·-

530 1719 624 1769 cet
653 1711 943 1769 Christum
972 1711 1055 1769 ita
1079 1729 1207 1769 esse
1236 1711 1467 1788 Filium,
1498 1720 1567 1771 ut
1590 1712 1776 1790 ipsius
1821 1721 2105 1790 respectu,
2135 1733 2210 1772 ne
2251 1713 2471 1790 Angeli
2513 1712 2767 1790 quidem,
2809 1713 2932 1774 sint

528 1798 631 1849 aut
655 1789 773 1848 dici
798 1790 1023 1868 possint
1052 1790 1206 1849 Filii.

637 1870 783 1928 XV.
848 1869 1039 1943 Quum
1092 1869 1356 1928 Christus
1393 1868 1609 1929 dicitur
1656 1870 1820 1930 visus
1867 1871 1926 1936 ais
1965 1875 2214 1948 ponamin
2257 1881 2320 1930 ut
2363 1870 2674 1948 une'qem‘tus
2717 1872 2929 1947 Patris,

528 1949 573 2008 J
576 1950 745 2008 ohan.
774 1948 815 2006 i.
849 1952 940 2024 14,
969 1954 1027 2007 τὶ
1053 1950 1113 2014 ὥς
1144 1969 1257 2008 uon
1284 1957 1374 2009 est
1400 1951 1838 2026 assimilativum,
1869 1951 2036 2028 quasi
2081 1952 2287 2011 similis
2329 1959 2556 2011 tantum
2599 1959 2756 2010 esset
2799 1952 2928 2010 uni-

527 2030 763 2106 genito;
808 2029 912 2088 sed
940 2038 1030 2088 est
1064 2030 1443 2106 apr-&sivum
1468 2031 1734 2106 veritatis,
1765 2039 1832 2090 ut
1880 2051 2034 2108 saepe
2075 2031 2234 2108 alibi,
2267 2036 2303 2090 2
2345 2031 2474 2091 Cor.
2520 2030 2604 2091 iii.
2647 2033 2739 2106 18,
2787 2030 2930 2090 Luc.

526 2109 671 2166 xxii.
702 2113 797 2184 44,
847 2113 877 2167 1
910 2109 1041 2168 Cor.
1070 2109 1149 2166 iv.
1184 2112 1235 2184 1,
1266 2109 1403 2186 quia
1428 2107 1541 2168 fuit
1582 2129 1785 2168 revera
1829 2111 1999 2187 talis3
2042 2112 2200 2189 quod
2242 2112 2341 2171 vel
2387 2131 2466 2170 ex
2512 2130 2582 2170 eo
2619 2111 2929 2188 colligitur,

527 2189 687 2266 quod
713 2188 927 2247 dicitur
953 2188 1131 2247 fuisse
1158 2189 1219 2246 in
1245 2189 1528 2266 principio
1556 2189 1712 2267 apud
1745 2191 1950 2265 Deum,
1981 2191 2098 2250 imo
2125 2199 2186 2250 et
2211 2191 2392 2251 fuisse
2421 2191 2599 2266 Deus,
2627 2211 2734 2268 per
2760 2210 2932 2266 quem

527 2269 723 2326 omnia
748 2276 941 2327 creata
968 2276 1118 2328 sunt.
1204 2269 1328 2327 Nec
1356 2270 1405 2326 si
1435 2269 1702 2332 Christus
1729 2269 1908 2330 habet
1943 2271 2158 2330 multos
2197 2271 2405 2331 fratres
2453 2271 2624 2330 Rom.
2667 2270 2790 2330 viii.
2833 2272 2930 2345 29,

527 2348 741 2407 desinit
768 2369 895 2407 esse
920 2347 1255 2426 unigenitus
1296 2349 1415 2408 κατ’
1457 2351 1636 2426 ἐξοχὴν,
1667 2350 1806 2427 quia
1847 2350 2114 2426 genitura
2159 2350 2332 2427 plane
2377 2358 2470 2409 est
2515 2349 2832 2424 dissimilis,
2874 2358 2936 2410 et

528 2436 651 2488 toto
694 2447 905 2504 genere
946 2427 1194 2504 diversa,
1236 2448 1355 2486 non
1396 2430 1643 2506 mystica
1685 2429 1790 2488 sed
1827 2431 2124 2504 naturalis,
2169 2449 2286 2488 non
2326 2449 2431 2508 per
2456 2429 2800 2505 qualitatum
2827 2447 2930 2486 ex-

526 2509 899 2585 pressionem,
946 2508 1050 2566 sed
1088 2529 1192 2586 per
1230 2509 1497 2567 essentiae
1538 2508 1722 2585 ipsius
1763 2509 2362 2568 communicationem.
2469 2510 2710 2564 Isaaczoe
2757 2525 2930 2564 voca-

526 2596 623 2647 tur
650 2588 959 2664 uniqenitus
988 2587 1142 2649 Heb.
1172 2588 1253 2647 xi.
1288 2591 1359 2646 17
1364 2633 1379 2663 ,
1410 2607 1529 2646 non
1558 2588 1910 2665 simpliciter,
1943 2589 2046 2648 sed
2075 2587 2391 2647 secundum
2417 2585 2576 2662 qnid,
2607 2585 2745 2661 quia
2771 2585 2932 2647 solus

528 2686 604 2725 ex
635 2666 779 2725 >Sara
804 2667 987 2726 libera
1013 2668 1075 2725 in
1101 2668 1363 2745 legitimo
1412 2668 1688 2745 conjugio
1730 2668 1986 2726 Abrahae
2029 2666 2278 2745 genitus,
2321 2684 2506 2741 eoque
2548 2664 2706 2723 solus
2747 2664 2932 2725 haeres

528 2747 749 2807 faetus:
792 2748 1069 2821 Quamvis
1097 2757 1291 2807 autem
1315 2750 1579 2823 ponamin,
1612 2755 1672 2805 et
1697 2752 1958 2819 ἄγη-ητὶς
1989 2748 2060 2805 de
2089 2744 2292 2805 eodem
2321 2746 2580 2821 subjecto
2619 2745 2928 2803 enuncien-

528 2836 639 2901 tur,
694 2827 843 2887 Gen.
892 2827 1038 2886 xxii.
1088 2832 1145 2903 2,
1206 2828 1417 2885 Matth.
1464 2828 1545 2885 iii.
1599 2830 1692 2901 17,
1743 2846 1862 2885 non
1909 2827 2170 2904 sequitur
2229 2823 2492 2883 absolute
2541 2824 2926 2898 aequipollere‚

528 2908 673 2965 alias
720 2908 1047 2983 quicunque
1102 2915 1238 2966 sunt
1290 2911 1548 2978 dynam-02
1596 2913 1742 2982 Θεοῦ,
1789 2914 2027 2983 possent
2079 2904 2254 2964 etiam
2305 2903 2426 2962 dici
2474 2908 2736 2980 porey-vu}
2779 2908 2924 2984 rag&

528 2984 1338 3124 ‘akviflqugffiltiisuudicitur
1353 3064 1633 3140 proprius
1661 3064 1843 3122 Filius
1869 3063 2082 3139 Patris,
2115 3082 2232 3120 non
2259 3068 2486 3120 tantum
2513 3069 2798 3139 quatenus
2823 3082 2928 3140 op-

528 3145 763 3222 ponitur
788 3144 971 3201 alieno
989 3166 1013 3215 ,·
1052 3150 1120 3201 ιιι
1144 3163 1281 3201 vere
1312 3144 1502 3203 Patris
1529 3144 1904 3220 intelligatur,
1935 3144 2073 3221 quia
2111 3142 2194 3201 sic
2237 3161 2354 3201 non
2404 3141 2855 3218 distingueretur
2897 3162 2934 3201 a

528 3224 815 3296 fidelibus,
846 3221 947 3297 qui
974 3221 1147 3279 etiam
1173 3223 1283 3281 hoc
1314 3244 1486 3283 sensu
1510 3224 1728 3301 proprii
1759 3224 1896 3281 Filii
1926 3223 2040 3282 Dei
2067 3222 2184 3281 dici
2209 3230 2469 3300 possunt,
2499 3223 2639 3299 quia
2657 3240 2774 3281 non
2796 3230 2933 3281 sunt

530 3302 731 3377 alieni3
778 3300 880 3359 sed
908 3308 1192 3378 quatenus
1219 3304 1527 3381 opponitur
1552 3303 1816 3379 adoptivo
1845 3311 1904 3363 et
1931 3303 2358 3379 metaphoric03
2401 3309 2468 3359 ut
2495 3302 2720 3360 dicatur
2763 3310 2931 3361 natu-

532 3382 669 3439 ralis
698 3382 899 3456 Filius,
930 3382 1032 3459 qui
1057 3383 1192 3441 talis
1220 3394 1325 3459 est,
1356 3392 1575 3442 naturae
1602 3383 1786 3461 ipsius
1813 3382 2137 3461 privilegio,
2185 3402 2302 3440 non
2340 3380 2668 3459 adoptionis
2703 3388 2929 3439 tantum

530 3461 721 3539 gratia
746 3472 805 3522 et
830 3461 1127 3538 beneficio,
1152 3464 1413 3541 opposite
1440 3462 1517 3521 ad
1542 3462 1761 3539 fideles,
1782 3463 1884 3539 qui
1913 3462 2052 3520 Filii
2079 3469 2217 3521 sunt
2243 3461 2502 3537 adoptivi
2523 3460 2672 3538 Eph.
2703 3461 2741 3518 i.
2767 3463 2832 3535 53
2857 3479 2928 3519 eo

532 3541 706 3600 modo
734 3560 849 3619 quo
879 3542 1052 3601 Pater
1078 3542 1289 3602 dicitur
1316 3544 1594 3620 proprius
1620 3544 1738 3619 q’us
1764 3544 1960 3617 Pater,
2003 3542 2048 3601 J
2050 3561 2102 3600 0.
2146 3560 2204 3599 v.
2241 3544 2332 3615 17,
2378 3558 2496 3597 non
2543 3540 2930 3616 qualicunque

529 3622 753 3681 ratione
782 3622 885 3681 sed
920 3622 1171 3682 maxime
1196 3623 1443 3701 propria,
1474 3622 1611 3699 quia
1656 3623 1703 3683 J
1703 3621 1858 3681 udaei
1898 3622 2210 3680 voluerunt
2243 3620 2355 3679 hoc
2399 3619 2596 3678 audito
2640 3618 2931 3696 lapidibus

528 3702 697 3761 illum
724 3702 963 3761 obruere
990 3703 1157 3778 quasi
1196 3703 1669 3781 blasphemasset,
1700 3700 1857 3779 quod
1895 3720 2013 3759 non
2053 3700 2340 3777 fecissent,
2385 3699 2437 3758 si
2474 3698 2551 3758 de
2589 3699 2934 3777 paternitate

528 3790 757 3842 tantum
784 3782 1058 3859 adoptiva
1082 3782 1309 3841 locutus
1336 3783 1557 3841 fuisset.

856 3917 867 3929 ,
1135 3862 1350 3922 XVII.
1394 3862 1625 3935 Quinto,
1669 3859 1820 3934 Quia
1857 3868 1948 3920 est
1987 3860 2189 3934 Imago
2229 3859 2349 3917 Dei
2383 3857 2680 3932 inviam,
2726 3855 2848 3915 Col.
2891 3855 2932 3917 i.

557 3915 607 3961 δ’
626 3915 831 4020 Εέθὲοέζ
851 3914 977 4019 ’ἐκ
1056 3942 1148 4017 15,
1180 3949 1240 4000 et
1264 3943 1601 4017 ἇποίνογαηα
1624 3946 1709 4005 riis
1737 3937 1887 4012 ἲὸξιις,
1910 3944 2002 3997 καὶ
2025 3942 2291 4020 materis(
2317 3943 2399 4003 τῖὶς
2431 3937 2742 4001 ὑπαιτίους
2761 3940 2933 4007 abus,

1054 4022 1405 4098 Effulqentia
1425 4023 1627 4099 qlom’ae
1655 4022 1866 4095 Patris,
1897 4030 1952 4079 et
1975 4022 2271 4078 character
2297 4020 2566 4076 Personae
2592 4020 2724 4093 effus,
2775 4016 2929 4077 Heb.

532 4098 571 4158 i.
602 4102 659 4158 3.
744 4098 857 4158 Illa
882 4098 1036 4159 enim
1062 4098 1236 4160 debet
1263 4121 1389 4161 esse
1418 4122 1557 4160 vera
1584 4102 1896 4179 generatio,
1927 4100 2095 4176 cujus
2121 4098 2402 4157 terminus
2441 4098 2494 4156 is
2541 4104 2648 4174 est,
2698 4096 2800 4174 qui
2843 4104 2934 4155 est

528 4178 724 4257 imago
752 4180 1061 4257 gignentis,
1093 4189 1151 4239 et
1178 4180 1473 4241 character
1498 4182 1680 4258 ipsius
1711 4181 1996 4253 Personae,
2027 4179 2216 4255 qualis
2243 4178 2457 4237 dicitur
2483 4176 2764 4235 Christus.
2810 4174 2933 4233 Nec

530 4260 656 4319 sine
686 4280 859 4319 causa
888 4262 1105 4321 Paulus
1122 4261 1324 4338 jungit
1348 4262 1445 4320 hic
1470 4264 1806 4335 ἇπὰυμο-μι
1837 4268 1896 4318 ct
1919 4264 2242 4339 zaga-533⁶,
2275 4266 2338 4316 ut
2363 4258 2580 4316 veritas
2627 4264 2688 4314 et
2729 4274 2929 4332 perpe-

531 4341 709 4399 tuitas
736 4341 1006 4419 imaginis
1032 4348 1300 4418 notetur;
1333 4342 1466 4401 Non
1490 4350 1582 4401 est
1608 4350 1831 4400 tantum
1858 4342 2126 4415 splendor
2142 4339 2244 4415 qui
2269 4338 2385 4396 cito
2412 4336 2635 4411 transit,
2669 4336 2772 4393 sed
2799 4336 2929 4392 cka-

531 4430 723 4479 meter
752 4422 851 4497 qui
880 4422 1059 4480 semel
1086 4422 1399 4499 impressus
1426 4440 1654 4498 semper
1677 4428 1890 4479 manet.
1973 4419 2097 4477 Nec
2136 4418 2234 4476 hic
2273 4416 2488 4495 opponi
2515 4415 2704 4490 debet,
2743 4414 2930 4473 homi-

530 4521 665 4561 nem
692 4520 821 4560 esse
846 4502 1157 4579 imaginem
1190 4501 1317 4577 Dei,
1348 4521 1455 4561 nec
1482 4510 1678 4561 tamen
1705 4520 1782 4558 ex
1807 4498 1936 4575 ejus
1981 4497 2234 4557 essentia
2282 4497 2576 4574 genitum;
2622 4494 2772 4569 Quia
2818 4493 2935 4551 alia

530 4590 622 4640 est
646 4581 833 4658 imaqo
860 4581 1219 4640 accidentalis
1250 4589 1310 4639 et
1338 4581 1654 4659 analogica,
1688 4600 1816 4655 quae
1845 4579 1904 4636 in
1931 4579 2214 4637 virtutum
2243 4574 2621 4635 similitudine
2647 4573 2932 4646 consistit,

532 4661 721 4741 qualis
746 4670 839 4723 est
862 4662 925 4722 in
950 4662 1183 4722 homine
1210 4670 1475 4738 respectu
1505 4660 1635 4735 Dei,
1666 4658 1766 4736 qui
1794 4660 1904 4717 hoc
1931 4676 2108 4717 sensu
2137 4656 2350 4717 dicitur
2388 4654 2677 4732 particeps
2713 4661 2938 4712 naturas
