3300 5225
572 286 689 344 500
1469 300 1652 343 Locus
1683 300 1986 342 summus,
2551 280 2808 363 [qums-r.
2837 304 2992 345 vm.

568 464 715 522 quos
766 442 927 501 Deus
970 442 1079 500 hoc
1122 442 1339 501 honore
1380 440 1670 519 dignatur,
1713 451 1780 501 ut
1827 442 1986 500 Deus
2040 439 2226 500 veluti
2280 460 2416 501 suos
2459 444 2712 524 muger-3⁸
2767 445 2830 502 in
2889 466 2994 504 re-

570 524 785 600 gimine
836 522 1039 581 mundi
1088 540 1214 580 esse
1261 522 1424 581 velit.
1494 526 1549 581 2.
1602 522 1704 580 Ad
1732 523 1994 600 fidelium
2037 522 2314 597 solatium,
2366 523 2466 599 qui
2509 523 2722 583 exinde
2763 535 2996 584 norunt

567 610 847 680 quantum
878 601 1005 660 Deo
1034 622 1184 661 curae
1226 602 1357 676 sint,
1403 620 1534 661 cum
1571 600 1648 660 ad
1681 603 1924 660 salutem
1967 620 2130 661 suam
2168 602 2620 678 promovendam
2655 603 2994 663 ministerio

569 691 976 757 creaturarum,
1026 700 1140 739 non
1196 690 1421 740 tantum
1470 700 1886 758 corporearum,
1940 680 2042 740 sed
2095 690 2157 740 et
2209 681 2612 759 spiritualium,
2662 703 2724 741 se
2779 684 2986 760 quoad

568 770 831 820 naturam
856 761 1033 838 longe
1074 761 1552 838 praestantiorum,
1582 762 1671 820 uti
1711 761 1872 820 velit.
1956 764 2012 819 3.
2056 760 2158 819 Ad
2197 760 2503 819 amicitiam
2541 762 2687 820 inter
2724 763 2982 841 Angelos

569 851 623 899 ct
647 842 889 899 homines
916 840 1121 899 fortius
1148 840 1572 917 conciliandam,
1604 840 2013 899 beneficiorum
2041 840 2194 899 enim
2221 848 2281 899 ct
2297 840 2613 899 officiorum
2639 850 2976 902 mutuorum

570 921 875 980 collatione
902 920 1185 979 amicitias
1213 921 1533 979 coalescere
1562 929 1621 979 et
1647 921 1848 997 augeri
1885 928 2127 979 constat.
2198 923 2254 978 4.
2282 918 2382 978 Ad
2409 922 2632 992 εὖτ-κείω
2676 921 2974 997 Universi,

568 1009 635 1060 ut
660 1001 743 1059 ita
770 1008 1043 1060 creaturae
1071 1018 1270 1059 omnes
1300 1001 1621 1077 superiores
1649 1008 1710 1059 et
1749 999 2060 1075 inferiores,
2092 999 2352 1058 visibiles
2379 1008 2440 1059 et
2478 1000 2817 1076 invisibiles,
2857 1001 2974 1061 sibi

568 1080 817 1139 invicem
845 1079 1273 1156 respondentes,
1296 1089 1357 1140 et
1372 1080 1523 1139 inter
1539 1100 1599 1138 se
1618 1080 1790 1139 certis
1810 1078 2156 1156 quibusdam
2173 1078 2489 1139 officiorum
2506 1079 2754 1139 vinculis
2782 1100 2972 1159 nexae,

568 1160 922 1218 harmoniam
962 1160 1165 1219 mundi
1190 1159 1409 1218 firmius
1438 1160 1780 1219 stabilirent.
1844 1161 1899 1220 5.
1933 1159 2226 1236 Praecipue
2269 1158 2344 1217 ad
2372 1160 2490 1217 Dei
2513 1160 2684 1235 ipsit&
2704 1162 2972 1235 ylariani,

569 1239 667 1315 qui
694 1239 937 1299 ultimus
960 1250 1050 1299 est
1076 1249 1137 1299 et
1160 1240 1485 1318 proecipuus
1502 1240 1759 1299 omnium
1777 1258 2011 1316 operum
2035 1240 2162 1317 ejus
2177 1238 2328 1313 finis,
2351 1258 2481 1315 quae
2501 1239 2752 1298 maxime
2777 1240 2976 1301 elucet

568 1338 643 1376 ex
672 1320 989 1379 ministerio
1018 1328 1137 1379 tam
1164 1319 1445 1379 nobilium
1475 1319 1898 1379 creaturarum.

572 1418 583 1429 ·
1173 1398 1293 1457 ΙΙΙ.
1326 1399 1640 1475 Multiplex
1657 1418 1798 1457 vero
1815 1414 2012 1457 eorum
2039 1396 2290 1456 officium
2311 1405 2546 1457 notatur
2567 1398 2631 1455 in
2655 1397 2969 1475 Scriptura,

567 1478 635 1523 Et
654 1478 862 1535 nequid.
918 1476 1049 1547 ‚l·¹·0-
1096 1481 1146 1537 1.
1176 1486 1443 1555 respectu
1470 1480 1599 1553 Dei,
1630 1482 1688 1536 2.
1719 1479 1864 1535 inter
1889 1496 1964 1552 se,
1995 1480 2051 1536 3.
2080 1485 2347 1554 respectu
2373 1478 2597 1552 Mundi,
2617 1480 2676 1535 4.
2703 1486 2974 1555 respectu

624 1535 1051 1638 gssffiffludffissuff
1091 1559 1388 1617 hominum.
1476 1557 1688 1631 Primo,
1731 1567 1984 1633 respectu
2021 1557 2150 1631 Dei,
2181 1564 2466 1632 quatenus
2514 1566 2866 1633 occupantur
2905 1557 2972 1615 in

1093 1637 1219 1695 Deo
1246 1645 1523 1714 perpetuo
1550 1635 1913 1709 celebrando,
1935 1644 1996 1695 et
2019 1635 2332 1711 adorando,
2361 1655 2477 1713 quo
2497 1636 2746 1713 pertinet
2775 1638 2970 1695 Trisa-

562 1718 697 1794 9ion
724 1718 1108 1794 Seraphimm,
1141 1717 1257 1774 Isa.
1299 1716 1397 1791 vi.,
1428 1715 1585 1792 quod
1612 1715 1890 1792 repetitur
1915 1714 1976 1773 in
2005 1715 2192 1793 Apoe.
2228 1736 2278 1774 c.
2315 1716 2396 1773 iv.
2427 1717 2483 1790 8,
2513 1724 2572 1775 et
2611 1716 2710 1775 vii.
2746 1719 2836 1790 11,
2871 1720 2970 1792 12,

569 1806 628 1856 et
657 1798 957 1856 Canticum
984 1794 1143 1873 quod
1189 1796 1250 1853 in
1292 1795 1597 1854 nativitate
1626 1795 1839 1854 Christi
1877 1795 2163 1870 accinunt,
2197 1796 2338 1853 Luc.
2383 1794 2442 1853 ii.
2492 1798 2584 1870 13,
2621 1798 2711 1854 14.
2761 1796 2972 1855 Gloria

569 1878 627 1935 in
656 1878 885 1935 excelsis
912 1879 1055 1949 Deo,
1087 1876 1145 1933 in
1174 1884 1333 1932 terra
1349 1894 1497 1951 pax,
1528 1894 1669 1952 crya
1706 1876 1948 1933 homines
1987 1876 2376 1951 benevolentia,
2407 1872 2484 1932 ad
2518 1874 2678 1952 quod
2716 1874 2971 1934 officium

567 1957 740 2014 etiam
788 1956 1122 2029 invitantur,
1157 1954 1310 2012 Psal.
1340 1954 1516 2013 xcvii.
1548 1958 1603 2028 7,
1635 1964 1695 2014 et
1738 1954 1851 2012 ciii.
1896 1957 1992 2029 20,
2023 1964 2080 2012 et
2121 1954 2343 2012 cxlviii.
2386 1958 2461 2027 23
2513 1974 2628 2031 quo
2655 1954 2972 2032 respiciens

570 2036 751 2113 Greg.
783 2035 1056 2094 Nazianz.
1087 2041 1259 2092 vocat
1284 2052 1385 2092 eos
1416 2031 1654 2109 ὖμνυδοὺς
1683 2040 1766 2097 τῆς
1785 2035 1926 2099 θείως
1951 2033 2346 2109 μεγαλειότητος,
2378 2042 2437 2093 et
2453 2033 2736 2093 Theodor.
2781 2034 2969 2099 Serm.

662 2174 673 2186 ‚
720 2174 732 2187 ,
1090 2116 1147 2187 3,
1189 2113 1263 2172 de
1309 2113 1575 2190 Angelis,
1628 2116 1653 2176 ni
1700 2116 1931 2185 ἅγγέλον
1979 2116 2266 2194 λειτουργία
2307 2114 2432 2172 ἔστὶν
2475 2110 2706 2189 iepvn'a'ae.
2789 2117 2846 2173 2.
2893 2114 2970 2171 In

584 2176 636 2219 οἱ
660 2175 1019 2277 “Ῑ“ἀ(ζ3;ἳ9““““
1089 2194 1344 2269 obsequio
1386 2202 1603 2267 sancte,
1650 2202 1934 2271 prompt0,
1981 2203 2040 2252 et
2083 2194 2272 2270 plen0,
2323 2192 2481 2270 quod
2533 2194 2620 2251 illi
2667 2193 2971 2273 exhibent,

1088 2272 1241 2331 Psal.
1270 2272 1384 2331 ciii.
1416 2277 1511 2331 20.
1600 2272 1772 2333 Unde
1799 2272 2072 2332 dicuntur
2095 2276 2330 2331 adstare
2355 2292 2550 2331 coram
2588 2272 2726 2349 ipso,
2755 2280 2822 2331 ut
2863 2292 2968 2350 ap-

564 2351 843 2427 paritores
860 2360 920 2410 et
945 2352 1209 2427 ministri,
1238 2360 1299 2410 et
1324 2354 1514 2411 videre
1540 2356 1658 2428 ejus
1667 2354 1900 2427 faciem,
1931 2352 2006 2411 ad
2033 2354 2160 2428 ejus
2202 2352 2474 2411 mandata
2513 2352 2867 2429 capessenda
2905 2362 2970 2412 et

563 2430 920 2507 exequenda,
955 2434 991 2465 ‘⁴
1015 2432 1231 2490 Millies
1272 2432 1491 2490 milleni
1535 2432 1796 2491 serviunt
1837 2434 1907 2507 ei,
1939 2440 1998 2491 et
2039 2432 2254 2509 myrias
2295 2430 2618 2509 myriadum
2661 2450 2852 2490 eoram
2895 2452 2971 2491 eo

562 2510 851 2585 stabant,”
885 2510 1035 2569 Dan.
1064 2512 1164 2570 vii.
1200 2514 1300 2569 10.
1388 2513 1423 2545 “
1442 2512 1585 2570 Vidi
1624 2513 1915 2572 Jehovam
1957 2511 2302 2570 insidentem
2343 2512 2488 2570 solio
2529 2530 2653 2585 sue,
2681 2522 2742 2571 et
2777 2518 2968 2570 totum

562 2590 879 2649 exercitum
928 2590 1061 2650 coeli
1106 2591 1431 2650 adstantem
1478 2592 1533 2650 ei
1580 2613 1615 2651 a
1656 2591 1864 2651 dextra
1903 2592 2046 2670 ejus,
2075 2600 2136 2650 et
2177 2610 2212 2650 a
2249 2591 2482 2650 sinistra
2505 2591 2692 2669 ejus,''
2727 2593 2778 2649 1.
2811 2590 2963 2668 Reg,

562 2670 707 2728 xxii.
738 2672 828 2730 19.
874 2671 963 2728 Eo
992 2681 1251 2748 spectant
1278 2675 1403 2748 aloe,
1434 2691 1565 2748 quae
1592 2672 1736 2750 ipsis
1761 2671 2110 2746 tribuuntur,
2143 2671 2223 2730 Is.
2253 2672 2372 2746 vi.;
2414 2679 2482 2730 ut
2519 2671 2676 2730 enim
2715 2670 2962 2747 duabus,

563 2749 776 2826 quibus
802 2752 1063 2810 velabant
1071 2751 1287 2826 faciem
1313 2771 1495 2827 suam,
1527 2771 1752 2811 summa
1777 2771 1976 2811 eorum
2002 2752 2316 2810 reverentia
2341 2769 2482 2827 erga
2499 2750 2688 2810 Deum
2709 2757 2962 2826 notatur,

564 2849 679 2904 qua
707 2838 882 2889 tantas
924 2831 1241 2907 majestatis
1284 2831 1565 2907 fulgorem
1608 2831 1892 2890 sustinere
1931 2850 2052 2889 non
2089 2837 2349 2908 possunt,
2381 2839 2441 2890 et
2479 2829 2721 2904 duabus,
2751 2829 2966 2905 quibus

551 2911 729 2983 pedes
771 2911 1036 2985 tegebant,
1066 2910 1376 2967 sanctitatis
1416 2909 1798 2968 immaculatae
1837 2911 2082 2968 cnidium
2121 2911 2395 2985 innuitur,
2438 2917 2632 2986 partes
2669 2928 2784 2982 eas,
2814 2929 2984 2985 quas·

560 2988 743 3045 velari
772 2987 833 3044 in
858 2988 1189 3046 hominibus
1210 2989 1381 3065 jubet
1406 2988 1608 3066 pudor,
1628 2997 1688 3048 et
1708 3009 1837 3066 quae
1857 2987 2220 3048 infirmitates
2239 3009 2437 3049 eorum
2455 2988 2636 3048 relate
2655 2988 2732 3047 ad
2751 2989 2960 3065 Deum,

562 3065 605 3124 J
608 3065 701 3123 ob.
745 3065 823 3124 iv.
872 3067 965 3140 18,
1009 3065 1333 3143 designant,
1376 3068 1664 3144 veland03
1733 3069 1826 3128 Ita
1867 3072 2009 3143 duoe,
2050 3069 2262 3145 quibus
2303 3069 2580 3144 volabant,
2627 3069 2962 3126 celer-itatem

562 3163 775 3218 eorum,
807 3153 865 3204 et
892 3145 1081 3204 zelum
1101 3145 1163 3202 in
1190 3146 1545 3223 exequendis
1564 3148 1676 3207 Dei
1697 3148 1984 3207 mandatis
2001 3146 2362 3208 adumbrant.
2447 3147 2582 3206 Huc
2597 3146 2959 3206 referendum

558 3222 941 3282 ministerium
969 3225 1043 3283 ab
1070 3225 1213 3302 ipsis
1240 3226 1485 3300 Christo,
1518 3246 1623 3286 ceu
1653 3227 1841 3304 Capiti
1869 3237 1929 3287 et
1955 3227 2208 3285 Domino
2235 3246 2342 3286 suo
2377 3226 2716 3301 exhibitum,
2747 3235 2872 3285 tum
2897 3227 2959 3286 iu

559 3302 688 3377 ejus
714 3303 1063 3379 adoratione,
1094 3325 1209 3382 qua
1256 3304 1511 3365 defuncti
1545 3315 1678 3366 sunt
1719 3327 1754 3364 a
1793 3306 2089 3384 principio,
2121 3325 2198 3366 ex
2240 3305 2352 3364 Dei
2391 3304 2679 3382 mandat0,
2723 3309 2962 3364 adorent

560 3402 685 3441 eum
713 3403 898 3443 omnes
924 3385 1141 3460 Anyeli,
1175 3384 1358 3442 Hebr.
1388 3385 1426 3442 i.
1458 3388 1513 3460 6,
1543 3393 1601 3444 et
1630 3405 1745 3462 quo
1772 3385 2029 3462 quotidie
2058 3385 2465 3462 defunguntur,
2498 3383 2740 3463 Apocal.
2771 3403 2828 3443 v.
2863 3389 2954 3460 11,

563 3464 655 3536 12,
685 3471 807 3522 tum
838 3464 899 3522 in
925 3465 1136 3524 actuali
1164 3463 1496 3540 minister-ie,
1512 3465 1670 3542 quod
1697 3465 1784 3521 illi
1809 3463 2196 3523 exhibuerunt
2222 3465 2284 3523 in
2311 3465 2701 3540 conceptione,
2734 3463 2875 3523 Luc.
2898 3465 2955 3540 i.,

560 3541 621 3598 in
641 3543 959 3620 nativitate,
982 3544 1123 3603 Luc.
1154 3544 1232 3618 ii„
1264 3544 1323 3600 in
1345 3545 1678 3618 tentatione,
1712 3543 1921 3602 Matth.
1954 3544 2052 3618 iv.,
2083 3543 2142 3601 in
2171 3543 2397 3621 agonia,
2431 3542 2572 3602 Luc.
2595 3544 2761 3618 xxii„
2792 3544 2853 3601 in
2869 3563 2954 3602 re·

558 3625 927 3700 surrectione,
966 3625 1135 3683 Matt.
1176 3622 1403 3697 xxviii„
1435 3623 1496 3680 in
1540 3623 1892 3698 ascensione,
1931 3623 2069 3682 Act.
2098 3624 2156 3697 i.,
2185 3632 2245 3682 et
2285 3622 2444 3699 quod
2479 3623 2794 3682 exhibituri
2825 3634 2956 3682 sunt

557 3702 761 3760 ultimo
804 3704 913 3777 die,
959 3722 1137 3778 quum
1180 3721 1311 3761 eum
1354 3700 1781 3761 comitabuntur
1827 3703 1888 3759 in
1935 3702 2252 3761 novissimo
2299 3721 2404 3761 suo
2451 3702 2728 3776 adventii,
2769 3704 2956 3762 Veniet

556 3782 701 3838 enim
728 3801 851 3839 cum
878 3783 1105 3857 Amyclis
1124 3780 1387 3857 potentias
1411 3801 1543 3856 σω,
1574 3785 1613 3840 2
1642 3781 1846 3840 Thess.
1875 3782 1914 3840 i.
1946 3785 2002 3840 7.

1162 3863 1275 3922 IV.
1336 3864 1620 3938 Secundo,
1679 3874 1932 3940 respectu
1981 3865 2086 3923 sui.
2171 3863 2256 3924 Ut
2311 3863 2464 3922 enim
2513 3873 2650 3923 sunt
2699 3864 2950 3923 eoelestis

1080 3942 1337 4000 Societas
1364 3942 1511 4001 bene
1540 3942 1820 4017 ordinata,
1850 3943 2090 4002 dubium
2123 3961 2238 4002 non
2281 3951 2385 4016 est,
2417 3943 2558 4020 quin
2599 3943 2777 4001 variis
2818 3963 2955 4020 erga

555 4036 616 4076 se
644 4017 895 4076 invicem
923 4018 1313 4096 defungantur
1346 4019 1565 4096 officiis,
1614 4041 1720 4098 per
1757 4031 2016 4083 mutuam
2056 4042 2246 4082 rerum
2287 4023 2387 4082 vel
2425 4021 2950 4099 cognoscendarum

552 4096 649 4154 vel
678 4095 1067 4156 faciendarum
1092 4099 1670 4158 communicationem
1694 4123 1709 4178 3
1751 4101 1890 4162 licet
1914 4122 1951 4161 a
1977 4103 2145 4162 nobis
2185 4101 2320 4161 sciri
2355 4121 2472 4161 non
2513 4103 2716 4179 possit,
2743 4102 2878 4178 quis
2895 4111 2952 4162 et

551 4175 740 4252 qualis
762 4177 838 4235 sit
863 4177 1033 4236 istius
1052 4179 1585 4238 communicationis
1612 4180 1852 4241 modust
1881 4183 2018 4241 hinc
2043 4181 2330 4259 dicuntur,
2363 4182 2478 4241 Isa.
2509 4182 2587 4240 vi.
2619 4185 2676 4242 3.
2705 4185 2951 4241 damme

549 4259 697 4314 alter
722 4259 807 4314 ad
828 4259 1085 4332 alterum,
1116 4259 1283 4336 quasi
1324 4257 1513 4337 seipos
1553 4259 1631 4318 ad
1667 4261 1870 4320 laudes
1899 4262 2010 4321 Dei
2049 4261 2424 4322 celebrandas
2463 4261 2788 4322 excitando.
2873 4261 2949 4319 Et

548 4335 687 4395 alibi
708 4337 1101 4414 colloquentes
1128 4337 1280 4397 inter
1306 4357 1367 4397 se
1392 4339 1850 4414 introducuntur,
1871 4341 2028 4418 apud
2048 4342 2306 4416 zachar„
2330 4350 2390 4400 et
2409 4342 2454 4402 J
2455 4342 2666 4400 ohann.
2685 4340 2746 4400 in
2763 4341 2944 4417 Apoe.

628 4416 703 4475 V.
736 4417 831 4476 Ex
862 4417 1010 4475 Dan.
1042 4437 1100 4475 x.
1136 4420 1227 4477 13.
1258 4419 1417 4478 nulla
1444 4429 1633 4497 potest
1663 4420 1860 4497 colligi
1899 4440 2098 4498 pugna
2137 4430 2196 4480 et
2231 4420 2536 4480 dissidium
2577 4421 2727 4480 inter
2767 4421 2943 4477 bonos

548 4497 829 4573 Angelos.
932 4497 1080 4554 Nam
1122 4499 1396 4576 Princeps
1436 4501 1623 4576 Reyni
1661 4503 1974 4559 Per-samm
2014 4502 2114 4578 qui
2155 4500 2435 4560 restitisse
2478 4499 2690 4559 dicitur
2717 4497 2942 4574 Angelo

546 4577 822 4654 Gabrieli,
874 4597 991 4636 non
1029 4587 1121 4637 est
1162 4578 1349 4638 bonus
1390 4579 1598 4657 aliquis
1648 4579 1915 4658 Angelus
1961 4601 1998 4639 a
2047 4581 2174 4639 Deo
2226 4580 2532 4658 praefectus
2589 4598 2766 4656 regno
2811 4577 2938 4636 Per-

596 3907 640 3951 2.
660 3912 881 3964 respectu
903 3909 991 3952 sui.
