3300 5225
375 400 609 450 QuAEsr.
641 380 758 461 x1.]
1353 401 1430 440 m:
1459 401 1815 441 mammons.
2680 388 2793 442 4231

377 561 513 600 suas
541 542 840 617 pollerent,
872 541 974 599 uni
1001 541 1238 617 homini,
1285 541 1348 599 id
1375 551 1466 600 est
1491 542 1654 618 operi
1690 541 1867 618 longe
1894 540 2387 618 praestantissimo,
2418 540 2697 601 invidisse
2738 553 2798 603 et

378 640 453 679 ne
533 640 643 679 sse.

455 640 532 696 ga
983 698 1102 757 XI.
1150 697 1334 758 Aliud
1361 708 1450 758 est
1475 699 1638 775 loqui
1682 699 1755 758 de
1804 698 2038 757 essentia
2064 698 2315 774 hominis,
2362 698 2547 758 Aliud
2568 702 2638 757 de
2678 704 2797 775 ejus

457 764 787 867 F02²i¹4²>0¹fu⁸ss¹²⁸⁸
896 778 1227 855 inteqritate,
1279 788 1334 837 et
1370 779 1711 855 perfectione
1729 803 1753 851 ;
1797 776 1896 835 Ad
1924 777 2271 836 ablationem
2315 778 2511 853 partiS,
2543 779 2639 836 vel
2665 799 2797 855 pro-

898 858 1156 933 prietatis
1185 858 1431 936 alicujus
1459 858 1800 932 essentiane,
1833 857 2093 933 sequitur
2136 876 2339 915 revera
2381 857 2466 915 rei
2510 856 2793 935 interime,

377 934 482 995 sed
509 955 627 995 non
655 936 850 995 statim
887 935 964 994 ad
1007 937 1162 995 illius
1189 938 1587 1014 privationem,
1633 937 1791 1014 quod
1830 936 1969 995 facit
2016 936 2091 993 ad
2136 944 2357 995 naturae
2406 936 2795 1013 integritatem

377 1024 436 1074 et
463 1016 888 1093 perfectionem,
937 1018 1124 1093 qualis
1154 1016 1262 1075 fuit
1304 1017 1534 1093 justitia
1582 1016 1883 1091 originalis
1906 1038 1920 1091 3
1964 1024 2159 1073 manet
2202 1016 2437 1091 quidem
2482 1016 2689 1075 mutila
2737 1026 2796 1076 et

377 1095 694 1232 {epravata
731 1103 955 1169 natura,
1000 1114 1178 1172 quum
1206 1096 1399 1155 amisit
1425 1096 1582 1173 quod
1610 1094 1959 1173 perficiebat,
1990 1094 2095 1153 sed
2119 1114 2239 1152 non
2264 1094 2458 1171 quoad
2485 1096 2795 1155 essentiam

420 1174 712 1233 estruitur.
885 1202 904 1213 =

459 1254 615 1312 XII.
660 1253 828 1312 Licet
869 1253 911 1312 J
914 1254 1114 1312 ustitia
1161 1252 1458 1330 originalis
1504 1253 1731 1312 dicatur
1774 1252 2005 1310 Adamo
2049 1253 2344 1326 naturalis,
2391 1272 2507 1311 non
2538 1254 2797 1331 sequitur

375 1332 621 1391 eandem
661 1352 788 1391 esse
831 1352 962 1391 cum
990 1332 1033 1392 J
1037 1332 1236 1391 ustitia
1265 1332 1392 1392 Dei.
1425 1332 1562 1408 quia
1592 1332 1754 1391 Deus
1784 1332 1943 1390 solus
1968 1331 2308 1390 naturaliter
2328 1331 2525 1408 justus
2554 1342 2643 1391 est
2670 1353 2791 1391 om·

377 1412 627 1487 nimode,
659 1410 1057 1485 essentialiter,
1109 1410 1578 1488 independenter,
1631 1418 1691 1469 ct
1738 1410 2188 1485 immutabiliter,
2238 1410 2341 1469 sed
2368 1412 2541 1469 homo
2568 1420 2795 1471 tantum

375 1499 534 1549 certo
561 1500 842 1567 respectu,
874 1498 933 1548 et
961 1490 1276 1549 secundum
1305 1490 1461 1568 quid,
1507 1490 1880 1563 mutabiliter,
1911 1489 2186 1565 precariO,
2219 1499 2277 1548 et
2304 1490 2711 1567 dependenter.

457 1570 648 1627 XIII.
695 1570 779 1629 Ut
805 1569 1018 1645 aliquis
1033 1569 1260 1628 dicatur
1285 1569 1568 1627 naturalis
1595 1569 1714 1627 Dei
1738 1569 1938 1640 Filias,
1962 1587 2081 1625 non
2102 1568 2313 1627 sufficit
2338 1577 2405 1627 ut
2442 1569 2662 1646 aliquid
2690 1572 2794 1629 ha-

376 1648 512 1707 beat
538 1649 798 1707 naturale
825 1656 1058 1726 propter
1085 1648 1242 1725 quod
1267 1648 1423 1707 filius
1453 1648 1564 1705 Dei
1591 1648 1851 1721 dicatur;
1888 1645 2005 1705 Sed
2031 1647 2341 1722 requiritur
2366 1656 2433 1705 ut
2460 1668 2589 1705 cum
2622 1650 2794 1708 Patre

375 1728 618 1788 eandem
661 1747 898 1786 numero
925 1736 1190 1786 naturam
1225 1727 1454 1803 habeat,
1485 1727 1643 1803 quod
1671 1727 1743 1784 de
1773 1726 1899 1785 solo
1927 1726 2155 1784 Christo
2184 1725 2301 1784 dici
2326 1735 2535 1803 potest,
2566 1728 2667 1803 qui
2704 1736 2795 1787 est

376 1807 702 1866 essentialis
732 1807 843 1865 Dei
871 1807 1082 1884 imag0,
1113 1806 1218 1866 sed
1243 1827 1360 1865 non
1389 1807 1468 1866 de·
1489 1807 1675 1884 primo
1702 1813 1957 1883 parente,
2044 1805 2105 1863 ui
2145 1804 2367 1865 ratione
2395 1805 2793 1867 similitudinis

375 1886 644 1962 aliqualis
659 1895 884 1945 tantum
911 1906 1121 1945 nomen
1147 1886 1255 1945 filii
1285 1887 1397 1945 Dei
1423 1887 1665 1945 obtinet.

458 1965 638 2025 XIV.
682 1966 797 2039 Qui
829 1966 1016 2041 pulvis
1063 1976 1156 2041 est,
1205 1965 1520 2024 secundum
1549 1984 1749 2024 omnes
1792 1964 2057 2023 essentiae
2085 1972 2294 2040 partes,
2346 1964 2433 2021 illi
2458 1984 2575 2022 non
2602 1972 2795 2041 potest

375 2063 504 2104 esse
525 2044 756 2122 justitia
783 2044 1082 2122 originalis
1110 2044 1418 2119 naturalis;
1453 2044 1570 2103 Sed
1597 2044 1771 2102 homo
1792 2044 2005 2101 dicitur
2030 2051 2255 2101 tantum
2283 2043 2494 2120 pulvis,
2528 2044 2678 2103 Gen.
2708 2046 2791 2103 iii.

379 2122 472 2198 19,
505 2123 819 2183 secundum
846 2124 1005 2201 quid,
1036 2132 1096 2183 et
1123 2132 1385 2201 respectu
1413 2124 1686 2199 corporis,
1775 2122 1887 2195 Sic,
1920 2130 1985 2181 ut
2011 2122 2271 2180 naturale
2300 2131 2390 2180 est
2417 2122 2637 2182 homini
2664 2124 2793 2200 pul-

376 2223 614 2262 vereum
661 2223 788 2262 esse
835 2223 872 2261 a
913 2212 1075 2279 parte
1123 2202 1396 2280 corporis,
1447 2201 1604 2280 quod
1648 2222 1682 2260 e
1722 2210 1875 2259 terra
1900 2200 2205 2259 formatum
2234 2200 2359 2276 fuit,
2384 2209 2501 2259 tam
2532 2204 2793 2261 naturale

375 2282 465 2341 illi
492 2302 620 2343 esse
648 2283 821 2342 debet
841 2283 1066 2360 justum
1094 2291 1156 2342 et
1181 2290 1442 2340 sanctum
1471 2301 1616 2355 esse,
1648 2280 1841 2356 quoad
1867 2280 2177 2355 imaginem
2210 2279 2337 2353 Dei,
2372 2280 2446 2337 ad
2472 2300 2647 2356 quam
2676 2280 2789 2340 for-

375 2370 564 2421 matus
592 2370 697 2421 est.
785 2361 1008 2420 Deinde
1036 2363 1132 2421 hic
1159 2360 1568 2438 distinguenda
1595 2368 1685 2418 est
1713 2362 1877 2433 labes,
1908 2367 1967 2425 et
1996 2359 2235 2417 labilitas
2243 2382 2268 2431 ‚·
2297 2359 2456 2417 aliud
2483 2368 2573 2417 est
2599 2360 2789 2419 labem

375 2442 588 2500 habere
617 2451 938 2516 connatam,
985 2440 1146 2501 aliud
1189 2460 1328 2499 vero
1373 2458 1543 2517 posse
1583 2439 1736 2514 labi3
1784 2439 1978 2497 Homo
2007 2458 2121 2515 qua
2147 2437 2341 2514 pulvis
2369 2437 2573 2497 habuit
2598 2439 2815 2497 labili-·

375 2529 571 2597 tatem,
603 2540 719 2597 qua
745 2521 934 2598 potuit
976 2540 1231 2598 peccare,
1281 2520 1383 2579 sed
1426 2540 1544 2577 non
1570 2518 1762 2577 labem
1790 2518 1991 2595 ipsam,
2023 2536 2139 2594 qua
2165 2526 2299 2575 actu
2325 2518 2593 2594 peccarit.
2679 2519 2793 2577 Illa

375 2609 588 2660 statum
632 2610 852 2660 naturae
897 2601 1196 2660 mutabilis
1241 2599 1497 2674 notabat,
1545 2596 1650 2658 sed
1705 2598 1929 2657 nullum
1982 2597 2263 2673 morbum,
2312 2596 2409 2655 vel
2451 2596 2789 2675 languorem

375 2680 719 2757 designabat
745 2681 807 2739 in
835 2701 941 2756 eo;
987 2681 1112 2740 Ista
1158 2689 1372 2739 statum
1419 2678 1659 2756 peccati,
1690 2678 1793 2754 qui
1838 2697 1965 2736 esse
2008 2697 2125 2736 non
2167 2677 2357 2754 potuit
2384 2677 2444 2734 in
2470 2687 2677 2751 natura
2703 2680 2790 2737 in-

375 2768 434 2818 te
507 2780 558 2818 a.

436 2781 604 2899 gXV.
648 2839 902 2899 Tantum
947 2841 1128 2915 abest,
1179 2850 1246 2900 ut
1286 2859 1422 2917 pars
1465 2837 1673 2897 animae
1720 2837 1955 2897 inferior
1994 2857 2099 2915 per
2124 2857 2185 2897 se
2213 2845 2435 2916 pugnet
2461 2858 2591 2896 cum
2622 2859 2789 2915 supe-

374 2919 528 2994 riori,
558 2926 624 2978 ut
651 2929 866 2995 contra,
898 2929 1046 2980 teste
1077 2921 1446 2996 PhilosophO,
1477 2923 1755 2998 woaegxn‘tr
1790 2917 1990 2992 πέφυκε,
2022 2925 2081 2977 et
2108 2926 2313 2976 natura
2340 2917 2426 2978 illi
2454 2918 2789 2977 subordina-

375 3007 508 3058 tur:
553 2999 974 3076 Propensiones
999 3000 1301 3076 utriusque
1340 3007 1584 3076 possunt
1624 3017 1753 3057 esse
1780 2998 2043 3073 diversae,
2076 2997 2178 3056 sed
2206 3017 2320 3055 non
2351 2997 2649 3056 contrariae
2689 3017 2793 3074 per

377 3097 457 3151 se,
489 3077 595 3136 sed
622 3086 844 3136 tantum
866 3098 969 3156 per
989 3079 1256 3138 accidens
1273 3086 1506 3156 propter
1522 3086 1851 3155 peccatum3
1882 3077 2055 3135 homo
2076 3077 2229 3134 enim
2250 3077 2439 3153 potuit
2454 3076 2793 3136 naturaliter

376 3155 512 3213 ferri
539 3156 616 3214 ad
641 3165 948 3234 utrumque
974 3158 1206 3232 bonum,
1239 3158 1510 3218 sensibile
1539 3165 1600 3216 et
1627 3157 1940 3234 spirituale,
1973 3156 2077 3214 sed
2102 3156 2165 3214 in
2193 3175 2297 3215 suo
2326 3155 2543 3230 ordine,
2574 3157 2791 3233 absque

375 3235 688 3293 rebellione
735 3237 925 3294 carnis
972 3245 1030 3296 et
1075 3238 1325 3314 spiritus,
1375 3245 1442 3295 ut
1489 3237 1681 3294 anima
1724 3237 2027 3312 imperium
2073 3255 2297 3312 semper
2325 3235 2625 3311 obtineret,
2658 3255 2791 3294 caro

375 3333 517 3374 vero
543 3314 630 3371 illi
657 3334 876 3373 morem
903 3325 1144 3392 gereret,
1175 3325 1234 3374 et
1261 3335 1460 3373 omnes
1487 3325 1679 3372 motus
1708 3335 1861 3389 suos,
1906 3323 1966 3374 et
1992 3315 2395 3373 inclinationes
2422 3315 2511 3372 illi
2539 3315 2791 3393 subjice-

375 3401 498 3470 ret;
542 3393 759 3453 bonum
805 3394 960 3452 enim
1010 3394 1280 3453 sensibile
1327 3394 1389 3452 in
1432 3395 1586 3452 bono
1629 3393 1985 3470 intelligibili
2032 3395 2373 3468 continetur,
2416 3402 2475 3453 et
2503 3395 2791 3470 appetitus

377 3473 643 3532 sensitivi
670 3474 964 3551 objectum
992 3493 1053 3531 se
1087 3474 1264 3533 habet
1307 3471 1383 3531 ad
1426 3472 1717 3548 objectum
1760 3473 2075 3545 rationalis,
2120 3480 2186 3530 ut
2212 3472 2466 3530 medium
2494 3472 2569 3530 ad
2596 3473 2789 3532 finem.

379 3551 667 3626 Quamdiu
693 3572 834 3630 ergo
862 3553 1034 3611 homo
1061 3553 1278 3611 bonum
1319 3551 1591 3610 sensibile
1631 3553 1888 3626 respexit
1914 3558 1981 3608 ut
2008 3550 2278 3624 medium,
2309 3551 2472 3608 nulla
2498 3551 2607 3608 fuit
2633 3552 2694 3608 in
2722 3573 2792 3610 eo

376 3632 681 3708 vitiositas,
735 3632 838 3691 sed
881 3647 1060 3709 quum
1105 3652 1140 3689 a
1187 3633 1312 3690 Deo
1357 3629 1662 3688 discedens
1706 3628 1843 3686 ferri
1886 3629 2063 3705 coepit
2090 3629 2152 3685 in
2180 3629 2474 3705 objectum
2502 3630 2793 3705 appetitus

299 3735 305 3740 ·
378 3711 658 3786 sensitivi,
689 3720 964 3788 tanquam
990 3711 1054 3769 in
1079 3712 1346 3771 ultimum
1373 3709 1566 3783 finem,
1597 3716 1657 3766 et
1686 3727 1969 3765 summum
2008 3707 2243 3782 bonum,
2274 3705 2431 3783 quod
2460 3707 2672 3766 facturn
2704 3718 2795 3767 est

376 3811 480 3868 per
505 3800 820 3869 peccatum,
852 3800 978 3850 tum
1019 3791 1251 3850 demum
1281 3797 1406 3848 orta
1447 3796 1537 3846 est
1579 3791 1783 3861 ὧταξὼς,
1830 3806 1959 3862 quae
1990 3785 2247 3844 ordinem
2293 3805 2331 3844 a
2357 3786 2485 3845 Deo
2513 3787 2791 3846 constitu-

377 3879 500 3929 tum
529 3871 906 3946 perturbavit.
993 3867 1485 3947 Distinguendum
1525 3887 1667 3944 ergo
1693 3867 1789 3924 hic
1815 3875 1903 3925 est
1944 3874 2211 3924 accurate
2238 3866 2300 3923 in
2328 3867 2604 3942 appetitu,
2636 3867 2796 3942 quod

378 3949 488 4008 fuit
513 3950 790 4025 naturale,
840 3958 899 4009 et
927 3951 1269 4023 ordinatum,
1293 3949 1368 4007 ab
1385 3967 1454 4007 eo
1483 3946 1639 4024 quod
1655 3945 2125 4022 praeternaturale
2153 3953 2259 4020 est,
2280 3953 2339 4004 et
2366 3944 2753 4004 inordinatum
2776 3969 2791 4024 ς

379 4028 550 4088 Istud
575 4029 784 4088 rationi
811 4038 1110 4106 repugnat,
1143 4029 1250 4087 sed
1273 4047 1390 4086 non
1418 4027 1632 4102 pariter
1658 4024 1823 4086 illud.
2587 4057 2593 4064 ·

461 4108 647 4167 XVI.
690 4108 966 4182 Quamvis
994 4110 1036 4168 J
1043 4109 1240 4167 ustitia
1281 4105 1579 4183 originalis
1607 4113 1761 4164 recte
1805 4104 1921 4164 dici
1961 4104 2145 4181 possit
2180 4104 2408 4179 Gratia,
2441 4123 2545 4162 seu
2588 4107 2795 4164 donum

373 4189 704 4265 qratuitum,
752 4196 925 4265 atque
970 4189 1115 4247 adeo
1157 4187 1482 4246 indebitum
1526 4206 1561 4243 a
1603 4193 1767 4263 parte
1810 4184 1941 4259 Dei,
1974 4183 2459 4260 quemadmodum
2486 4190 2546 4242 et
2588 4193 2795 4244 natura

380 4269 523 4345 ipsa,
554 4287 684 4344 quoe
713 4267 786 4325 ab
814 4268 942 4345 ipso
969 4275 1163 4326 creata
1188 4275 1314 4343 est3
1362 4266 1494 4325 Non
1523 4265 1785 4342 sequitur
1804 4271 2107 4342 propterea
2134 4283 2261 4322 esse
2282 4265 2792 4340 supernaturalem,

380 4348 478 4405 vel
505 4347 822 4406 indebitam
867 4347 944 4406 ad
985 4346 1396 4423 perfectionem
1440 4354 1662 4404 naturas
1692 4345 1951 4420 integrae,
1983 4343 2119 4419 quia
2162 4343 2300 4401 licet
2342 4342 2489 4400 nihil
2534 4343 2796 4403 debuerit

381 4427 545 4484 Deus
575 4426 811 4502 homini,
841 4427 1030 4504 posito
1051 4434 1246 4485 tamen
1267 4425 1424 4503 quod
1443 4424 1633 4483 voluit
1654 4443 1849 4482 creare
1870 4422 2161 4481 hominem
2182 4422 2259 4481 ad
2277 4421 2591 4498 imaginem
2612 4443 2792 4497 suam,

379 4506 583 4565 debuit
609 4507 774 4564 illum
803 4525 997 4565 creare
1018 4506 1243 4583 justum
1271 4513 1331 4563 et
1359 4512 1639 4563 sanctum.

463 4585 681 4646 XVII.
727 4585 945 4644 Praeter
971 4586 1218 4644 habimm
1245 4587 1486 4659 infimum
1515 4603 1618 4660 per
1645 4581 1908 4660 gratiam,
1940 4589 1999 4640 et
2035 4581 2366 4658 acquisitam
2392 4599 2495 4657 per
2524 4580 2797 4639 industri·-

380 4685 491 4740 am,
525 4665 698 4725 datur
723 4665 872 4724 alius
899 4674 1171 4725 connatus
1201 4672 1260 4724 et
1287 4663 1534 4728 collatus
1561 4661 1637 4721 ad
1677 4661 2091 4740 perfectionem·
2116 4671 2429 4735 creaturae3
2475 4659 2599 4718 Nec
2625 4679 2795 4738 prop-
