3300 5225
383 329 614 379 QuAEsr.
645 307 806 388 xun]
1241 325 1318 364 na
1347 324 1940 366 Pus-:nns'rixsriona
2262 299 2269 306 ⁵
2670 317 2784 372 337

763 523 792 546 ι,
989 465 1134 524 XV.
1175 465 1342 525 Licet
1359 466 1645 526 certitudo
1672 467 1875 545 gratiae
1906 469 2018 526 Dei
2046 489 2121 527 ex
2134 469 2355 528 'eventu
2374 467 2632 546 externo,
2665 473 2788 533 sive

415 535 824 638 Ἑοΰᾞηξξωω·
904 565 1195 625 prosper0,
1218 547 1344 606 sive
1365 546 1630 622 adverso,
1643 565 1761 606 non
1780 549 1965 625 possit
1984 549 2201 626 haberi,
2216 569 2331 628 quo
2353 569 2544 627 sensu,
2562 553 2785 612 Eccles.

675 625 688 638 ⁰
903 627 986 686 ix.
1035 630 1088 686 1.
1135 627 1377 705 Sapiens
1425 627 1584 703 dicit,
1624 628 1899 688 hominem
1946 629 2159 688 nescire
2194 631 2385 690 odium
2426 641 2477 690 et
2516 652 2783 709 amorem,

379 711 458 770 id.
487 729 605 769 non
645 727 816 787 posse
855 725 1210 784 cognoscere
1233 727 1310 766 ex
1337 707 1644 767 eventibus
1672 706 1945 784 externis,
1976 708 2079 787 qui
2117 709 2287 770 bonis
2326 719 2387 770 et
2426 712 2595 772 malis
2635 714 2783 789 pari—

377 801 467 850 ter
493 788 853 866 contingunt,
887 807 964 846 an
1005 787 1080 846 sit
1119 787 1182 845 in
1217 787 1369 864 odio,
1413 807 1488 846 au
1527 787 1590 846 in
1617 807 1811 846 amore
1842 789 1989 849 Dei:
2032 791 2183 867 quia,
2215 799 2281 851 ut
2308 792 2505 850 statim
2531 793 2781 869 additur,

373 867 574 927 mans
600 866 696 924 ben
735 868 797 926 id
838 875 945 944 est,
992 887 1109 926 non
1151 875 1216 926 ut
1243 868 1450 926 vitiose
1497 867 1753 926 reddidit
1792 869 1869 927 V.
1899 870 1995 944 V.,
2036 871 2227 930 omnia
2268 873 2327 930 in
2354 872 2621 947 ficturum
2665 894 2784 932 seu·-

373 958 584 1008 vantur
621 949 854 1024 incerta,
899 947 1020 1022 sed,
1051 949 1242 1006 omnia
1277 957 1412 1006 sunt
1447 967 1641 1006 ewam
1666 949 1827 1021 facie
1854 950 2119 1026 ipsorum,
2152 952 2249 1010 vel
2274 959 2341 1010 ut
2368 952 2545 1012 Arias
2574 954 2781 1030 Mont.,

377 1029 571 1088 omnia
597 1031 683 1088 ad
705 1029 893 1104 facies
919 1047 1130 1102 eorum,
1175 1026 1238 1085 id
1277 1037 1382 1104 est,
1413 1027 1568 1086 bona
1603 1035 1665 1087 et
1688 1028 1843 1087 mala
1868 1047 1945 1088 ex
1974 1049 2139 1107 aequo
2168 1032 2435 1091 omnibus
2472 1033 2781 1109 eveniunt;

377 1109 511 1168 Non
539 1109 798 1186 sequitur
833 1107 1007 1166 fidem
1049 1127 1167 1166 non
1206 1126 1378 1185 posse
1418 1107 1579 1166 illam
1619 1106 1947 1168 indubitato
1986 1109 2201 1170 habere
2228 1131 2301 1170 ex
2334 1112 2533 1171 Verbo
2564 1113 2694 1190 Dei,
2724 1125 2785 1174 et

377 1189 630 1266 Spiritus
661 1188 860 1248 Sancti
885 1188 1236 1247 testimonie.
1319 1187 1442 1246 Nec
1481 1196 1675 1264 potest
1713 1187 1811 1246 hic
1834 1189 2033 1248 totalis
2058 1199 2119 1249 et
2144 1191 2412 1251 absoluta
2436 1192 2785 1254 incertitudo

369 1277 1274 1425 {tzffttffnfflfflffl
1301 1286 1478 1424 ‘3253
1491 1286 1865 1425 &3333
1902 1281 2785 1431 ᾗωὲθὲῗεῖἳῖἒὲἓΐέἒῗοξῗ

367 1436 508 1488 sunt
547 1447 718 1488 nosse
755 1448 832 1487 ex
867 1427 983 1486 fide
1009 1435 1071 1486 et
1109 1426 1324 1504 pietate
1351 1446 1414 1485 se
1444 1447 1570 1486 esse
1597 1426 1751 1485 filios
1782 1428 1909 1503 Dei,
1940 1435 2113 1506 atque
2141 1429 2287 1490 adeo
2327 1431 2390 1489 in
2426 1433 2554 1510 ejus
2594 1433 2785 1511 grafia

367 1516 432 1568 et
458 1528 670 1568 amore.

454 1588 634 1647 XVI.
680 1586 929 1665 Aliquid
953 1594 1146 1664 potest
1173 1607 1300 1646 esse
1327 1587 1612 1646 incertum
1647 1595 1916 1664 respectu
1956 1589 2414 1668 indispositionis
2440 1600 2501 1651 et
2526 1591 2779 1672 indigni·

367 1669 508 1727 tatis
543 1677 775 1743 nostrae,
805 1667 964 1745 quod
1001 1675 1198 1726 tamen
1239 1674 1459 1726 certum
1502 1667 1580 1725 sit
1621 1675 1888 1744 respectu
1931 1667 2068 1728 fidei
2112 1669 2303 1730 cordis
2346 1671 2611 1749 regeniti,
2651 1693 2781 1750 quse

369 1767 490 1807 non
513 1748 720 1808 nititur
745 1748 960 1806 virtute
989 1765 1110 1821 sua,
1141 1745 1246 1806 sed
1285 1746 1753 1806 immutabilitate
1782 1746 2096 1824 electionis,
2126 1757 2187 1810 et
2228 1750 2637 1812 infallibilitate
2668 1754 2781 1813 Dei

370 1827 790 1905 promittentis3
833 1826 1042 1886 incerti
1067 1845 1268 1885 sumus
1293 1834 1561 1903 respectu
1587 1826 1787 1902 nostri,
1818 1826 1924 1886 sed
1960 1829 2102 1889 certi
2142 1849 2219 1889 ex
2258 1840 2422 1908 parte
2451 1832 2598 1908 Dei3
2645 1833 2779 1892 Cer-

367 1907 558 1967 titudo
585 1915 786 1966 nostra
809 1926 928 1965 non
957 1905 1221 1965 consistit
1255 1905 1318 1964 in
1345 1905 1741 1983 dispositionis
1776 1905 2005 1983 affectu,
2044 1909 2152 1968 sed
2190 1909 2407 1970 divinae
2448 1913 2651 1990 gratiae
2690 1913 2777 1972 in-

361 1985 604 2046 ·fallibili
631 1985 860 2045 effectu.

450 2066 667 2125 XVII.
710 2068 907 2125 Pavor
933 2074 992 2125 et
1013 2066 1197 2140 timor,
1221 2064 1322 2141 qui
1343 2064 1817 2124 commendantur
1836 2065 1899 2124 in
1922 2066 2237 2146 Scriptura,
2264 2069 2540 2130 Proverb.
2572 2071 2778 2131 xxviii.

375 2149 486 2222 143
539 2146 693 2205 Phil.
721 2143 783 2205 ii.
818 2149 926 2221 123
977 2147 1006 2202 1
1042 2144 1168 2204 Pet.
1197 2144 1236 2202 i.
1270 2147 1380 2220 1⁷3
1438 2143 1819 2203 Securitatem
1858 2154 2085 2206 tantum
2128 2149 2416 2208 carnalem
2456 2151 2777 2228 excutiunt,

365 2225 474 2284 sed
499 2225 903 2286 certitudinem
933 2224 1252 2284 Electionis
1277 2232 1338 2284 et
1363 2223 1813 2284 «iustificationis
1838 2244 1957 2284 non
1984 2235 2269 2304 evertunt,
2292 2237 2497 2288 notant
2524 2230 2779 2290 solicitu-

365 2305 564 2364 dinem
591 2306 664 2366 de
691 2305 915 2380 mediis,
945 2324 1052 2383 per
1075 2322 1206 2380 quse
1246 2303 1324 2362 ad
1349 2302 1521 2362 finem
1563 2304 1928 2381 perveniunt,
1958 2325 2076 2365 non
2115 2307 2502 2367 haesitantiam
2544 2308 2619 2369 de
2644 2309 2778 2387 fine,

363 2393 428 2444 et
453 2393 684 2462 eventu,
717 2386 818 2462 qui
847 2385 961 2444 Dei
987 2384 1192 2443 nititur
1217 2383 1468 2442 decretu.
1551 2383 1751 2442 Timor
1776 2391 1891 2460 est,
1914 2404 2032 2444 non
2060 2387 2305 2462 servilis,
2336 2387 2685 2465 diffidentiae,
2718 2399 2782 2449 et

362 2464 801 2542 desperationis,
831 2465 932 2542 qui
959 2464 1298 2524 charitatem
1327 2463 1585 2540 expellit,
1621 2466 1652 2522 1
1684 2463 1729 2523 J
1730 2484 1785 2524 ο.
1814 2465 1893 2524 iv.
1929 2467 2021 2541 18,
2050 2475 2111 2526 et
2137 2465 2365 2526 fiduciae.
2400 2467 2777 2546 adversatus-3

365 2545 472 2604 sed
497 2545 709 2622 filialis,
729 2544 1090 2621 humilitatis,
1109 2543 1467 2618 reverentiis,
1491 2551 1552 2602 et
1577 2543 1691 2623 pise
1708 2544 2131 2623 sollicitudinis,
2155 2545 2257 2625 qui
2284 2565 2415 2606 cum
2436 2547 2651 2607 fiducia
2676 2568 2781 2629 op·-

361 2626 504 2685 time
533 2627 814 2701 consistit,
846 2626 943 2686 Ps.
973 2625 1032 2684 ii.
1085 2626 1176 2701 11,
1209 2622 1362 2683 Phil.
1391 2623 1452 2682 ii.
1487 2625 1580 2699 12,
1611 2624 1717 2683 sed
1764 2627 2273 2705 praeumptionem
2316 2628 2678 2688 temerariam
2720 2640 2781 2691 et

363 2706 655 2766 carnalem
681 2706 945 2766 destruit.

447 2786 699 2845 XVIII.
743 2787 910 2845 Licet
937 2784 1014 2843 ad
1037 2794 1268 2861 tempus
1293 2781 1356 2842 in
1395 2782 1532 2842 filiis
1561 2783 1677 2842 Dei
1714 2783 1893 2861 sopiri
1933 2786 2133 2863 possit,
2164 2794 2225 2846 et
2266 2786 2547 2865 supprimi
2574 2806 2779 2853 sensus

359 2866 577 2925 amoris
601 2865 805 2941 divini,
836 2864 1029 2943 quoad
1067 2872 1264 2923 actum
1303 2862 1639 2939 secundum,
1672 2864 1797 2923 sive
1836 2864 1899 2923 in
1924 2864 2094 2925 malis
2120 2867 2325 2946 eulpae,
2356 2868 2481 2926 sive
2508 2868 2571 2925 in
2610 2868 2781 2929 malis

363 2963 568 3021 poenoe,
597 2953 665 3005 ut
691 2946 802 3023 ipsi
844 2942 1303 3005 dubitationibus
1331 2942 1512 3002 variis
1535 2952 1843 3003 vexentur.
1928 2944 2241 3023 Nunquam
2266 2954 2461 3007 tamen
2486 2949 2783 3009 excutitur

361 3024 560 3101 quoad
585 3033 778 3085 actum
805 3026 1070 3103 primum,
1101 3032 1161 3083 et
1188 3031 1346 3082 certo
1373 3022 1609 3082 tandem
1635 3043 1717 3082 ex
1740 3023 1861 3082 illis
1884 3026 2305 3087 tentationibus
2330 3027 2672 3104 eluctemur,
2702 3048 2781 3089 ex

369 3103 483 3161 Dei
507 3104 796 3181 eligentis,
825 3112 886 3165 et
913 3103 1189 3181 erigentis
1217 3102 1422 3179 gratia,
1451 3120 1569 3179 qua
1593 3102 1679 3178 fit,
1708 3112 1776 3163 ut
1802 3104 2009 3164 reddat
2034 3106 2153 3165 illis
2183 3106 2344 3167 Deus
2382 3106 2659 3184 gaudium
2686 3128 2778 3169 sa-

363 3182 506 3241 lutis
535 3203 672 3256 suae,
702 3191 764 3243 et
802 3183 976 3242 faciat
1001 3191 1070 3242 ut
1091 3182 1358 3241 exultent
1383 3202 1518 3241 ossa
1543 3182 1808 3258 contrita,
1843 3184 1939 3244 Ps.
1968 3186 2029 3245 li.
2061 3188 2117 3261 8,
2154 3188 2244 3245 12.
2330 3186 2479 3247 Nam
2520 3196 2589 3248 ut
2618 3189 2781 3249 Deus

363 3261 555 3321 fidelis
583 3271 688 3337 est,
712 3263 842 3322 vult
869 3262 1102 3340 quidem
1127 3261 1342 3320 tentari
1367 3260 1588 3336 fideles,
1619 3262 1725 3321 sed
1751 3281 1869 3321 non
1895 3265 2025 3323 vult
2052 3284 2153 3325 eos
2180 3266 2371 3343 vinci;
2398 3267 2619 3345 patitur
2639 3268 2777 3345 labi,

365 3341 471 3401 sed
497 3362 615 3401 non
641 3342 924 3420 permittit
943 3340 1146 3419 dejici3
1189 3340 1240 3398 si
1273 3340 1502 3416 judicat
1529 3341 1805 3417 expedite
1830 3362 1933 3402 eos
1958 3362 2373 3423 nonnunquam
2399 3347 2600 3423 premi,
2631 3364 2777 3406 nun·

361 3441 541 3560 quam
567 3431 762 3483 tamen
791 3422 919 3482 vult
961 3440 1062 3480 eos
1089 3418 1374 3498 opprimi;
1419 3418 1522 3478 sed
1565 3419 1816 3479 sustinet
1840 3430 1901 3481 et
1940 3423 2114 3501 erigit
2152 3425 2433 3499 labantes,
2464 3430 2503 3483 ⁴).
2534 3426 2667 3485 Cor.
2697 3427 2776 3486 iv.

415 3546 638 3641 'XIX
683 3581 962 3657 Quamvis
991 3579 1290 3641 certitudo
1335 3578 1556 3653 saluas,
1587 3598 1721 3655 quae
1760 3581 1944 3639 oritur
1982 3602 2059 3642 ex
2100 3591 2236 3642 actu
2272 3582 2495 3643 reflexo
2522 3584 2676 3661 fidoi,
2720 3594 2781 3646 et

361 3661 700 3739 cognitione
743 3660 1199 3739 experimentali,
1249 3678 1367 3717 non
1393 3658 1612 3717 nitatur
1653 3658 1985 3720 immediate
2034 3662 2147 3721 Dei
2174 3662 2392 3737 Verbo,
2423 3663 2582 3739 quod
2620 3663 2780 3724 dicat

365 3760 461 3800 me
489 3742 724 3801 credere
751 3750 809 3800 et
835 3742 1191 3819 resipiscere,
1221 3758 1341 3797 non
1367 3737 1580 3797 desinit
1605 3745 1805 3797 tamen
1830 3739 1893 3797 in
1918 3760 1989 3800 eo
2016 3741 2245 3801 fundari
2278 3741 2545 3817 mediate,
2576 3752 2776 3821 qnate—

362 3840 474 3880 nus
501 3820 648 3881 illud
675 3840 830 3880 verse
871 3820 1011 3880 fidei
1039 3830 1100 3881 et
1139 3817 1552 3896 resipiscentiae
1595 3826 1880 3894 naturam,
1924 3822 2321 3899 proprietates,
2352 3830 2413 3881 et
2442 3820 2650 3883 effecta
2674 3823 2775 3884 de·

361 3900 579 3975 scribit,
612 3921 688 3959 ex
716 3900 929 3979 quibus
956 3902 1261 3961 veritatem
1309 3896 1447 3956 fidei
1474 3905 1534 3956 et
1581 3897 1995 3975 resipiscentiae
2042 3910 2255 3961 nostrae
2296 3901 2465 3961 facile
2502 3902 2777 3981 colligere

359 3999 688 4057 possumus.
775 3980 948 4040 Unde
973 4000 1094 4039 non
1119 3980 1312 4039 minus
1341 3976 1631 4071 censenda
1656 3984 1749 4071 est
1774 3978 2059 4040 certitudo
2087 3980 2226 4041 fidei
2252 3982 2482 4075 diuinae,
2508 4001 2639 4060 quse
2658 4004 2777 4043 non

361 4057 2005 4218 ἔῗιῖ(ἕν’ἒιῖἷῗὲξέἳιἓῗὲἒὲἱὲεἶῗιὲηξῗιῗοῗρίἓωπ
1986 4060 2778 4218 ἶᾰθὲθῖιᾱέζέζὴίἱέἲῖῧὲ

361 4220 533 4279 nobis
559 4220 914 4298 producitur,
945 4220 1044 4281 ita·
1053 4238 1158 4299 per
1185 4216 1442 4297 ejusdem
1471 4218 1863 4295 operationem
1884 4220 2118 4281 videtur
2144 4230 2203 4281 et
2228 4221 2614 4299 cognoscitur.

442 4300 598 4360 XX.
647 4301 730 4361 Ut
757 4300 946 4360 fidelis
975 4302 1120 4361 sciat
1147 4299 1290 4379 quid
1315 4298 1390 4356 ab
1419 4306 1634 4357 aeterno
1665 4298 1737 4357 de
1767 4318 1828 4360 se
1860 4302 2022 4362 Deus
2050 4302 2388 4375 decreverit,
2418 4298 2517 4359 vel
2544 4302 2687 4379 quid
2714 4302 2778 4362 in

365 4388 646 4440 aeternum
675 4382 749 4439 ab
767 4382 895 4458 ipso
913 4400 1142 4459 sperare
1160 4380 1386 4453 debeat,
1407 4397 1522 4437 non
1545 4377 1720 4437 debet
1738 4388 1955 4441 temere
1982 4382 2043 4441 in
2070 4400 2281 4441 arcana
2297 4381 2411 4439 Dei
2426 4382 2777 4460 irrumpere;

361 4458 484 4519 Sed
509 4480 586 4519 ex
615 4460 948 4539 cognitione
975 4470 1161 4521 status
1188 4457 1507 4537 praesentis,
1538 4456 1709 4518 facile
1736 4470 1929 4537 potest
1952 4470 2014 4521 et
2038 4462 2391 4540 praeteritum
2432 4468 2493 4519 et
2518 4460 2777 4521 futurum

361 4540 658 4617 colligere.
743 4542 890 4600 Cum
916 4540 1072 4600 enim
1100 4541 1290 4619 gratia
1329 4538 1406 4597 sit
1433 4536 1733 4597 vinculum
1770 4540 2087 4617 electionis,
2118 4550 2179 4602 et
2215 4540 2667 4619 glorificationis,
2710 4550 2778 4600 ut

363 4618 522 4679 illius
549 4620 772 4681 fruetus
798 4621 1174 4697 necessarius,
1203 4628 1264 4680 et
1307 4616 1562 4677 medium
1599 4619 1678 4678 ad
1720 4619 1890 4679 istam
1935 4620 2272 4695 infallibile;
2316 4620 2580 4697 quisquis
2624 4640 2687 4679 se
2714 4622 2777 4681 iu

2250 4717 2295 4758 Y
