<?xml version="1.0" encoding="UTF-8"?>
<!DOCTYPE html PUBLIC "-//W3C//DTD XHTML 1.0 Transitional//EN"
    "http://www.w3.org/TR/xhtml1/DTD/xhtml1-transitional.dtd">
<html xmlns="http://www.w3.org/1999/xhtml" xml:lang="en" lang="en">
 <head>
  <title>
</title>
<meta http-equiv="Content-Type" content="text/html;charset=utf-8" />
  <meta name='ocr-system' content='tesseract 3.04.00' />
  <meta name='ocr-capabilities' content='ocr_page ocr_carea ocr_par ocr_line ocrx_word'/>
</head>
<body>
  <div class='ocr_page' id='page_1' title='image "./institutiotheol00turrgoog_0231.png"; bbox 0 0 3300 5225; ppageno 0'>
   <div class='ocr_carea' id='block_1_1' title="bbox 354 384 2762 467">
    <p class='ocr_par' dir='ltr' id='par_1_1' title="bbox 354 384 2762 467">
     <span class='ocr_line' id='line_1_1' title="bbox 354 384 2762 467; baseline -0.001 -20"><span class='ocrx_word' id='word_1_1' title='bbox 354 404 577 455; x_wconf 63' lang='lat' dir='ltr'><strong>Quaes&#39;r.</strong></span> <span class='ocrx_word' id='word_1_2' title='bbox 606 384 725 467; x_wconf 84' lang='lat' dir='ltr'><strong>1x.]</strong></span> <span class='ocrx_word' id='word_1_3' title='bbox 1288 406 1367 446; x_wconf 79' lang='lat' dir='ltr'><strong>nn</strong></span> <span class='ocrx_word' id='word_1_4' title='bbox 1396 406 1515 447; x_wconf 73' lang='lat' dir='ltr'><strong>nso</strong></span> <span class='ocrx_word' id='word_1_5' title='bbox 1544 406 1683 465; x_wconf 70' lang='lat' dir='ltr'><strong>use,</strong></span> <span class='ocrx_word' id='word_1_6' title='bbox 1713 408 1788 447; x_wconf 69' lang='grc' dir='ltr'><strong>ΕΤ</strong></span> <span class='ocrx_word' id='word_1_7' title='bbox 1815 407 2013 448; x_wconf 64' lang='lat' dir='ltr'><strong>nuuc.</strong></span> <span class='ocrx_word' id='word_1_8' title='bbox 2651 388 2762 445; x_wconf 80' lang='lat'><strong>179</strong></span> 
     </span>
    </p>
   </div>
   <div class='ocr_carea' id='block_1_2' title="bbox 320 542 2764 4774">
    <p class='ocr_par' dir='ltr' id='par_1_2' title="bbox 344 542 2764 1183">
     <span class='ocr_line' id='line_1_2' title="bbox 346 542 2764 625; baseline 0 -20"><span class='ocrx_word' id='word_1_9' title='bbox 346 545 533 625; x_wconf 79' lang='lat' dir='ltr'><strong>possit</strong></span> <span class='ocrx_word' id='word_1_10' title='bbox 558 542 882 620; x_wconf 68' lang='lat' dir='ltr'><strong>instantiae,</strong></span> <span class='ocrx_word' id='word_1_11' title='bbox 926 563 1105 622; x_wconf 91' lang='lat' dir='ltr'><strong>quum</strong></span> <span class='ocrx_word' id='word_1_12' title='bbox 1132 543 1209 603; x_wconf 92' lang='lat' dir='ltr'><strong>ad</strong></span> <span class='ocrx_word' id='word_1_13' title='bbox 1235 544 1438 604; x_wconf 85' lang='lat' dir='ltr'><strong>vivum</strong></span> <span class='ocrx_word' id='word_1_14' title='bbox 1477 554 1786 623; x_wconf 73' lang='lat' dir='ltr'><strong>resecatur,</strong></span> <span class='ocrx_word' id='word_1_15' title='bbox 1817 553 1877 607; x_wconf 92' lang='lat' dir='ltr'><strong>et</strong></span> <span class='ocrx_word' id='word_1_16' title='bbox 1901 551 1958 605; x_wconf 68' lang='grc' dir='ltr'><strong>τὶ</strong></span> <span class='ocrx_word' id='word_1_17' title='bbox 1983 549 2204 624; x_wconf 80' lang='lat' dir='ltr'><strong>replere</strong></span> <span class='ocrx_word' id='word_1_18' title='bbox 2243 545 2511 605; x_wconf 81' lang='lat' dir='ltr'><strong>videatur</strong></span> <span class='ocrx_word' id='word_1_19' title='bbox 2535 544 2764 622; x_wconf 84' lang='lat' dir='ltr'><strong>proprie</strong></span> 
     </span>
     <span class='ocr_line' id='line_1_3' title="bbox 346 624 2762 704; baseline -0.001 -19"><span class='ocrx_word' id='word_1_20' title='bbox 346 626 635 704; x_wconf 82' lang='lat' dir='ltr'><strong>pertinere</strong></span> <span class='ocrx_word' id='word_1_21' title='bbox 663 624 740 682; x_wconf 89' lang='lat' dir='ltr'><strong>ad</strong></span> <span class='ocrx_word' id='word_1_22' title='bbox 766 644 977 701; x_wconf 87' lang='lat' dir='ltr'><strong>corpus</strong></span> <span class='ocrx_word' id='word_1_23' title='bbox 1004 644 1293 703; x_wconf 87' lang='lat' dir='ltr'><strong>occupans</strong></span> <span class='ocrx_word' id='word_1_24' title='bbox 1317 626 1511 685; x_wconf 89' lang='lat' dir='ltr'><strong>locum</strong></span> <span class='ocrx_word' id='word_1_25' title='bbox 1536 646 1639 703; x_wconf 85' lang='lat' dir='ltr'><strong>per</strong></span> <span class='ocrx_word' id='word_1_26' title='bbox 1669 626 1760 685; x_wconf 89' lang='lat' dir='ltr'><strong>sui</strong></span> <span class='ocrx_word' id='word_1_27' title='bbox 1777 627 2173 686; x_wconf 85' lang='lat' dir='ltr'><strong>extensionem</strong></span> <span class='ocrx_word' id='word_1_28' title='bbox 2195 648 2211 701; x_wconf 77' lang='lat'><em>3</em></span> <span class='ocrx_word' id='word_1_29' title='bbox 2255 646 2388 685; x_wconf 86' lang='lat' dir='ltr'><strong>cum</strong></span> <span class='ocrx_word' id='word_1_30' title='bbox 2413 633 2607 683; x_wconf 87' lang='lat' dir='ltr'><strong>tamen</strong></span> <span class='ocrx_word' id='word_1_31' title='bbox 2626 624 2762 683; x_wconf 85' lang='lat' dir='ltr'><strong>hac-</strong></span> 
     </span>
     <span class='ocr_line' id='line_1_4' title="bbox 346 704 2761 784; baseline -0.002 -19"><span class='ocrx_word' id='word_1_32' title='bbox 346 714 518 765; x_wconf 86' lang='lat' dir='ltr'><strong>tenus</strong></span> <span class='ocrx_word' id='word_1_33' title='bbox 544 704 723 783; x_wconf 85' lang='lat' dir='ltr'><strong>longo</strong></span> <span class='ocrx_word' id='word_1_34' title='bbox 752 722 863 763; x_wconf 86' lang='lat' dir='ltr'><strong>usu</strong></span> <span class='ocrx_word' id='word_1_35' title='bbox 890 712 1122 781; x_wconf 86' lang='lat' dir='ltr'><strong>recepta</strong></span> <span class='ocrx_word' id='word_1_36' title='bbox 1146 704 1321 764; x_wconf 83' lang='lat' dir='ltr'><strong>fuerit</strong></span> <span class='ocrx_word' id='word_1_37' title='bbox 1344 705 1497 765; x_wconf 90' lang='lat' dir='ltr'><strong>inter</strong></span> <span class='ocrx_word' id='word_1_38' title='bbox 1525 705 1911 784; x_wconf 86' lang='lat' dir='ltr'><strong>Philosophos</strong></span> <span class='ocrx_word' id='word_1_39' title='bbox 1939 714 1998 765; x_wconf 87' lang='lat' dir='ltr'><strong>et</strong></span> <span class='ocrx_word' id='word_1_40' title='bbox 2037 706 2384 783; x_wconf 73' lang='lat' dir='ltr'><strong>TheologoS,</strong></span> <span class='ocrx_word' id='word_1_41' title='bbox 2415 713 2475 763; x_wconf 88' lang='lat' dir='ltr'><strong>et</strong></span> <span class='ocrx_word' id='word_1_42' title='bbox 2511 722 2761 763; x_wconf 88' lang='lat' dir='ltr'><strong>commo-</strong></span> 
     </span>
     <span class='ocr_line' id='line_1_5' title="bbox 345 782 2764 878; baseline -0.001 -35"><span class='ocrx_word' id='word_1_43' title='bbox 345 784 486 844; x_wconf 88' lang='lat' dir='ltr'><strong>dum</strong></span> <span class='ocrx_word' id='word_1_44' title='bbox 525 784 711 861; x_wconf 85' lang='lat' dir='ltr'><strong>possit</strong></span> <span class='ocrx_word' id='word_1_45' title='bbox 738 782 997 843; x_wconf 88' lang='lat' dir='ltr'><strong>obtinere</strong></span> <span class='ocrx_word' id='word_1_46' title='bbox 1026 802 1275 861; x_wconf 86' lang='lat' dir='ltr'><strong>sensum,</strong></span> <span class='ocrx_word' id='word_1_47' title='bbox 1306 804 1382 843; x_wconf 84' lang='lat' dir='ltr'><strong>ex</strong></span> <span class='ocrx_word' id='word_1_48' title='bbox 1409 793 1601 844; x_wconf 88' lang='lat' dir='ltr'><strong>mente</strong></span> <span class='ocrx_word' id='word_1_49' title='bbox 1628 785 1812 878; x_wconf 83' lang='lat' dir='ltr'><strong>ipsius</strong></span> <span class='ocrx_word' id='word_1_50' title='bbox 1844 785 2092 863; x_wconf 79' lang='lat' dir='ltr'><strong>Spiritus</strong></span> <span class='ocrx_word' id='word_1_51' title='bbox 2131 785 2344 861; x_wconf 78' lang='lat' dir='ltr'><strong>Sancti,</strong></span> <span class='ocrx_word' id='word_1_52' title='bbox 2375 784 2478 862; x_wconf 88' lang='lat' dir='ltr'><strong>qui</strong></span> <span class='ocrx_word' id='word_1_53' title='bbox 2517 791 2764 844; x_wconf 83' lang='lat' dir='ltr'><strong>testatur</strong></span> 
     </span>
     <span class='ocr_line' id='line_1_6' title="bbox 344 863 2762 941; baseline -0.001 -19"><span class='ocrx_word' id='word_1_54' title='bbox 344 866 536 923; x_wconf 80' lang='lat' dir='ltr'><strong>Deum</strong></span> <span class='ocrx_word' id='word_1_55' title='bbox 562 864 795 940; x_wconf 74' lang='lat' dir='ltr'><strong>implere</strong></span> <span class='ocrx_word' id='word_1_56' title='bbox 820 866 1016 921; x_wconf 78' lang='lat' dir='ltr'><strong>coelum</strong></span> <span class='ocrx_word' id='word_1_57' title='bbox 1041 873 1098 922; x_wconf 79' lang='lat' dir='ltr'><strong>et</strong></span> <span class='ocrx_word' id='word_1_58' title='bbox 1120 872 1352 941; x_wconf 76' lang='lat' dir='ltr'><strong>terram,</strong></span> <span class='ocrx_word' id='word_1_59' title='bbox 1383 866 1428 925; x_wconf 85' lang='lat' dir='ltr'><strong>J</strong></span> <span class='ocrx_word' id='word_1_60' title='bbox 1430 884 1509 924; x_wconf 85' lang='lat' dir='ltr'><strong>er.</strong></span> <span class='ocrx_word' id='word_1_61' title='bbox 1540 864 1833 941; x_wconf 76' lang='lat' dir='ltr'><strong>xxi1i.24,</strong></span> <span class='ocrx_word' id='word_1_62' title='bbox 1864 884 1982 924; x_wconf 89' lang='lat' dir='ltr'><strong>non</strong></span> <span class='ocrx_word' id='word_1_63' title='bbox 2009 864 2242 925; x_wconf 86' lang='lat' dir='ltr'><strong>videtur</strong></span> <span class='ocrx_word' id='word_1_64' title='bbox 2261 873 2476 925; x_wconf 86' lang='lat' dir='ltr'><strong>temere</strong></span> <span class='ocrx_word' id='word_1_65' title='bbox 2495 863 2762 941; x_wconf 87' lang='lat' dir='ltr'><strong>rejicien-</strong></span> 
     </span>
     <span class='ocr_line' id='line_1_7' title="bbox 344 942 2760 1023; baseline -0.001 -20"><span class='ocrx_word' id='word_1_66' title='bbox 344 943 439 1019; x_wconf 84' lang='lat' dir='ltr'><strong>da,</strong></span> <span class='ocrx_word' id='word_1_67' title='bbox 470 944 521 1003; x_wconf 86' lang='lat' dir='ltr'><strong>si</strong></span> <span class='ocrx_word' id='word_1_68' title='bbox 546 942 753 1002; x_wconf 88' lang='lat' dir='ltr'><strong>dextre</strong></span> <span class='ocrx_word' id='word_1_69' title='bbox 780 942 1103 1021; x_wconf 78' lang='lat' dir='ltr'><strong>explicetur</strong></span> <span class='ocrx_word' id='word_1_70' title='bbox 1128 952 1188 1004; x_wconf 88' lang='lat' dir='ltr'><strong>et</strong></span> <span class='ocrx_word' id='word_1_71' title='bbox 1214 963 1357 1003; x_wconf 85' lang='lat' dir='ltr'><strong>sano</strong></span> <span class='ocrx_word' id='word_1_72' title='bbox 1398 962 1579 1004; x_wconf 88' lang='lat' dir='ltr'><strong>sensu·</strong></span> <span class='ocrx_word' id='word_1_73' title='bbox 1610 945 1986 1023; x_wconf 75' lang='lat' dir='ltr'><strong>intelligatur,</strong></span> <span class='ocrx_word' id='word_1_74' title='bbox 2029 946 2282 1003; x_wconf 86' lang='lat' dir='ltr'><strong>maxime</strong></span> <span class='ocrx_word' id='word_1_75' title='bbox 2310 964 2442 1004; x_wconf 91' lang='lat' dir='ltr'><strong>cum</strong></span> <span class='ocrx_word' id='word_1_76' title='bbox 2484 943 2760 1002; x_wconf 85' lang='lat' dir='ltr'><strong>destitua-</strong></span> 
     </span>
     <span class='ocr_line' id='line_1_8' title="bbox 344 1021 2762 1102; baseline 0 -21"><span class='ocrx_word' id='word_1_77' title='bbox 344 1043 475 1082; x_wconf 85' lang='lat' dir='ltr'><strong>mur</strong></span> <span class='ocrx_word' id='word_1_78' title='bbox 498 1021 763 1082; x_wconf 86' lang='lat' dir='ltr'><strong>terminis</strong></span> <span class='ocrx_word' id='word_1_79' title='bbox 788 1022 1035 1099; x_wconf 86' lang='lat' dir='ltr'><strong>propriis</strong></span> <span class='ocrx_word' id='word_1_80' title='bbox 1064 1031 1123 1082; x_wconf 88' lang='lat' dir='ltr'><strong>et</strong></span> <span class='ocrx_word' id='word_1_81' title='bbox 1150 1022 1433 1083; x_wconf 87' lang='lat' dir='ltr'><strong>accuratis</strong></span> <span class='ocrx_word' id='word_1_82' title='bbox 1472 1023 1686 1101; x_wconf 87' lang='lat' dir='ltr'><strong>quibus</strong></span> <span class='ocrx_word' id='word_1_83' title='bbox 1715 1024 1828 1083; x_wconf 90' lang='lat' dir='ltr'><strong>Dei</strong></span> <span class='ocrx_word' id='word_1_84' title='bbox 1867 1024 2250 1102; x_wconf 75' lang='lat' dir='ltr'><strong>ubiquitatem</strong></span> <span class='ocrx_word' id='word_1_85' title='bbox 2281 1022 2657 1101; x_wconf 81' lang='lat' dir='ltr'><strong>explicemus,</strong></span> <span class='ocrx_word' id='word_1_86' title='bbox 2699 1029 2762 1082; x_wconf 87' lang='lat' dir='ltr'><strong>et</strong></span> 
     </span>
     <span class='ocr_line' id='line_1_9' title="bbox 344 1102 2424 1183; baseline 0 -21"><span class='ocrx_word' id='word_1_87' title='bbox 344 1122 620 1181; x_wconf 88' lang='lat' dir='ltr'><strong>cogamur</strong></span> <span class='ocrx_word' id='word_1_88' title='bbox 644 1102 741 1160; x_wconf 88' lang='lat' dir='ltr'><strong>hic</strong></span> <span class='ocrx_word' id='word_1_89' title='bbox 767 1102 854 1160; x_wconf 86' lang='lat' dir='ltr'><strong>uti</strong></span> <span class='ocrx_word' id='word_1_90' title='bbox 878 1102 1187 1179; x_wconf 79' lang='lat' dir='ltr'><strong>phrasibus</strong></span> <span class='ocrx_word' id='word_1_91' title='bbox 1215 1122 1251 1161; x_wconf 93' lang='lat' dir='ltr'><strong>a</strong></span> <span class='ocrx_word' id='word_1_92' title='bbox 1276 1103 1449 1163; x_wconf 86' lang='lat' dir='ltr'><strong>rebus</strong></span> <span class='ocrx_word' id='word_1_93' title='bbox 1474 1103 1656 1163; x_wconf 88' lang='lat' dir='ltr'><strong>finitis</strong></span> <span class='ocrx_word' id='word_1_94' title='bbox 1683 1110 1744 1163; x_wconf 91' lang='lat' dir='ltr'><strong>et</strong></span> <span class='ocrx_word' id='word_1_95' title='bbox 1769 1106 2058 1181; x_wconf 85' lang='lat' dir='ltr'><strong>corporeis</strong></span> <span class='ocrx_word' id='word_1_96' title='bbox 2086 1104 2424 1183; x_wconf 86' lang='lat' dir='ltr'><strong>desumptis.</strong></span> 
     </span>
    </p>

    <p class='ocr_par' dir='ltr' id='par_1_3' title="bbox 336 1180 2756 1979">
     <span class='ocr_line' id='line_1_10' title="bbox 426 1180 2756 1262; baseline 0 -21"><span class='ocrx_word' id='word_1_97' title='bbox 426 1183 537 1241; x_wconf 91' lang='lat' dir='ltr'><strong>VI.</strong></span> <span class='ocrx_word' id='word_1_98' title='bbox 583 1181 678 1241; x_wconf 89' lang='lat' dir='ltr'><strong>Ita</strong></span> <span class='ocrx_word' id='word_1_99' title='bbox 704 1200 845 1259; x_wconf 87' lang='lat' dir='ltr'><strong>ergo</strong></span> <span class='ocrx_word' id='word_1_100' title='bbox 888 1180 1051 1241; x_wconf 89' lang='lat' dir='ltr'><strong>Deus</strong></span> <span class='ocrx_word' id='word_1_101' title='bbox 1092 1182 1304 1242; x_wconf 87' lang='lat' dir='ltr'><strong>dicitur</strong></span> <span class='ocrx_word' id='word_1_102' title='bbox 1342 1202 1469 1242; x_wconf 89' lang='lat' dir='ltr'><strong>esse</strong></span> <span class='ocrx_word' id='word_1_103' title='bbox 1512 1183 1793 1261; x_wconf 87' lang='lat' dir='ltr'><strong>repletive</strong></span> <span class='ocrx_word' id='word_1_104' title='bbox 1819 1184 2054 1261; x_wconf 89' lang='lat' dir='ltr'><strong>ubique,</strong></span> <span class='ocrx_word' id='word_1_105' title='bbox 2094 1194 2330 1262; x_wconf 80' lang='lat' dir='ltr'><strong>propter</strong></span> <span class='ocrx_word' id='word_1_106' title='bbox 2356 1182 2622 1243; x_wconf 82' lang='lat' dir='ltr'><strong>essentiae</strong></span> <span class='ocrx_word' id='word_1_107' title='bbox 2648 1182 2756 1241; x_wconf 88' lang='lat' dir='ltr'><strong>im-</strong></span> 
     </span>
     <span class='ocr_line' id='line_1_11' title="bbox 340 1260 2755 1340; baseline -0 -19"><span class='ocrx_word' id='word_1_108' title='bbox 340 1262 724 1337; x_wconf 82' lang='lat' dir='ltr'><strong>mensitatem,</strong></span> <span class='ocrx_word' id='word_1_109' title='bbox 754 1269 821 1320; x_wconf 91' lang='lat' dir='ltr'><strong>ut</strong></span> <span class='ocrx_word' id='word_1_110' title='bbox 845 1261 957 1321; x_wconf 83' lang='lat' dir='ltr'><strong>hoc</strong></span> <span class='ocrx_word' id='word_1_111' title='bbox 984 1260 1345 1340; x_wconf 81' lang='lat' dir='ltr'><strong>intelligatur</strong></span> <span class='ocrx_word' id='word_1_112' title='bbox 1370 1262 1764 1322; x_wconf 80' lang='lat' dir='ltr'><strong>diversissime</strong></span> <span class='ocrx_word' id='word_1_113' title='bbox 1791 1282 1826 1321; x_wconf 91' lang='lat' dir='ltr'><strong>a</strong></span> <span class='ocrx_word' id='word_1_114' title='bbox 1850 1264 2024 1323; x_wconf 89' lang='lat' dir='ltr'><strong>modo</strong></span> <span class='ocrx_word' id='word_1_115' title='bbox 2053 1264 2284 1324; x_wconf 83' lang='lat' dir='ltr'><strong>essendi</strong></span> <span class='ocrx_word' id='word_1_116' title='bbox 2309 1264 2372 1322; x_wconf 87' lang='lat' dir='ltr'><strong>in</strong></span> <span class='ocrx_word' id='word_1_117' title='bbox 2397 1264 2527 1321; x_wconf 80' lang='lat' dir='ltr'><strong>loco</strong></span> <span class='ocrx_word' id='word_1_118' title='bbox 2555 1282 2755 1338; x_wconf 89' lang='lat' dir='ltr'><strong>corpo·</strong></span> 
     </span>
     <span class='ocr_line' id='line_1_12' title="bbox 341 1340 2754 1421; baseline 0 -20"><span class='ocrx_word' id='word_1_119' title='bbox 341 1362 487 1417; x_wconf 88' lang='lat' dir='ltr'><strong>rum,</strong></span> <span class='ocrx_word' id='word_1_120' title='bbox 517 1341 597 1400; x_wconf 90' lang='lat' dir='ltr'><strong>id.</strong></span> <span class='ocrx_word' id='word_1_121' title='bbox 628 1341 774 1399; x_wconf 86' lang='lat' dir='ltr'><strong>citra</strong></span> <span class='ocrx_word' id='word_1_122' title='bbox 799 1340 971 1418; x_wconf 90' lang='lat' dir='ltr'><strong>spatii</strong></span> <span class='ocrx_word' id='word_1_123' title='bbox 1010 1342 1462 1420; x_wconf 74' lang='lat' dir='ltr'><strong>occupationem,</strong></span> <span class='ocrx_word' id='word_1_124' title='bbox 1507 1353 1567 1402; x_wconf 89' lang='lat' dir='ltr'><strong>et</strong></span> <span class='ocrx_word' id='word_1_125' title='bbox 1606 1342 1700 1401; x_wconf 87' lang='lat' dir='ltr'><strong>sui</strong></span> <span class='ocrx_word' id='word_1_126' title='bbox 1737 1342 2292 1421; x_wconf 74' lang='lat' dir='ltr'><strong>multiplicationem,</strong></span> <span class='ocrx_word' id='word_1_127' title='bbox 2337 1341 2754 1416; x_wconf 79' lang='lat' dir='ltr'><strong>extensionem,</strong></span> 
     </span>
     <span class='ocr_line' id='line_1_13' title="bbox 342 1420 2754 1499; baseline -0 -19"><span class='ocrx_word' id='word_1_128' title='bbox 342 1421 708 1495; x_wconf 82' lang='lat' dir='ltr'><strong>divisionem,</strong></span> <span class='ocrx_word' id='word_1_129' title='bbox 737 1420 835 1479; x_wconf 81' lang='lat' dir='ltr'><strong>vel</strong></span> <span class='ocrx_word' id='word_1_130' title='bbox 862 1439 995 1479; x_wconf 90' lang='lat' dir='ltr'><strong>cum</strong></span> <span class='ocrx_word' id='word_1_131' title='bbox 1022 1420 1153 1479; x_wconf 86' lang='lat' dir='ltr'><strong>aliis</strong></span> <span class='ocrx_word' id='word_1_132' title='bbox 1179 1421 1353 1481; x_wconf 87' lang='lat' dir='ltr'><strong>rebus</strong></span> <span class='ocrx_word' id='word_1_133' title='bbox 1380 1421 1867 1499; x_wconf 83' lang='lat' dir='ltr'><strong>commixtionem,</strong></span> <span class='ocrx_word' id='word_1_134' title='bbox 1899 1422 2003 1482; x_wconf 86' lang='lat' dir='ltr'><strong>sed</strong></span> <span class='ocrx_word' id='word_1_135' title='bbox 2029 1423 2334 1483; x_wconf 80' lang='lat' dir='ltr'><strong>illocaliter</strong></span> <span class='ocrx_word' id='word_1_136' title='bbox 2360 1428 2420 1481; x_wconf 87' lang='lat' dir='ltr'><strong>et</strong></span> <span class='ocrx_word' id='word_1_137' title='bbox 2435 1420 2754 1499; x_wconf 88' lang='lat' dir='ltr'><strong>impartibi-</strong></span> 
     </span>
     <span class='ocr_line' id='line_1_14' title="bbox 338 1499 2754 1579; baseline 0 -20"><span class='ocrx_word' id='word_1_138' title='bbox 338 1500 505 1577; x_wconf 80' lang='lat' dir='ltr'><strong>liter3</strong></span> <span class='ocrx_word' id='word_1_139' title='bbox 549 1500 687 1577; x_wconf 91' lang='lat' dir='ltr'><strong>quia</strong></span> <span class='ocrx_word' id='word_1_140' title='bbox 710 1499 1039 1577; x_wconf 89' lang='lat' dir='ltr'><strong>ubicunque</strong></span> <span class='ocrx_word' id='word_1_141' title='bbox 1068 1508 1173 1577; x_wconf 87' lang='lat' dir='ltr'><strong>est,</strong></span> <span class='ocrx_word' id='word_1_142' title='bbox 1218 1510 1375 1561; x_wconf 89' lang='lat' dir='ltr'><strong>totus</strong></span> <span class='ocrx_word' id='word_1_143' title='bbox 1402 1510 1507 1576; x_wconf 87' lang='lat' dir='ltr'><strong>est,</strong></span> <span class='ocrx_word' id='word_1_144' title='bbox 1538 1509 1696 1561; x_wconf 87' lang='lat' dir='ltr'><strong>totus</strong></span> <span class='ocrx_word' id='word_1_145' title='bbox 1736 1504 1798 1561; x_wconf 89' lang='lat' dir='ltr'><strong>in</strong></span> <span class='ocrx_word' id='word_1_146' title='bbox 1839 1503 2124 1579; x_wconf 84' lang='lat' dir='ltr'><strong>omnibus,</strong></span> <span class='ocrx_word' id='word_1_147' title='bbox 2152 1511 2312 1563; x_wconf 86' lang='lat' dir='ltr'><strong>totus</strong></span> <span class='ocrx_word' id='word_1_148' title='bbox 2337 1510 2506 1561; x_wconf 84' lang='lat' dir='ltr'><strong>extra</strong></span> <span class='ocrx_word' id='word_1_149' title='bbox 2542 1499 2754 1576; x_wconf 88' lang='lat' dir='ltr'><strong>omnia,</strong></span> 
     </span>
     <span class='ocr_line' id='line_1_15' title="bbox 338 1578 2754 1661; baseline -0 -23"><span class='ocrx_word' id='word_1_150' title='bbox 338 1580 501 1640; x_wconf 90' lang='lat' dir='ltr'><strong>nullo</strong></span> <span class='ocrx_word' id='word_1_151' title='bbox 526 1580 657 1639; x_wconf 91' lang='lat' dir='ltr'><strong>loco</strong></span> <span class='ocrx_word' id='word_1_152' title='bbox 684 1578 959 1654; x_wconf 88' lang='lat' dir='ltr'><strong>inclusus,</strong></span> <span class='ocrx_word' id='word_1_153' title='bbox 989 1580 1151 1639; x_wconf 88' lang='lat' dir='ltr'><strong>nullo</strong></span> <span class='ocrx_word' id='word_1_154' title='bbox 1180 1580 1353 1639; x_wconf 84' lang='lat' dir='ltr'><strong>etiam</strong></span> <span class='ocrx_word' id='word_1_155' title='bbox 1381 1581 1670 1657; x_wconf 86' lang='lat' dir='ltr'><strong>exclusus,</strong></span> <span class='ocrx_word' id='word_1_156' title='bbox 1701 1601 1809 1642; x_wconf 86' lang='lat' dir='ltr'><strong>nec</strong></span> <span class='ocrx_word' id='word_1_157' title='bbox 1835 1590 1954 1643; x_wconf 88' lang='lat' dir='ltr'><strong>tam</strong></span> <span class='ocrx_word' id='word_1_158' title='bbox 1981 1583 2044 1640; x_wconf 92' lang='lat' dir='ltr'><strong>in</strong></span> <span class='ocrx_word' id='word_1_159' title='bbox 2069 1584 2216 1658; x_wconf 92' lang='lat' dir='ltr'><strong>loco,</strong></span> <span class='ocrx_word' id='word_1_160' title='bbox 2237 1582 2374 1661; x_wconf 85' lang='lat' dir='ltr'><strong>quia</strong></span> <span class='ocrx_word' id='word_1_161' title='bbox 2387 1581 2615 1641; x_wconf 87' lang='lat' dir='ltr'><strong>finitum</strong></span> <span class='ocrx_word' id='word_1_162' title='bbox 2635 1600 2754 1639; x_wconf 89' lang='lat' dir='ltr'><strong>non</strong></span> 
     </span>
     <span class='ocr_line' id='line_1_16' title="bbox 336 1658 2756 1739; baseline 0 -20"><span class='ocrx_word' id='word_1_163' title='bbox 336 1661 495 1738; x_wconf 84' lang='lat' dir='ltr'><strong>capit</strong></span> <span class='ocrx_word' id='word_1_164' title='bbox 516 1658 824 1734; x_wconf 83' lang='lat' dir='ltr'><strong>infinitum,</strong></span> <span class='ocrx_word' id='word_1_165' title='bbox 855 1678 1029 1735; x_wconf 89' lang='lat' dir='ltr'><strong>quam</strong></span> <span class='ocrx_word' id='word_1_166' title='bbox 1056 1660 1118 1717; x_wconf 89' lang='lat' dir='ltr'><strong>in</strong></span> <span class='ocrx_word' id='word_1_167' title='bbox 1159 1660 1367 1737; x_wconf 87' lang='lat' dir='ltr'><strong>seips0,</strong></span> <span class='ocrx_word' id='word_1_168' title='bbox 1398 1680 1512 1738; x_wconf 90' lang='lat' dir='ltr'><strong>quo</strong></span> <span class='ocrx_word' id='word_1_169' title='bbox 1552 1661 1804 1739; x_wconf 87' lang='lat' dir='ltr'><strong>pertinet</strong></span> <span class='ocrx_word' id='word_1_170' title='bbox 1829 1662 1988 1739; x_wconf 86' lang='lat' dir='ltr'><strong>quod</strong></span> <span class='ocrx_word' id='word_1_171' title='bbox 2031 1662 2286 1722; x_wconf 84' lang='lat' dir='ltr'><strong>Rabbini</strong></span> <span class='ocrx_word' id='word_1_172' title='bbox 2315 1663 2506 1722; x_wconf 87' lang='lat' dir='ltr'><strong>Deum</strong></span> <span class='ocrx_word' id='word_1_173' title='bbox 2538 1667 2756 1719; x_wconf 82' lang='lat' dir='ltr'><strong>vocant</strong></span> 
     </span>
     <span class='ocr_line' id='line_1_17' title="bbox 336 1738 2754 1820; baseline 0.001 -23"><span class='ocrx_word' id='word_1_174' title='bbox 336 1758 487 1815; x_wconf 57' lang='lat' dir='ltr'><strong>:spu</strong></span> <span class='ocrx_word' id='word_1_175' title='bbox 530 1742 727 1815; x_wconf 79' lang='lat' dir='ltr'><strong>locum,</strong></span> <span class='ocrx_word' id='word_1_176' title='bbox 773 1738 912 1816; x_wconf 87' lang='lat' dir='ltr'><strong>quia</strong></span> <span class='ocrx_word' id='word_1_177' title='bbox 955 1738 1117 1798; x_wconf 88' lang='lat' dir='ltr'><strong>Deus</strong></span> <span class='ocrx_word' id='word_1_178' title='bbox 1156 1758 1275 1798; x_wconf 89' lang='lat' dir='ltr'><strong>non</strong></span> <span class='ocrx_word' id='word_1_179' title='bbox 1314 1748 1433 1799; x_wconf 89' lang='lat' dir='ltr'><strong>tam</strong></span> <span class='ocrx_word' id='word_1_180' title='bbox 1458 1739 1589 1800; x_wconf 90' lang='lat' dir='ltr'><strong>loco</strong></span> <span class='ocrx_word' id='word_1_181' title='bbox 1630 1742 1973 1818; x_wconf 87' lang='lat' dir='ltr'><strong>continetur,</strong></span> <span class='ocrx_word' id='word_1_182' title='bbox 2017 1761 2193 1820; x_wconf 89' lang='lat' dir='ltr'><strong>quam</strong></span> <span class='ocrx_word' id='word_1_183' title='bbox 2233 1742 2426 1802; x_wconf 88' lang='lat' dir='ltr'><strong>omnia</strong></span> <span class='ocrx_word' id='word_1_184' title='bbox 2461 1740 2526 1799; x_wconf 90' lang='lat' dir='ltr'><strong>in</strong></span> <span class='ocrx_word' id='word_1_185' title='bbox 2561 1740 2754 1817; x_wconf 89' lang='lat' dir='ltr'><strong>seipso</strong></span> 
     </span>
     <span class='ocr_line' id='line_1_18' title="bbox 336 1816 2754 1898; baseline 0.001 -23"><span class='ocrx_word' id='word_1_186' title='bbox 336 1816 611 1895; x_wconf 88' lang='lat' dir='ltr'><strong>continet,</strong></span> <span class='ocrx_word' id='word_1_187' title='bbox 632 1828 691 1878; x_wconf 91' lang='lat' dir='ltr'><strong>et</strong></span> <span class='ocrx_word' id='word_1_188' title='bbox 718 1816 875 1896; x_wconf 91' lang='lat' dir='ltr'><strong>quod</strong></span> <span class='ocrx_word' id='word_1_189' title='bbox 901 1818 1283 1896; x_wconf 86' lang='lat' dir='ltr'><strong>Theophylus</strong></span> <span class='ocrx_word' id='word_1_190' title='bbox 1309 1819 1386 1877; x_wconf 87' lang='lat' dir='ltr'><strong>ad</strong></span> <span class='ocrx_word' id='word_1_191' title='bbox 1414 1820 1792 1898; x_wconf 86' lang='lat' dir='ltr'><strong>Autolycum,</strong></span> <span class='ocrx_word' id='word_1_192' title='bbox 1810 1822 1912 1881; x_wconf 90' lang='lat' dir='ltr'><strong>lib.</strong></span> <span class='ocrx_word' id='word_1_193' title='bbox 1943 1822 1980 1881; x_wconf 92' lang='lat' dir='ltr'><strong>i.</strong></span> <span class='ocrx_word' id='word_1_194' title='bbox 2010 1822 2108 1898; x_wconf 86' lang='lat' dir='ltr'><strong>ait,</strong></span> <span class='ocrx_word' id='word_1_195' title='bbox 2139 1825 2164 1880; x_wconf 75' lang='grc' dir='ltr'>ὅ</span> <span class='ocrx_word' id='word_1_196' title='bbox 2193 1826 2316 1888; x_wconf 68' lang='grc' dir='ltr'><strong>Θαὶς</strong></span> <span class='ocrx_word' id='word_1_197' title='bbox 2355 1820 2503 1887; x_wconf 63' lang='grc' dir='ltr'><strong>τίκ-ἇς</strong></span> <span class='ocrx_word' id='word_1_198' title='bbox 2529 1820 2634 1879; x_wconf 70' lang='grc' dir='ltr'><strong>ἔστι</strong></span> <span class='ocrx_word' id='word_1_199' title='bbox 2659 1824 2754 1879; x_wconf 59' lang='lat' dir='ltr'><strong>riv</strong></span> 
     </span>
     <span class='ocr_line' id='line_1_19' title="bbox 336 1894 2523 1979; baseline 0.004 -25"><span class='ocrx_word' id='word_1_200' title='bbox 336 1894 475 1971; x_wconf 65' lang='grc' dir='ltr'><strong>ἕλω,</strong></span> <span class='ocrx_word' id='word_1_201' title='bbox 505 1903 597 1958; x_wconf 67' lang='grc' dir='ltr'><strong>καὶ</strong></span> <span class='ocrx_word' id='word_1_202' title='bbox 624 1901 786 1975; x_wconf 57' lang='lat' dir='ltr'><strong>iam?</strong></span> <span class='ocrx_word' id='word_1_203' title='bbox 808 1897 958 1963; x_wconf 64' lang='grc' dir='ltr'><strong>σόοι-ὅς</strong></span> <span class='ocrx_word' id='word_1_204' title='bbox 984 1900 1105 1973; x_wconf 73' lang='grc' dir='ltr'><strong><em>ἐστι,</em></strong></span> <span class='ocrx_word' id='word_1_205' title='bbox 1136 1900 1297 1958; x_wconf 75' lang='lat' dir='ltr'><strong>Deus</strong></span> <span class='ocrx_word' id='word_1_206' title='bbox 1323 1902 1475 1959; x_wconf 73' lang='lat' dir='ltr'><strong>locus</strong></span> <span class='ocrx_word' id='word_1_207' title='bbox 1500 1911 1583 1959; x_wconf 76' lang='lat' dir='ltr'><strong>est</strong></span> <span class='ocrx_word' id='word_1_208' title='bbox 1606 1902 1868 1978; x_wconf 78' lang='lat' dir='ltr'><strong>onmium,</strong></span> <span class='ocrx_word' id='word_1_209' title='bbox 1899 1911 1956 1961; x_wconf 80' lang='lat' dir='ltr'><strong>et</strong></span> <span class='ocrx_word' id='word_1_210' title='bbox 1975 1902 2083 1961; x_wconf 69' lang='lat' dir='ltr'><strong>sibi</strong></span> <span class='ocrx_word' id='word_1_211' title='bbox 2105 1904 2224 1979; x_wconf 77' lang='lat' dir='ltr'><strong>ipse</strong></span> <span class='ocrx_word' id='word_1_212' title='bbox 2250 1906 2400 1961; x_wconf 72' lang='lat' dir='ltr'><strong>locus</strong></span> <span class='ocrx_word' id='word_1_213' title='bbox 2427 1910 2523 1962; x_wconf 75' lang='lat' dir='ltr'><strong>est.</strong></span> 
     </span>
    </p>

    <p class='ocr_par' dir='ltr' id='par_1_4' title="bbox 328 1977 2754 2758">
     <span class='ocr_line' id='line_1_20' title="bbox 416 1977 2752 2059; baseline 0.002 -24"><span class='ocrx_word' id='word_1_214' title='bbox 416 1978 565 2037; x_wconf 93' lang='lat' dir='ltr'><strong>VII.</strong></span> <span class='ocrx_word' id='word_1_215' title='bbox 610 1980 701 2037; x_wconf 90' lang='lat' dir='ltr'><strong>De</strong></span> <span class='ocrx_word' id='word_1_216' title='bbox 740 1979 856 2037; x_wconf 89' lang='lat' dir='ltr'><strong>ista</strong></span> <span class='ocrx_word' id='word_1_217' title='bbox 898 1978 1013 2036; x_wconf 85' lang='lat' dir='ltr'><strong>Dei</strong></span> <span class='ocrx_word' id='word_1_218' title='bbox 1052 1977 1451 2039; x_wconf 79' lang='lat' dir='ltr'><strong>Irnmensitate</strong></span> <span class='ocrx_word' id='word_1_219' title='bbox 1495 1988 1557 2041; x_wconf 87' lang='lat' dir='ltr'><strong>et</strong></span> <span class='ocrx_word' id='word_1_220' title='bbox 1603 1980 2082 2059; x_wconf 80' lang='lat' dir='ltr'><strong>Omniproesentia</strong></span> <span class='ocrx_word' id='word_1_221' title='bbox 2106 1981 2272 2042; x_wconf 88' lang='lat' dir='ltr'><strong>litem</strong></span> <span class='ocrx_word' id='word_1_222' title='bbox 2314 1981 2484 2041; x_wconf 89' lang='lat' dir='ltr'><strong>nobis</strong></span> <span class='ocrx_word' id='word_1_223' title='bbox 2511 1986 2752 2041; x_wconf 81' lang='lat' dir='ltr'><strong>movent</strong></span> 
     </span>
     <span class='ocr_line' id='line_1_21' title="bbox 338 2056 2747 2138; baseline 0.001 -23"><span class='ocrx_word' id='word_1_224' title='bbox 338 2056 633 2117; x_wconf 86' lang='lat' dir='ltr'><strong>Sociniani</strong></span> <span class='ocrx_word' id='word_1_225' title='bbox 660 2078 793 2117; x_wconf 85' lang='lat' dir='ltr'><strong>cum</strong></span> <span class='ocrx_word' id='word_1_226' title='bbox 819 2057 1075 2134; x_wconf 85' lang='lat' dir='ltr'><strong>Vorstio‚</strong></span> <span class='ocrx_word' id='word_1_227' title='bbox 1106 2058 1209 2135; x_wconf 90' lang='lat' dir='ltr'><strong>qui</strong></span> <span class='ocrx_word' id='word_1_228' title='bbox 1235 2058 1549 2119; x_wconf 87' lang='lat' dir='ltr'><strong>admittunt</strong></span> <span class='ocrx_word' id='word_1_229' title='bbox 1572 2062 1940 2137; x_wconf 82' lang='lat' dir='ltr'><strong>praesentiam</strong></span> <span class='ocrx_word' id='word_1_230' title='bbox 1961 2061 2154 2138; x_wconf 88' lang='lat' dir='ltr'><strong>quoad</strong></span> <span class='ocrx_word' id='word_1_231' title='bbox 2178 2062 2453 2121; x_wconf 81' lang='lat' dir='ltr'><strong>virtutem</strong></span> <span class='ocrx_word' id='word_1_232' title='bbox 2475 2069 2534 2121; x_wconf 88' lang='lat' dir='ltr'><strong>et</strong></span> <span class='ocrx_word' id='word_1_233' title='bbox 2549 2079 2747 2137; x_wconf 86' lang='lat' dir='ltr'><strong>opera·</strong></span> 
     </span>
     <span class='ocr_line' id='line_1_22' title="bbox 332 2134 2748 2217; baseline 0.002 -22"><span class='ocrx_word' id='word_1_234' title='bbox 332 2134 569 2215; x_wconf 88' lang='lat' dir='ltr'><strong>tionem,</strong></span> <span class='ocrx_word' id='word_1_235' title='bbox 602 2137 707 2197; x_wconf 88' lang='lat' dir='ltr'><strong>sed</strong></span> <span class='ocrx_word' id='word_1_236' title='bbox 731 2144 949 2215; x_wconf 85' lang='lat' dir='ltr'><strong>negant</strong></span> <span class='ocrx_word' id='word_1_237' title='bbox 975 2157 1105 2197; x_wconf 85' lang='lat' dir='ltr'><strong>eam</strong></span> <span class='ocrx_word' id='word_1_238' title='bbox 1130 2137 1325 2215; x_wconf 88' lang='lat' dir='ltr'><strong>quoad</strong></span> <span class='ocrx_word' id='word_1_239' title='bbox 1345 2139 1654 2199; x_wconf 78' lang='lat' dir='ltr'><strong>essentiam</strong></span> <span class='ocrx_word' id='word_1_240' title='bbox 1678 2161 1693 2216; x_wconf 75' lang='lat'>3</span> <span class='ocrx_word' id='word_1_241' title='bbox 1737 2160 1914 2217; x_wconf 89' lang='lat' dir='ltr'><strong>quum</strong></span> <span class='ocrx_word' id='word_1_242' title='bbox 1943 2139 2090 2199; x_wconf 83' lang='lat' dir='ltr'><strong>coelo</strong></span> <span class='ocrx_word' id='word_1_243' title='bbox 2111 2141 2300 2199; x_wconf 90' lang='lat' dir='ltr'><strong>Deum</strong></span> <span class='ocrx_word' id='word_1_244' title='bbox 2321 2140 2603 2199; x_wconf 86' lang='lat' dir='ltr'><strong>contineri</strong></span> <span class='ocrx_word' id='word_1_245' title='bbox 2618 2158 2748 2216; x_wconf 82' lang='lat' dir='ltr'><strong>per·</strong></span> 
     </span>
     <span class='ocr_line' id='line_1_23' title="bbox 331 2216 2754 2295; baseline 0.001 -20"><span class='ocrx_word' id='word_1_246' title='bbox 331 2217 597 2292; x_wconf 86' lang='lat' dir='ltr'><strong>tendunt,</strong></span> <span class='ocrx_word' id='word_1_247' title='bbox 624 2226 692 2277; x_wconf 86' lang='lat' dir='ltr'><strong>nt</strong></span> <span class='ocrx_word' id='word_1_248' title='bbox 716 2218 952 2277; x_wconf 76' lang='lat' dir='ltr'><strong>Socinus</strong></span> <span class='ocrx_word' id='word_1_249' title='bbox 991 2216 1055 2275; x_wconf 88' lang='lat' dir='ltr'><strong>in</strong></span> <span class='ocrx_word' id='word_1_250' title='bbox 1094 2226 1261 2277; x_wconf 87' lang='lat' dir='ltr'><strong>tract.</strong></span> <span class='ocrx_word' id='word_1_251' title='bbox 1304 2218 1602 2277; x_wconf 84' lang='lat' dir='ltr'><strong>Francisci</strong></span> <span class='ocrx_word' id='word_1_252' title='bbox 1644 2219 1909 2295; x_wconf 80' lang='lat' dir='ltr'><strong>Davidis,</strong></span> <span class='ocrx_word' id='word_1_253' title='bbox 1941 2226 2000 2278; x_wconf 88' lang='lat' dir='ltr'><strong>et</strong></span> <span class='ocrx_word' id='word_1_254' title='bbox 2020 2219 2277 2294; x_wconf 68' lang='lat' dir='ltr'><strong>Orelle‘w,</strong></span> <span class='ocrx_word' id='word_1_255' title='bbox 2310 2219 2411 2278; x_wconf 90' lang='lat' dir='ltr'><strong>lib.</strong></span> <span class='ocrx_word' id='word_1_256' title='bbox 2439 2220 2478 2277; x_wconf 91' lang='lat' dir='ltr'><strong>i.</strong></span> <span class='ocrx_word' id='word_1_257' title='bbox 2507 2218 2582 2277; x_wconf 89' lang='lat' dir='ltr'><strong>de</strong></span> <span class='ocrx_word' id='word_1_258' title='bbox 2608 2238 2754 2277; x_wconf 81' lang='lat' dir='ltr'><strong>vcra</strong></span> 
     </span>
     <span class='ocr_line' id='line_1_24' title="bbox 332 2296 2746 2376; baseline 0.001 -22"><span class='ocrx_word' id='word_1_259' title='bbox 332 2296 527 2374; x_wconf 86' lang='lat' dir='ltr'><strong>Relig.</strong></span> <span class='ocrx_word' id='word_1_260' title='bbox 542 2344 545 2349; x_wconf 93' lang='lat'><strong>.</strong></span> <span class='ocrx_word' id='word_1_261' title='bbox 558 2318 607 2356; x_wconf 90' lang='lat' dir='ltr'><strong>c.</strong></span> <span class='ocrx_word' id='word_1_262' title='bbox 642 2301 774 2373; x_wconf 79' lang='lat'><strong>127,</strong></span> <span class='ocrx_word' id='word_1_263' title='bbox 804 2316 922 2356; x_wconf 89' lang='lat' dir='ltr'><strong>non</strong></span> <span class='ocrx_word' id='word_1_264' title='bbox 950 2298 1129 2356; x_wconf 87' lang='lat' dir='ltr'><strong>semel</strong></span> <span class='ocrx_word' id='word_1_265' title='bbox 1169 2307 1451 2374; x_wconf 88' lang='lat' dir='ltr'><strong>asserunt,</strong></span> <span class='ocrx_word' id='word_1_266' title='bbox 1482 2306 1541 2358; x_wconf 90' lang='lat' dir='ltr'><strong>et</strong></span> <span class='ocrx_word' id='word_1_267' title='bbox 1566 2297 1746 2357; x_wconf 87' lang='lat' dir='ltr'><strong>variis</strong></span> <span class='ocrx_word' id='word_1_268' title='bbox 1786 2298 2144 2376; x_wconf 80' lang='lat' dir='ltr'><strong>argumentis</strong></span> <span class='ocrx_word' id='word_1_269' title='bbox 2168 2298 2412 2376; x_wconf 87' lang='lat' dir='ltr'><strong>probare</strong></span> <span class='ocrx_word' id='word_1_270' title='bbox 2445 2306 2746 2359; x_wconf 80' lang='lat' dir='ltr'><strong>conantur.</strong></span> 
     </span>
     <span class='ocr_line' id='line_1_25' title="bbox 342 2376 2749 2456; baseline 0.001 -21"><span class='ocrx_word' id='word_1_271' title='bbox 342 2376 611 2453; x_wconf 71' lang='lat' dir='ltr'><strong>Vorstius,</strong></span> <span class='ocrx_word' id='word_1_272' title='bbox 642 2377 779 2437; x_wconf 89' lang='lat' dir='ltr'><strong>licet</strong></span> <span class='ocrx_word' id='word_1_273' title='bbox 810 2377 1079 2436; x_wconf 81' lang='lat' dir='ltr'><strong>videatur</strong></span> <span class='ocrx_word' id='word_1_274' title='bbox 1118 2376 1303 2453; x_wconf 73' lang='grc' dir='ltr'><strong>ἔπ’χω</strong></span> <span class='ocrx_word' id='word_1_275' title='bbox 1342 2377 1403 2435; x_wconf 91' lang='lat' dir='ltr'><strong>in</strong></span> <span class='ocrx_word' id='word_1_276' title='bbox 1442 2378 1553 2437; x_wconf 85' lang='lat' dir='ltr'><strong>hac</strong></span> <span class='ocrx_word' id='word_1_277' title='bbox 1580 2378 1916 2456; x_wconf 58' lang='lat' dir='ltr'><strong>quaestione,</strong></span> <span class='ocrx_word' id='word_1_278' title='bbox 1959 2386 2154 2437; x_wconf 87' lang='lat' dir='ltr'><strong>tamen</strong></span> <span class='ocrx_word' id='word_1_279' title='bbox 2195 2378 2540 2437; x_wconf 82' lang='lat' dir='ltr'><strong>sententiam</strong></span> <span class='ocrx_word' id='word_1_280' title='bbox 2581 2396 2749 2437; x_wconf 85' lang='lat' dir='ltr'><strong>suam</strong></span> 
     </span>
     <span class='ocr_line' id='line_1_26' title="bbox 331 2455 2747 2535; baseline 0 -20"><span class='ocrx_word' id='word_1_281' title='bbox 331 2456 475 2515; x_wconf 84' lang='lat' dir='ltr'><strong>satis</strong></span> <span class='ocrx_word' id='word_1_282' title='bbox 502 2457 685 2534; x_wconf 89' lang='lat' dir='ltr'><strong>aperit</strong></span> <span class='ocrx_word' id='word_1_283' title='bbox 710 2458 772 2515; x_wconf 87' lang='lat' dir='ltr'><strong>in</strong></span> <span class='ocrx_word' id='word_1_284' title='bbox 798 2465 1047 2515; x_wconf 85' lang='lat' dir='ltr'><strong>tractatu</strong></span> <span class='ocrx_word' id='word_1_285' title='bbox 1064 2456 1137 2516; x_wconf 91' lang='lat' dir='ltr'><strong>de</strong></span> <span class='ocrx_word' id='word_1_286' title='bbox 1168 2458 1295 2516; x_wconf 89' lang='lat' dir='ltr'><strong>Deo</strong></span> <span class='ocrx_word' id='word_1_287' title='bbox 1324 2465 1383 2516; x_wconf 88' lang='lat' dir='ltr'><strong>et</strong></span> <span class='ocrx_word' id='word_1_288' title='bbox 1400 2455 1706 2535; x_wconf 74' lang='lat' dir='ltr'><strong>Apologia</strong></span> <span class='ocrx_word' id='word_1_289' title='bbox 1726 2478 1846 2533; x_wconf 86' lang='lat' dir='ltr'><strong>sua,</strong></span> <span class='ocrx_word' id='word_1_290' title='bbox 1869 2477 2052 2535; x_wconf 88' lang='lat' dir='ltr'><strong>quum</strong></span> <span class='ocrx_word' id='word_1_291' title='bbox 2064 2457 2588 2535; x_wconf 76' lang='lat' dir='ltr'><strong>omnipraesentimn</strong></span> <span class='ocrx_word' id='word_1_292' title='bbox 2610 2457 2747 2517; x_wconf 80' lang='lat' dir='ltr'><strong>sub-</strong></span> 
     </span>
     <span class='ocr_line' id='line_1_27' title="bbox 329 2535 2745 2616; baseline -0 -21"><span class='ocrx_word' id='word_1_293' title='bbox 329 2536 656 2595; x_wconf 82' lang='lat' dir='ltr'><strong>stantialem</strong></span> <span class='ocrx_word' id='word_1_294' title='bbox 682 2537 834 2596; x_wconf 90' lang='lat' dir='ltr'><strong>inter</strong></span> <span class='ocrx_word' id='word_1_295' title='bbox 859 2535 1131 2595; x_wconf 64' lang='grc' dir='ltr'><strong>εἰσ-ὕστατα</strong></span> <span class='ocrx_word' id='word_1_296' title='bbox 1158 2545 1217 2597; x_wconf 89' lang='lat' dir='ltr'><strong>et</strong></span> <span class='ocrx_word' id='word_1_297' title='bbox 1243 2535 1467 2596; x_wconf 67' lang='grc' dir='ltr'><strong>ἅδίιιαπι</strong></span> <span class='ocrx_word' id='word_1_298' title='bbox 1493 2538 1720 2616; x_wconf 89' lang='lat' dir='ltr'><strong>reponit</strong></span> <span class='ocrx_word' id='word_1_299' title='bbox 1741 2559 1757 2614; x_wconf 78' lang='lat'><em>3</em></span> <span class='ocrx_word' id='word_1_300' title='bbox 1801 2545 1861 2597; x_wconf 86' lang='lat' dir='ltr'><strong>et</strong></span> <span class='ocrx_word' id='word_1_301' title='bbox 1887 2537 2099 2597; x_wconf 86' lang='lat' dir='ltr'><strong>diserte</strong></span> <span class='ocrx_word' id='word_1_302' title='bbox 2121 2537 2290 2596; x_wconf 87' lang='lat' dir='ltr'><strong>docet</strong></span> <span class='ocrx_word' id='word_1_303' title='bbox 2313 2538 2504 2597; x_wconf 89' lang='lat' dir='ltr'><strong>Deum</strong></span> <span class='ocrx_word' id='word_1_304' title='bbox 2541 2556 2745 2597; x_wconf 84' lang='lat' dir='ltr'><strong>secun-</strong></span> 
     </span>
     <span class='ocr_line' id='line_1_28' title="bbox 330 2615 2746 2693; baseline 0.001 -17"><span class='ocrx_word' id='word_1_305' title='bbox 330 2615 469 2676; x_wconf 86' lang='lat' dir='ltr'><strong>dum</strong></span> <span class='ocrx_word' id='word_1_306' title='bbox 498 2617 807 2678; x_wconf 78' lang='lat' dir='ltr'><strong>essentiam</strong></span> <span class='ocrx_word' id='word_1_307' title='bbox 828 2637 955 2677; x_wconf 83' lang='lat' dir='ltr'><strong>esse</strong></span> <span class='ocrx_word' id='word_1_308' title='bbox 980 2619 1043 2676; x_wconf 92' lang='lat' dir='ltr'><strong>in</strong></span> <span class='ocrx_word' id='word_1_309' title='bbox 1072 2619 1240 2693; x_wconf 81' lang='lat' dir='ltr'><strong>coe10,</strong></span> <span class='ocrx_word' id='word_1_310' title='bbox 1272 2618 1591 2678; x_wconf 84' lang='lat' dir='ltr'><strong>secundum</strong></span> <span class='ocrx_word' id='word_1_311' title='bbox 1616 2617 1894 2678; x_wconf 84' lang='lat' dir='ltr'><strong>virtutem</strong></span> <span class='ocrx_word' id='word_1_312' title='bbox 1921 2638 2062 2678; x_wconf 81' lang='lat' dir='ltr'><strong>vero</strong></span> <span class='ocrx_word' id='word_1_313' title='bbox 2089 2626 2150 2678; x_wconf 89' lang='lat' dir='ltr'><strong>et</strong></span> <span class='ocrx_word' id='word_1_314' title='bbox 2187 2617 2502 2678; x_wconf 85' lang='lat' dir='ltr'><strong>efficaciam</strong></span> <span class='ocrx_word' id='word_1_315' title='bbox 2525 2637 2656 2678; x_wconf 84' lang='lat' dir='ltr'><strong>esse</strong></span> <span class='ocrx_word' id='word_1_316' title='bbox 2681 2617 2746 2678; x_wconf 89' lang='lat' dir='ltr'><strong>in</strong></span> 
     </span>
     <span class='ocr_line' id='line_1_29' title="bbox 328 2697 1415 2758; baseline 0.001 -2"><span class='ocrx_word' id='word_1_317' title='bbox 328 2703 482 2756; x_wconf 86' lang='lat' dir='ltr'><strong>terra</strong></span> <span class='ocrx_word' id='word_1_318' title='bbox 508 2707 567 2758; x_wconf 91' lang='lat' dir='ltr'><strong>et</strong></span> <span class='ocrx_word' id='word_1_319' title='bbox 593 2698 797 2757; x_wconf 89' lang='lat' dir='ltr'><strong>adesse</strong></span> <span class='ocrx_word' id='word_1_320' title='bbox 826 2697 1093 2758; x_wconf 88' lang='lat' dir='ltr'><strong>omnibus</strong></span> <span class='ocrx_word' id='word_1_321' title='bbox 1120 2698 1415 2758; x_wconf 87' lang='lat' dir='ltr'><strong>creaturis.</strong></span> 
     </span>
    </p>

    <p class='ocr_par' dir='ltr' id='par_1_5' title="bbox 324 2777 2748 3555">
     <span class='ocr_line' id='line_1_30' title="bbox 408 2777 2744 2856; baseline 0 -20"><span class='ocrx_word' id='word_1_322' title='bbox 408 2777 592 2837; x_wconf 88' lang='lat' dir='ltr'><strong>VIII.</strong></span> <span class='ocrx_word' id='word_1_323' title='bbox 636 2777 963 2838; x_wconf 80' lang='lat' dir='ltr'><strong>orthodoxi</strong></span> <span class='ocrx_word' id='word_1_324' title='bbox 988 2797 1127 2837; x_wconf 87' lang='lat' dir='ltr'><strong>vero</strong></span> <span class='ocrx_word' id='word_1_325' title='bbox 1158 2779 1271 2837; x_wconf 87' lang='lat' dir='ltr'><strong>Dei</strong></span> <span class='ocrx_word' id='word_1_326' title='bbox 1297 2777 1756 2838; x_wconf 87' lang='lat' dir='ltr'><strong>Immensitatem</strong></span> <span class='ocrx_word' id='word_1_327' title='bbox 1785 2786 1844 2838; x_wconf 86' lang='lat' dir='ltr'><strong>et</strong></span> <span class='ocrx_word' id='word_1_328' title='bbox 1885 2777 2439 2856; x_wconf 74' lang='lat' dir='ltr'><strong>Ommpraesentiam,</strong></span> <span class='ocrx_word' id='word_1_329' title='bbox 2469 2795 2588 2838; x_wconf 89' lang='lat' dir='ltr'><strong>non</strong></span> <span class='ocrx_word' id='word_1_330' title='bbox 2613 2785 2744 2836; x_wconf 87' lang='lat' dir='ltr'><strong>tan·-</strong></span> 
     </span>
     <span class='ocr_line' id='line_1_31' title="bbox 332 2857 2746 2952; baseline 0.001 -37"><span class='ocrx_word' id='word_1_331' title='bbox 332 2863 457 2916; x_wconf 89' lang='lat' dir='ltr'><strong>tum</strong></span> <span class='ocrx_word' id='word_1_332' title='bbox 482 2858 703 2917; x_wconf 87' lang='lat' dir='ltr'><strong>ratione</strong></span> <span class='ocrx_word' id='word_1_333' title='bbox 730 2857 963 2918; x_wconf 83' lang='lat' dir='ltr'><strong>virtutis</strong></span> <span class='ocrx_word' id='word_1_334' title='bbox 990 2877 1059 2916; x_wconf 90' lang='lat' dir='ltr'><strong>ac</strong></span> <span class='ocrx_word' id='word_1_335' title='bbox 1086 2857 1455 2936; x_wconf 86' lang='lat' dir='ltr'><strong>operationis,</strong></span> <span class='ocrx_word' id='word_1_336' title='bbox 1486 2857 1589 2918; x_wconf 87' lang='lat' dir='ltr'><strong>sed</strong></span> <span class='ocrx_word' id='word_1_337' title='bbox 1614 2859 1902 2952; x_wconf 61' lang='lat' dir='ltr'><strong>pracipue</strong></span> <span class='ocrx_word' id='word_1_338' title='bbox 1931 2859 2152 2918; x_wconf 88' lang='lat' dir='ltr'><strong>ratione</strong></span> <span class='ocrx_word' id='word_1_339' title='bbox 2193 2858 2458 2918; x_wconf 70' lang='lat' dir='ltr'><strong>essentiae</strong></span> <span class='ocrx_word' id='word_1_340' title='bbox 2499 2857 2746 2918; x_wconf 89' lang='lat' dir='ltr'><strong>credunt</strong></span> 
     </span>
     <span class='ocr_line' id='line_1_32' title="bbox 326 2937 2746 3016; baseline 0 -20"><span class='ocrx_word' id='word_1_341' title='bbox 326 2945 388 2996; x_wconf 89' lang='lat' dir='ltr'><strong>et</strong></span> <span class='ocrx_word' id='word_1_342' title='bbox 414 2938 795 2998; x_wconf 76' lang='lat' dir='ltr'><strong>confitenturz</strong></span> <span class='ocrx_word' id='word_1_343' title='bbox 878 2937 1125 2997; x_wconf 86' lang='lat' dir='ltr'><strong>Modum</strong></span> <span class='ocrx_word' id='word_1_344' title='bbox 1163 2958 1305 2997; x_wconf 85' lang='lat' dir='ltr'><strong>vero</strong></span> <span class='ocrx_word' id='word_1_345' title='bbox 1340 2939 1501 2998; x_wconf 85' lang='lat' dir='ltr'><strong>illius</strong></span> <span class='ocrx_word' id='word_1_346' title='bbox 1540 2959 1648 2998; x_wconf 90' lang='lat' dir='ltr'><strong>nec</strong></span> <span class='ocrx_word' id='word_1_347' title='bbox 1691 2938 1973 2998; x_wconf 85' lang='lat' dir='ltr'><strong>cunosius</strong></span> <span class='ocrx_word' id='word_1_348' title='bbox 2013 2937 2418 3016; x_wconf 87' lang='lat' dir='ltr'><strong>inquirendum</strong></span> <span class='ocrx_word' id='word_1_349' title='bbox 2445 2957 2591 3014; x_wconf 88' lang='lat' dir='ltr'><strong>esse,</strong></span> <span class='ocrx_word' id='word_1_350' title='bbox 2634 2957 2746 2997; x_wconf 89' lang='lat' dir='ltr'><strong>nec</strong></span> 
     </span>
     <span class='ocr_line' id='line_1_33' title="bbox 328 3016 2742 3093; baseline 0 -17"><span class='ocrx_word' id='word_1_351' title='bbox 328 3023 543 3077; x_wconf 85' lang='lat' dir='ltr'><strong>temere</strong></span> <span class='ocrx_word' id='word_1_352' title='bbox 568 3016 961 3077; x_wconf 87' lang='lat' dir='ltr'><strong>definiendum</strong></span> <span class='ocrx_word' id='word_1_353' title='bbox 988 3026 1263 3093; x_wconf 85' lang='lat' dir='ltr'><strong>censent;</strong></span> <span class='ocrx_word' id='word_1_354' title='bbox 1308 3018 1443 3078; x_wconf 90' lang='lat' dir='ltr'><strong>Hoc</strong></span> <span class='ocrx_word' id='word_1_355' title='bbox 1486 3026 1716 3078; x_wconf 87' lang='lat' dir='ltr'><strong>tantum</strong></span> <span class='ocrx_word' id='word_1_356' title='bbox 1743 3027 1902 3078; x_wconf 82' lang='lat' dir='ltr'><strong>certo</strong></span> <span class='ocrx_word' id='word_1_357' title='bbox 1942 3019 2257 3078; x_wconf 87' lang='lat' dir='ltr'><strong>tenendum</strong></span> <span class='ocrx_word' id='word_1_358' title='bbox 2285 3037 2429 3093; x_wconf 84' lang='lat' dir='ltr'><strong>esse,</strong></span> <span class='ocrx_word' id='word_1_359' title='bbox 2459 3037 2578 3077; x_wconf 89' lang='lat' dir='ltr'><strong>non</strong></span> <span class='ocrx_word' id='word_1_360' title='bbox 2605 3037 2742 3077; x_wconf 87' lang='lat' dir='ltr'><strong>con-</strong></span> 
     </span>
     <span class='ocr_line' id='line_1_34' title="bbox 327 3095 2742 3176; baseline -0 -20"><span class='ocrx_word' id='word_1_361' title='bbox 327 3095 529 3157; x_wconf 82' lang='lat' dir='ltr'><strong>sistere</strong></span> <span class='ocrx_word' id='word_1_362' title='bbox 557 3099 655 3157; x_wconf 81' lang='lat' dir='ltr'><strong>vel</strong></span> <span class='ocrx_word' id='word_1_363' title='bbox 680 3098 743 3156; x_wconf 92' lang='lat' dir='ltr'><strong>in</strong></span> <span class='ocrx_word' id='word_1_364' title='bbox 769 3097 1247 3175; x_wconf 86' lang='lat' dir='ltr'><strong>multiplicatione</strong></span> <span class='ocrx_word' id='word_1_365' title='bbox 1274 3098 1541 3158; x_wconf 75' lang='lat' dir='ltr'><strong>essentiae</strong></span> <span class='ocrx_word' id='word_1_366' title='bbox 1567 3098 1801 3174; x_wconf 79' lang='lat' dir='ltr'><strong>divinae,</strong></span> <span class='ocrx_word' id='word_1_367' title='bbox 1831 3115 1962 3176; x_wconf 77' lang='lat' dir='ltr'><strong>quae</strong></span> <span class='ocrx_word' id='word_1_368' title='bbox 1983 3106 2073 3158; x_wconf 90' lang='lat' dir='ltr'><strong>est</strong></span> <span class='ocrx_word' id='word_1_369' title='bbox 2097 3119 2216 3158; x_wconf 75' lang='lat' dir='ltr'><strong>una</strong></span> <span class='ocrx_word' id='word_1_370' title='bbox 2240 3117 2479 3158; x_wconf 88' lang='lat' dir='ltr'><strong>numero</strong></span> <span class='ocrx_word' id='word_1_371' title='bbox 2507 3107 2568 3157; x_wconf 85' lang='lat' dir='ltr'><strong>et</strong></span> <span class='ocrx_word' id='word_1_372' title='bbox 2591 3096 2742 3156; x_wconf 89' lang='lat' dir='ltr'><strong>indi·</strong></span> 
     </span>
     <span class='ocr_line' id='line_1_35' title="bbox 325 3176 2748 3256; baseline 0.001 -22"><span class='ocrx_word' id='word_1_373' title='bbox 325 3176 522 3253; x_wconf 80' lang='lat' dir='ltr'><strong>vidua,</strong></span> <span class='ocrx_word' id='word_1_374' title='bbox 552 3177 650 3235; x_wconf 83' lang='lat' dir='ltr'><strong>vel</strong></span> <span class='ocrx_word' id='word_1_375' title='bbox 686 3177 749 3235; x_wconf 91' lang='lat' dir='ltr'><strong>in</strong></span> <span class='ocrx_word' id='word_1_376' title='bbox 788 3178 1125 3237; x_wconf 86' lang='lat' dir='ltr'><strong>extensione</strong></span> <span class='ocrx_word' id='word_1_377' title='bbox 1167 3186 1226 3237; x_wconf 88' lang='lat' dir='ltr'><strong>et</strong></span> <span class='ocrx_word' id='word_1_378' title='bbox 1266 3177 1573 3238; x_wconf 83' lang='lat' dir='ltr'><strong>diffusione</strong></span> <span class='ocrx_word' id='word_1_379' title='bbox 1614 3177 1917 3256; x_wconf 85' lang='lat' dir='ltr'><strong>cujusdam</strong></span> <span class='ocrx_word' id='word_1_380' title='bbox 1943 3178 2116 3237; x_wconf 87' lang='lat' dir='ltr'><strong>molis</strong></span> <span class='ocrx_word' id='word_1_381' title='bbox 2157 3197 2461 3255; x_wconf 81' lang='lat' dir='ltr'><strong>corporeae,</strong></span> <span class='ocrx_word' id='word_1_382' title='bbox 2492 3197 2624 3237; x_wconf 88' lang='lat' dir='ltr'><strong>cum</strong></span> <span class='ocrx_word' id='word_1_383' title='bbox 2665 3178 2748 3237; x_wconf 91' lang='lat' dir='ltr'><strong>sit</strong></span> 
     </span>
     <span class='ocr_line' id='line_1_36' title="bbox 330 3255 2741 3335; baseline 0.001 -21"><span class='ocrx_word' id='word_1_384' title='bbox 330 3255 578 3332; x_wconf 85' lang='lat' dir='ltr'><strong>Spiritus</strong></span> <span class='ocrx_word' id='word_1_385' title='bbox 599 3255 903 3333; x_wconf 86' lang='lat' dir='ltr'><strong>increatus,</strong></span> <span class='ocrx_word' id='word_1_386' title='bbox 927 3258 1025 3316; x_wconf 87' lang='lat' dir='ltr'><strong>vel</strong></span> <span class='ocrx_word' id='word_1_387' title='bbox 1047 3257 1109 3315; x_wconf 92' lang='lat' dir='ltr'><strong>in</strong></span> <span class='ocrx_word' id='word_1_388' title='bbox 1127 3265 1397 3316; x_wconf 88' lang='lat' dir='ltr'><strong>contactu</strong></span> <span class='ocrx_word' id='word_1_389' title='bbox 1416 3257 1686 3333; x_wconf 84' lang='lat' dir='ltr'><strong>Physico,</strong></span> <span class='ocrx_word' id='word_1_390' title='bbox 1711 3257 1812 3335; x_wconf 90' lang='lat' dir='ltr'><strong>qui</strong></span> <span class='ocrx_word' id='word_1_391' title='bbox 1829 3259 2104 3334; x_wconf 88' lang='lat' dir='ltr'><strong>competit</strong></span> <span class='ocrx_word' id='word_1_392' title='bbox 2122 3265 2348 3317; x_wconf 87' lang='lat' dir='ltr'><strong>tantum</strong></span> <span class='ocrx_word' id='word_1_393' title='bbox 2367 3257 2700 3335; x_wconf 85' lang='lat' dir='ltr'><strong>corporibus</strong></span> <span class='ocrx_word' id='word_1_394' title='bbox 2723 3279 2741 3334; x_wconf 79' lang='lat'>3</span> 
     </span>
     <span class='ocr_line' id='line_1_37' title="bbox 332 3333 2742 3414; baseline 0.001 -20"><span class='ocrx_word' id='word_1_395' title='bbox 332 3333 449 3394; x_wconf 87' lang='lat' dir='ltr'><strong>Sed</strong></span> <span class='ocrx_word' id='word_1_396' title='bbox 476 3335 537 3392; x_wconf 90' lang='lat' dir='ltr'><strong>in</strong></span> <span class='ocrx_word' id='word_1_397' title='bbox 566 3335 813 3413; x_wconf 88' lang='lat' dir='ltr'><strong>simplici</strong></span> <span class='ocrx_word' id='word_1_398' title='bbox 840 3343 901 3394; x_wconf 85' lang='lat' dir='ltr'><strong>et</strong></span> <span class='ocrx_word' id='word_1_399' title='bbox 926 3336 1095 3396; x_wconf 88' lang='lat' dir='ltr'><strong>nobis</strong></span> <span class='ocrx_word' id='word_1_400' title='bbox 1134 3336 1704 3413; x_wconf 79' lang='lat' dir='ltr'><strong>incomprehensibili</strong></span> <span class='ocrx_word' id='word_1_401' title='bbox 1743 3338 2009 3397; x_wconf 65' lang='lat' dir='ltr'><strong>essentiae</strong></span> <span class='ocrx_word' id='word_1_402' title='bbox 2038 3337 2252 3395; x_wconf 72' lang='lat' dir='ltr'><strong>divinae</strong></span> <span class='ocrx_word' id='word_1_403' title='bbox 2278 3336 2578 3413; x_wconf 85' lang='lat' dir='ltr'><strong>infinitate,</strong></span> <span class='ocrx_word' id='word_1_404' title='bbox 2609 3356 2742 3414; x_wconf 80' lang='lat' dir='ltr'><strong>quae</strong></span> 
     </span>
     <span class='ocr_line' id='line_1_38' title="bbox 325 3413 2743 3494; baseline 0.001 -23"><span class='ocrx_word' id='word_1_405' title='bbox 325 3413 408 3473; x_wconf 84' lang='lat' dir='ltr'><strong>ita</strong></span> <span class='ocrx_word' id='word_1_406' title='bbox 450 3413 653 3474; x_wconf 84' lang='lat' dir='ltr'><strong>intime</strong></span> <span class='ocrx_word' id='word_1_407' title='bbox 696 3415 862 3475; x_wconf 87' lang='lat' dir='ltr'><strong>adest</strong></span> <span class='ocrx_word' id='word_1_408' title='bbox 904 3416 1079 3476; x_wconf 88' lang='lat' dir='ltr'><strong>rebus</strong></span> <span class='ocrx_word' id='word_1_409' title='bbox 1120 3415 1407 3492; x_wconf 87' lang='lat' dir='ltr'><strong>omnibus,</strong></span> <span class='ocrx_word' id='word_1_410' title='bbox 1450 3423 1517 3474; x_wconf 88' lang='lat' dir='ltr'><strong>ut</strong></span> <span class='ocrx_word' id='word_1_411' title='bbox 1560 3423 1619 3475; x_wconf 90' lang='lat' dir='ltr'><strong>et</strong></span> <span class='ocrx_word' id='word_1_412' title='bbox 1644 3416 1861 3494; x_wconf 88' lang='lat' dir='ltr'><strong>ubique</strong></span> <span class='ocrx_word' id='word_1_413' title='bbox 1903 3417 1980 3476; x_wconf 88' lang='lat' dir='ltr'><strong>sit</strong></span> <span class='ocrx_word' id='word_1_414' title='bbox 2019 3416 2080 3474; x_wconf 93' lang='lat' dir='ltr'><strong>in</strong></span> <span class='ocrx_word' id='word_1_415' title='bbox 2106 3417 2342 3493; x_wconf 87' lang='lat' dir='ltr'><strong>mundo,</strong></span> <span class='ocrx_word' id='word_1_416' title='bbox 2391 3435 2500 3475; x_wconf 88' lang='lat' dir='ltr'><strong>nec</strong></span> <span class='ocrx_word' id='word_1_417' title='bbox 2546 3425 2743 3475; x_wconf 88' lang='lat' dir='ltr'><strong>tamen</strong></span> 
     </span>
     <span class='ocr_line' id='line_1_39' title="bbox 324 3492 913 3555; baseline 0.007 -5"><span class='ocrx_word' id='word_1_418' title='bbox 324 3492 542 3554; x_wconf 87' lang='lat' dir='ltr'><strong>mundo</strong></span> <span class='ocrx_word' id='word_1_419' title='bbox 570 3494 913 3555; x_wconf 88' lang='lat' dir='ltr'><strong>includatur.</strong></span> 
     </span>
    </p>

    <p class='ocr_par' dir='ltr' id='par_1_6' title="bbox 320 3571 2746 4774">
     <span class='ocr_line' id='line_1_40' title="bbox 327 3571 2740 3657; baseline -0.001 -22"><span class='ocrx_word' id='word_1_420' title='bbox 327 3607 485 3655; x_wconf 73' lang='lat' dir='ltr'><strong>Deum</strong></span> <span class='ocrx_word' id='word_1_421' title='bbox 516 3611 801 3657; x_wconf 76' lang='lat' dir='ltr'><strong>immensum</strong></span> <span class='ocrx_word' id='word_1_422' title='bbox 926 3575 1050 3635; x_wconf 86' lang='lat' dir='ltr'><strong>IX.</strong></span> <span class='ocrx_word' id='word_1_423' title='bbox 1096 3574 1375 3644; x_wconf 78' lang='lat' dir='ltr'><strong>Rationes</strong></span> <span class='ocrx_word' id='word_1_424' title='bbox 1402 3581 1555 3633; x_wconf 88' lang='lat' dir='ltr'><strong>sunt.</strong></span> <span class='ocrx_word' id='word_1_425' title='bbox 1642 3576 1697 3632; x_wconf 86' lang='lat'><strong>1.</strong></span> <span class='ocrx_word' id='word_1_426' title='bbox 1741 3572 1892 3648; x_wconf 88' lang='lat' dir='ltr'><strong>Quia</strong></span> <span class='ocrx_word' id='word_1_427' title='bbox 1921 3572 2218 3651; x_wconf 84' lang='lat' dir='ltr'><strong>Scriptura</strong></span> <span class='ocrx_word' id='word_1_428' title='bbox 2242 3573 2394 3630; x_wconf 89' lang='lat' dir='ltr'><strong>hanc</strong></span> <span class='ocrx_word' id='word_1_429' title='bbox 2422 3571 2740 3648; x_wconf 66' lang='lat' dir='ltr'><strong>omniprae-</strong></span> 
     </span>
     <span class='ocr_line' id='line_1_41' title="bbox 372 3650 2746 3808; baseline 0.002 -22"><span class='ocrx_word' id='word_1_430' title='bbox 372 3669 725 3786; x_wconf 47' lang='lat' dir='ltr'><strong>{amr</strong></span> <span class='ocrx_word' id='word_1_431' title='bbox 740 3685 802 3717; x_wconf 76' lang='lat'><strong>⁰¹</strong></span> <span class='ocrx_word' id='word_1_432' title='bbox 842 3656 1085 3794; x_wconf 58' lang='grc' dir='ltr'><strong>ξ’ὶξῖῖ</strong></span> <span class='ocrx_word' id='word_1_433' title='bbox 1093 3655 1246 3793; x_wconf 58' lang='grc' dir='ltr'><strong>ὲῖἕο</strong></span> <span class='ocrx_word' id='word_1_434' title='bbox 1282 3650 2746 3808; x_wconf 48' lang='lat' dir='ltr'><strong>ssbffai&#39;ssufffi&#39;izssssss2⁸’s?;..‡d‘}¹¹.3m³22;¹1¹0:</strong></span> 
     </span>
     <span class='ocr_line' id='line_1_42' title="bbox 324 3752 2744 3892; baseline 0 -21"><span class='ocrx_word' id='word_1_435' title='bbox 324 3811 447 3871; x_wconf 92' lang='lat' dir='ltr'><strong>illic</strong></span> <span class='ocrx_word' id='word_1_436' title='bbox 474 3831 553 3889; x_wconf 90' lang='lat' dir='ltr'><strong>es,</strong></span> <span class='ocrx_word' id='word_1_437' title='bbox 584 3821 687 3872; x_wconf 82' lang='lat' dir='ltr'><strong>aut</strong></span> <span class='ocrx_word' id='word_1_438' title='bbox 714 3755 957 3872; x_wconf 65' lang='lat' dir='ltr'><strong>stratulrb</strong></span> <span class='ocrx_word' id='word_1_439' title='bbox 988 3752 1351 3892; x_wconf 69' lang='lat' dir='ltr'><strong>ponereinqin</strong></span> <span class='ocrx_word' id='word_1_440' title='bbox 1378 3811 1700 3890; x_wconf 88' lang='lat' dir='ltr'><strong>sepulchro,</strong></span> <span class='ocrx_word' id='word_1_441' title='bbox 1727 3811 1854 3870; x_wconf 91' lang='lat' dir='ltr'><strong>illic</strong></span> <span class='ocrx_word' id='word_1_442' title='bbox 1879 3809 2038 3870; x_wconf 85' lang='lat' dir='ltr'><strong>ades.</strong></span> <span class='ocrx_word' id='word_1_443' title='bbox 2125 3811 2190 3872; x_wconf 89' lang='lat' dir='ltr'><strong>Si</strong></span> <span class='ocrx_word' id='word_1_444' title='bbox 2226 3829 2577 3870; x_wconf 87' lang='lat' dir='ltr'><strong>assumerem</strong></span> <span class='ocrx_word' id='word_1_445' title='bbox 2617 3811 2744 3872; x_wconf 84' lang='lat' dir='ltr'><strong>alas</strong></span> 
     </span>
     <span class='ocr_line' id='line_1_43' title="bbox 324 3889 2744 3966; baseline 0 -14"><span class='ocrx_word' id='word_1_446' title='bbox 324 3911 547 3952; x_wconf 71' lang='lat' dir='ltr'><strong>aurorae</strong></span> <span class='ocrx_word' id='word_1_447' title='bbox 572 3892 941 3952; x_wconf 86' lang='lat' dir='ltr'><strong>habitaturus</strong></span> <span class='ocrx_word' id='word_1_448' title='bbox 972 3893 1033 3951; x_wconf 91' lang='lat' dir='ltr'><strong>in</strong></span> <span class='ocrx_word' id='word_1_449' title='bbox 1061 3891 1425 3953; x_wconf 85' lang='lat' dir='ltr'><strong>extremitate</strong></span> <span class='ocrx_word' id='word_1_450' title='bbox 1464 3891 1658 3966; x_wconf 89' lang='lat' dir='ltr'><strong>maris,</strong></span> <span class='ocrx_word' id='word_1_451' title='bbox 1691 3892 1865 3951; x_wconf 88' lang='lat' dir='ltr'><strong>etiam</strong></span> <span class='ocrx_word' id='word_1_452' title='bbox 1890 3889 2033 3950; x_wconf 89' lang='lat' dir='ltr'><strong>illuc</strong></span> <span class='ocrx_word' id='word_1_453' title='bbox 2069 3910 2277 3952; x_wconf 85' lang='lat' dir='ltr'><strong>manus</strong></span> <span class='ocrx_word' id='word_1_454' title='bbox 2304 3898 2405 3951; x_wconf 86' lang='lat' dir='ltr'><strong>tua</strong></span> <span class='ocrx_word' id='word_1_455' title='bbox 2431 3890 2744 3953; x_wconf 84' lang='lat' dir='ltr'><strong>deduceret</strong></span> 
     </span>
     <span class='ocr_line' id='line_1_44' title="bbox 324 3969 2740 4051; baseline 0 -19"><span class='ocrx_word' id='word_1_456' title='bbox 324 3992 419 4032; x_wconf 89' lang='lat' dir='ltr'><strong>me</strong></span> <span class='ocrx_word' id='word_1_457' title='bbox 448 3981 507 4032; x_wconf 90' lang='lat' dir='ltr'><strong>et</strong></span> <span class='ocrx_word' id='word_1_458' title='bbox 533 3973 915 4051; x_wconf 81' lang='lat' dir='ltr'><strong>prehenderet</strong></span> <span class='ocrx_word' id='word_1_459' title='bbox 942 3993 1036 4031; x_wconf 92' lang='lat' dir='ltr'><strong>me</strong></span> <span class='ocrx_word' id='word_1_460' title='bbox 1058 3972 1265 4032; x_wconf 84' lang='lat' dir='ltr'><strong>dextra</strong></span> <span class='ocrx_word' id='word_1_461' title='bbox 1290 3972 1450 4031; x_wconf 87' lang='lat' dir='ltr'><strong>tua.’&#39;</strong></span> <span class='ocrx_word' id='word_1_462' title='bbox 1498 3971 1597 4032; x_wconf 92' lang='lat' dir='ltr'><strong>Sic</strong></span> <span class='ocrx_word' id='word_1_463' title='bbox 1618 3969 1736 4031; x_wconf 89' lang='lat' dir='ltr'><strong>Isa.</strong></span> <span class='ocrx_word' id='word_1_464' title='bbox 1763 3971 1911 4031; x_wconf 82' lang='lat' dir='ltr'><strong>lxvi.</strong></span> <span class='ocrx_word' id='word_1_465' title='bbox 1945 3974 1998 4031; x_wconf 92' lang='lat'><strong>1.</strong></span> <span class='ocrx_word' id='word_1_466' title='bbox 2057 3974 2094 4007; x_wconf 76' lang='lat'><strong>‘¹</strong></span> <span class='ocrx_word' id='word_1_467' title='bbox 2113 3971 2248 4031; x_wconf 85' lang='lat' dir='ltr'><strong>Hoc</strong></span> <span class='ocrx_word' id='word_1_468' title='bbox 2275 3970 2417 4031; x_wconf 88' lang='lat' dir='ltr'><strong>dicit</strong></span> <span class='ocrx_word' id='word_1_469' title='bbox 2435 3971 2740 4048; x_wconf 88' lang='lat' dir='ltr'><strong>Dominus,</strong></span> 
     </span>
     <span class='ocr_line' id='line_1_45' title="bbox 328 4048 2744 4130; baseline 0 -18"><span class='ocrx_word' id='word_1_470' title='bbox 328 4053 553 4112; x_wconf 85' lang='lat' dir='ltr'><strong>Coelum</strong></span> <span class='ocrx_word' id='word_1_471' title='bbox 596 4053 765 4113; x_wconf 84' lang='lat' dir='ltr'><strong>sedes</strong></span> <span class='ocrx_word' id='word_1_472' title='bbox 802 4072 951 4128; x_wconf 86' lang='lat' dir='ltr'><strong>mea,</strong></span> <span class='ocrx_word' id='word_1_473' title='bbox 982 4053 1161 4112; x_wconf 85' lang='lat' dir='ltr'><strong>Terra</strong></span> <span class='ocrx_word' id='word_1_474' title='bbox 1189 4060 1383 4111; x_wconf 87' lang='lat' dir='ltr'><strong>autem</strong></span> <span class='ocrx_word' id='word_1_475' title='bbox 1424 4048 1744 4111; x_wconf 89' lang='lat' dir='ltr'><strong>scabellum</strong></span> <span class='ocrx_word' id='word_1_476' title='bbox 1781 4051 1996 4130; x_wconf 89' lang='lat' dir='ltr'><strong>pedum</strong></span> <span class='ocrx_word' id='word_1_477' title='bbox 2023 4071 2312 4111; x_wconf 85' lang='lat' dir='ltr'><strong>meorum:</strong></span> <span class='ocrx_word' id='word_1_478' title='bbox 2354 4071 2485 4128; x_wconf 76' lang='lat' dir='ltr'><strong>quse</strong></span> <span class='ocrx_word' id='word_1_479' title='bbox 2512 4060 2603 4111; x_wconf 88' lang='lat' dir='ltr'><strong>est</strong></span> <span class='ocrx_word' id='word_1_480' title='bbox 2628 4051 2744 4112; x_wconf 87' lang='lat' dir='ltr'><strong>ista</strong></span> 
     </span>
     <span class='ocr_line' id='line_1_46' title="bbox 322 4129 2742 4211; baseline -0.001 -19"><span class='ocrx_word' id='word_1_481' title='bbox 322 4133 531 4192; x_wconf 88' lang='lat' dir='ltr'><strong>domus</strong></span> <span class='ocrx_word' id='word_1_482' title='bbox 558 4153 733 4211; x_wconf 90' lang='lat' dir='ltr'><strong>quam</strong></span> <span class='ocrx_word' id='word_1_483' title='bbox 760 4131 1121 4192; x_wconf 84' lang='lat' dir='ltr'><strong>aedificabitis</strong></span> <span class='ocrx_word' id='word_1_484' title='bbox 1146 4131 1365 4190; x_wconf 76' lang='lat' dir='ltr'><strong>mihi?”</strong></span> <span class='ocrx_word' id='word_1_485' title='bbox 1412 4129 1533 4191; x_wconf 90' lang='lat' dir='ltr'><strong>Ubi</strong></span> <span class='ocrx_word' id='word_1_486' title='bbox 1558 4131 1770 4208; x_wconf 83' lang='lat' dir='ltr'><strong>probat</strong></span> <span class='ocrx_word' id='word_1_487' title='bbox 1796 4151 1859 4191; x_wconf 89' lang='lat' dir='ltr'><strong>se</strong></span> <span class='ocrx_word' id='word_1_488' title='bbox 1885 4129 2118 4210; x_wconf 87' lang='lat' dir='ltr'><strong>templis</strong></span> <span class='ocrx_word' id='word_1_489' title='bbox 2143 4130 2494 4190; x_wconf 85' lang='lat' dir='ltr'><strong>munufactis</strong></span> <span class='ocrx_word' id='word_1_490' title='bbox 2519 4131 2742 4191; x_wconf 86' lang='lat' dir='ltr'><strong>includi</strong></span> 
     </span>
     <span class='ocr_line' id='line_1_47' title="bbox 320 4210 2739 4292; baseline -0 -20"><span class='ocrx_word' id='word_1_491' title='bbox 320 4232 439 4273; x_wconf 90' lang='lat' dir='ltr'><strong>non</strong></span> <span class='ocrx_word' id='word_1_492' title='bbox 464 4233 654 4292; x_wconf 88' lang='lat' dir='ltr'><strong>posse,</strong></span> <span class='ocrx_word' id='word_1_493' title='bbox 684 4234 803 4274; x_wconf 90' lang='lat' dir='ltr'><strong>non</strong></span> <span class='ocrx_word' id='word_1_494' title='bbox 828 4213 1051 4273; x_wconf 84' lang='lat' dir='ltr'><strong>ratione</strong></span> <span class='ocrx_word' id='word_1_495' title='bbox 1077 4211 1252 4272; x_wconf 88' lang='lat' dir='ltr'><strong>ducta</strong></span> <span class='ocrx_word' id='word_1_496' title='bbox 1278 4231 1315 4270; x_wconf 92' lang='lat' dir='ltr'><strong>a</strong></span> <span class='ocrx_word' id='word_1_497' title='bbox 1340 4210 1617 4272; x_wconf 86' lang='lat' dir='ltr'><strong>distantia</strong></span> <span class='ocrx_word' id='word_1_498' title='bbox 1640 4211 1756 4271; x_wconf 89' lang='lat' dir='ltr'><strong>loci</strong></span> <span class='ocrx_word' id='word_1_499' title='bbox 1783 4211 1846 4270; x_wconf 90' lang='lat' dir='ltr'><strong>in</strong></span> <span class='ocrx_word' id='word_1_500' title='bbox 1872 4231 1988 4290; x_wconf 90' lang='lat' dir='ltr'><strong>quo</strong></span> <span class='ocrx_word' id='word_1_501' title='bbox 2017 4213 2094 4272; x_wconf 88' lang='lat' dir='ltr'><strong>sit</strong></span> <span class='ocrx_word' id='word_1_502' title='bbox 2120 4211 2248 4290; x_wconf 88' lang='lat' dir='ltr'><strong>ejus</strong></span> <span class='ocrx_word' id='word_1_503' title='bbox 2281 4211 2513 4289; x_wconf 90' lang='lat' dir='ltr'><strong>propria</strong></span> <span class='ocrx_word' id='word_1_504' title='bbox 2552 4211 2739 4288; x_wconf 88' lang='lat' dir='ltr'><strong>sedes,</strong></span> 
     </span>
     <span class='ocr_line' id='line_1_48' title="bbox 320 4289 2742 4372; baseline -0 -20"><span class='ocrx_word' id='word_1_505' title='bbox 320 4301 389 4353; x_wconf 90' lang='lat' dir='ltr'><strong>ut</strong></span> <span class='ocrx_word' id='word_1_506' title='bbox 428 4293 598 4372; x_wconf 89' lang='lat' dir='ltr'><strong>fingit</strong></span> <span class='ocrx_word' id='word_1_507' title='bbox 638 4294 951 4370; x_wconf 85' lang='lat' dir='ltr'><strong>Vorstius;</strong></span> <span class='ocrx_word' id='word_1_508' title='bbox 1002 4291 1105 4352; x_wconf 91' lang='lat' dir='ltr'><strong>sed</strong></span> <span class='ocrx_word' id='word_1_509' title='bbox 1147 4312 1184 4350; x_wconf 84' lang='lat' dir='ltr'><strong>a</strong></span> <span class='ocrx_word' id='word_1_510' title='bbox 1227 4291 1565 4352; x_wconf 73' lang='lat' dir='ltr'><strong>substantiae</strong></span> <span class='ocrx_word' id='word_1_511' title='bbox 1620 4311 1742 4352; x_wconf 75' lang='lat' dir='ltr'><strong>suae</strong></span> <span class='ocrx_word' id='word_1_512' title='bbox 1787 4291 2188 4370; x_wconf 85' lang='lat' dir='ltr'><strong>magnitudine</strong></span> <span class='ocrx_word' id='word_1_513' title='bbox 2229 4311 2362 4369; x_wconf 79' lang='lat' dir='ltr'><strong>quae</strong></span> <span class='ocrx_word' id='word_1_514' title='bbox 2401 4289 2742 4351; x_wconf 87' lang='lat' dir='ltr'><strong>universum</strong></span> 
     </span>
     <span class='ocr_line' id='line_1_49' title="bbox 320 4369 2743 4452; baseline -0.001 -20"><span class='ocrx_word' id='word_1_515' title='bbox 320 4373 601 4433; x_wconf 88' lang='lat' dir='ltr'><strong>mundum</strong></span> <span class='ocrx_word' id='word_1_516' title='bbox 645 4374 848 4452; x_wconf 88' lang='lat' dir='ltr'><strong>replet.</strong></span> <span class='ocrx_word' id='word_1_517' title='bbox 934 4373 1063 4432; x_wconf 93' lang='lat' dir='ltr'><strong>Imo</strong></span> <span class='ocrx_word' id='word_1_518' title='bbox 1104 4372 1246 4432; x_wconf 89' lang='lat' dir='ltr'><strong>alibi</strong></span> <span class='ocrx_word' id='word_1_519' title='bbox 1270 4380 1622 4450; x_wconf 81' lang='lat' dir='ltr'><strong>protestatur</strong></span> <span class='ocrx_word' id='word_1_520' title='bbox 1652 4375 1718 4432; x_wconf 82' lang='lat' dir='ltr'><strong>se‘</strong></span> <span class='ocrx_word' id='word_1_521' title='bbox 1755 4373 1966 4432; x_wconf 84' lang='lat' dir='ltr'><strong>coelum</strong></span> <span class='ocrx_word' id='word_1_522' title='bbox 1995 4380 2054 4431; x_wconf 84' lang='lat' dir='ltr'><strong>et</strong></span> <span class='ocrx_word' id='word_1_523' title='bbox 2080 4379 2292 4432; x_wconf 86' lang='lat' dir='ltr'><strong>terram</strong></span> <span class='ocrx_word' id='word_1_524' title='bbox 2319 4369 2558 4449; x_wconf 87' lang='lat' dir='ltr'><strong>implere</strong></span> <span class='ocrx_word' id='word_1_525' title='bbox 2586 4369 2743 4450; x_wconf 88' lang='lat' dir='ltr'><strong>apud</strong></span> 
     </span>
     <span class='ocr_line' id='line_1_50' title="bbox 321 4450 2742 4530; baseline -0.001 -17"><span class='ocrx_word' id='word_1_526' title='bbox 321 4453 542 4514; x_wconf 84' lang='lat' dir='ltr'><strong>Jerem.</strong></span> <span class='ocrx_word' id='word_1_527' title='bbox 584 4453 754 4514; x_wconf 81' lang='lat' dir='ltr'><strong>xxiii.</strong></span> <span class='ocrx_word' id='word_1_528' title='bbox 784 4457 881 4513; x_wconf 84' lang='lat'><strong>24.</strong></span> <span class='ocrx_word' id='word_1_529' title='bbox 964 4454 1172 4512; x_wconf 81' lang='lat' dir='ltr'><strong>Annon</strong></span> <span class='ocrx_word' id='word_1_530' title='bbox 1198 4454 1393 4511; x_wconf 81' lang='lat' dir='ltr'><strong>coelum</strong></span> <span class='ocrx_word' id='word_1_531' title='bbox 1419 4461 1473 4511; x_wconf 76' lang='lat' dir='ltr'><strong>et</strong></span> <span class='ocrx_word' id='word_1_532' title='bbox 1498 4461 1715 4510; x_wconf 79' lang='lat' dir='ltr'><strong>terram</strong></span> <span class='ocrx_word' id='word_1_533' title='bbox 1741 4471 1842 4529; x_wconf 70' lang='lat' dir='ltr'><strong>eqo</strong></span> <span class='ocrx_word' id='word_1_534' title='bbox 1869 4453 2070 4530; x_wconf 75' lang='lat' dir='ltr'><strong>impleo</strong></span> <span class='ocrx_word' id='word_1_535' title='bbox 2088 4453 2116 4510; x_wconf 74' lang='lat'><strong>,²</strong></span> <span class='ocrx_word' id='word_1_536' title='bbox 2198 4451 2279 4511; x_wconf 91' lang='lat' dir='ltr'><strong>Et</strong></span> <span class='ocrx_word' id='word_1_537' title='bbox 2319 4470 2392 4510; x_wconf 90' lang='lat' dir='ltr'><strong>ne</strong></span> <span class='ocrx_word' id='word_1_538' title='bbox 2417 4450 2551 4527; x_wconf 89' lang='lat' dir='ltr'><strong>quis</strong></span> <span class='ocrx_word' id='word_1_539' title='bbox 2575 4459 2742 4528; x_wconf 78' lang='lat' dir='ltr'><strong>putet</strong></span> 
     </span>
     <span class='ocr_line' id='line_1_51' title="bbox 320 4530 2738 4610; baseline -0.001 -20"><span class='ocrx_word' id='word_1_540' title='bbox 320 4531 475 4593; x_wconf 85' lang='lat' dir='ltr'><strong>intra</strong></span> <span class='ocrx_word' id='word_1_541' title='bbox 506 4535 717 4594; x_wconf 84' lang='lat' dir='ltr'><strong>coelum</strong></span> <span class='ocrx_word' id='word_1_542' title='bbox 742 4542 845 4593; x_wconf 85' lang='lat' dir='ltr'><strong>aut</strong></span> <span class='ocrx_word' id='word_1_543' title='bbox 864 4533 1143 4593; x_wconf 86' lang='lat' dir='ltr'><strong>mundum</strong></span> <span class='ocrx_word' id='word_1_544' title='bbox 1170 4531 1470 4607; x_wconf 85' lang='lat' dir='ltr'><strong>contineri,</strong></span> <span class='ocrx_word' id='word_1_545' title='bbox 1500 4530 1641 4590; x_wconf 88' lang='lat' dir='ltr'><strong>alibi</strong></span> <span class='ocrx_word' id='word_1_546' title='bbox 1673 4531 1922 4610; x_wconf 87' lang='lat' dir='ltr'><strong>Spiritus</strong></span> <span class='ocrx_word' id='word_1_547' title='bbox 1952 4533 2200 4592; x_wconf 88' lang='lat' dir='ltr'><strong>Sanctus</strong></span> <span class='ocrx_word' id='word_1_548' title='bbox 2225 4538 2488 4606; x_wconf 80' lang='lat' dir='ltr'><strong>testatur,</strong></span> <span class='ocrx_word' id='word_1_549' title='bbox 2523 4531 2553 4590; x_wconf 94' lang='lat'>1</span> <span class='ocrx_word' id='word_1_550' title='bbox 2586 4530 2738 4607; x_wconf 86' lang='lat' dir='ltr'><strong>Reg.</strong></span> 
     </span>
     <span class='ocr_line' id='line_1_52' title="bbox 324 4612 1619 4688; baseline -0.001 -16"><span class='ocrx_word' id='word_1_551' title='bbox 324 4612 446 4673; x_wconf 82' lang='lat' dir='ltr'><strong>viii.</strong></span> <span class='ocrx_word' id='word_1_552' title='bbox 476 4619 573 4674; x_wconf 77' lang='lat'><strong>27.</strong></span> <span class='ocrx_word' id='word_1_553' title='bbox 608 4615 789 4675; x_wconf 80' lang='lat' dir='ltr'><strong>Gaelos</strong></span> <span class='ocrx_word' id='word_1_554' title='bbox 814 4617 1079 4673; x_wconf 76' lang='lat' dir='ltr'><strong>coelomm</strong></span> <span class='ocrx_word' id='word_1_555' title='bbox 1106 4633 1233 4673; x_wconf 78' lang='lat' dir='ltr'><strong>eum</strong></span> <span class='ocrx_word' id='word_1_556' title='bbox 1258 4633 1371 4672; x_wconf 78' lang='lat' dir='ltr'><strong>non</strong></span> <span class='ocrx_word' id='word_1_557' title='bbox 1398 4631 1619 4688; x_wconf 79' lang='lat' dir='ltr'><strong>capere.</strong></span> 
     </span>
     <span class='ocr_line' id='line_1_53' title="bbox 403 4686 2740 4774; baseline -0.002 -21"><span class='ocrx_word' id='word_1_558' title='bbox 403 4693 488 4754; x_wconf 85' lang='lat' dir='ltr'><strong>X.</strong></span> <span class='ocrx_word' id='word_1_559' title='bbox 534 4695 779 4757; x_wconf 75' lang='lat' dir='ltr'><strong>Frustra</strong></span> <span class='ocrx_word' id='word_1_560' title='bbox 802 4693 1093 4774; x_wconf 88' lang='lat' dir='ltr'><strong>excipitur</strong></span> <span class='ocrx_word' id='word_1_561' title='bbox 1118 4713 1155 4754; x_wconf 88' lang='lat' dir='ltr'><strong>a</strong></span> <span class='ocrx_word' id='word_1_562' title='bbox 1185 4693 1395 4754; x_wconf 81' lang='lat' dir='ltr'><strong>Orellio</strong></span> <span class='ocrx_word' id='word_1_563' title='bbox 1422 4691 1536 4752; x_wconf 87' lang='lat' dir='ltr'><strong>ista</strong></span> <span class='ocrx_word' id='word_1_564' title='bbox 1560 4691 1692 4752; x_wconf 85' lang='lat' dir='ltr'><strong>loca</strong></span> <span class='ocrx_word' id='word_1_565' title='bbox 1717 4711 1890 4770; x_wconf 80' lang='lat' dir='ltr'><strong>agere</strong></span> <span class='ocrx_word' id='word_1_566' title='bbox 1916 4691 1989 4752; x_wconf 90' lang='lat' dir='ltr'><strong>de</strong></span> <span class='ocrx_word' id='word_1_567' title='bbox 2017 4688 2482 4770; x_wconf 79' lang='lat' dir='ltr'><strong>emnipraesentia</strong></span> <span class='ocrx_word' id='word_1_568' title='bbox 2507 4686 2740 4750; x_wconf 82' lang='lat' dir='ltr'><strong>virtutis</strong></span> 
     </span>
    </p>
   </div>
  </div>
 </body>
</html>
