3300 5225
569 336 690 393 570
1557 353 1741 397 meus
1770 352 1978 395 sonus.
2614 326 2869 407 [QUAEBT-
2904 346 2965 383 x.

567 490 784 551 tionem
851 490 1182 569 repositam,
1213 490 1430 553 Annon
1455 500 1695 570 peccato
1710 492 1955 569 originis
1976 490 2221 551 liberum
2248 487 2549 549 arbitrium
2568 485 2835 547 vitiatum
2864 484 2963 557 sit,

569 570 806 647 Respon
847 578 922 645 et,
956 572 993 603 “
1024 570 1332 631 Peccatum
1369 572 1612 649 originis
1654 571 1877 629 nullum
1920 589 2155 648 prorsus
2202 578 2309 643 est,
2354 586 2533 645 quare
2568 585 2677 625 nec
2712 564 2965 623 liberum

567 649 866 709 arbitrium
893 648 1100 708 vitiare
1125 650 1332 727 potuit,
1361 670 1469 709 nee
1495 652 1650 709 enim
1677 671 1715 709 a
1742 649 2039 727 Scriptura
2079 648 2145 707 id
2168 656 2468 725 peccatum
2494 644 2739 722 originis
2764 642 2965 703 doceri

565 735 773 805 potest,
803 736 863 785 et
887 728 1086 805 lapsus
1113 728 1346 803 Adami,
1375 749 1508 789 cum
1545 748 1697 789 unus
1722 737 1885 789 setus
1924 728 2114 803 fuerit,
2144 728 2265 785 vim
2304 746 2433 785 eam
2472 744 2603 802 quoe
2643 724 2963 800 depravare

565 806 752 883 ipsam
779 814 1042 865 naturam
1071 806 1306 883 Adami,
1335 808 1520 867 multo
1547 808 1739 867 minus
1754 826 1895 866 vero
1920 816 2279 885 posterorum
2306 806 2493 882 ipsius
2516 803 2717 881 possit,
2746 803 2964 862 habere

565 904 684 943 non
707 885 954 961 potuit.'’
1037 888 1096 945 3.
1135 886 1258 945 Nec
1283 886 1360 945 ab
1399 887 1473 945 iis
1511 887 1689 946 alieni
1728 894 1865 945 sunt
1902 888 2377 960 Remomtrantes,
2421 883 2523 961 qui
2562 884 2623 941 in
2666 882 2967 959 Apologia

565 982 672 1022 sua
697 983 802 1040 pro
830 970 988 1023 certo
1015 972 1292 1039 statuunt,
1322 966 1598 1043 quiequid
1623 966 1689 1023 in
1712 966 2061 1025 eontrarium
2089 964 2461 1041 Augustinus
2484 963 2697 1039 aliique
2730 961 2963 1038 judiea-

565 1042 771 1115 verint,
815 1042 1002 1100 Deum
1030 1043 1222 1103 nullos
1249 1044 1498 1103 infantes
1525 1045 1618 1122 cuj
1627 1062 1919 1120 uscunque
1948 1044 2119 1102 sortis
2156 1053 2257 1102 aut
2282 1042 2581 1120 prosapiae,
2612 1041 2737 1099 sine
2762 1048 2958 1099 actua-

564 1119 719 1179 libus
747 1128 806 1179 et
891 1122 1097 1197 ropriis
1137 1122 1388 1198 peccatis
1426 1124 1755 1197 morientes,
1798 1122 2028 1181 oeternis
2068 1120 2417 1180 cruciatibus
2457 1120 2745 1179 destinare
2786 1119 2957 1193 velle,

564 1208 666 1257 aut
685 1199 817 1275 jure
845 1140 1132 1257 gestium
1159 1220 1328 1276 posse
1356 1201 1432 1259 ob
1457 1210 1757 1277 peceatum
1785 1200 1941 1277 qnod
1968 1210 2209 1259 vocatur
2236 1198 2475 1276 originis
2498 1222 2513 1274 3
2556 1199 2802 1256 alienam
2828 1217 2959 1255 esse

563 1277 713 1335 hanc
741 1276 1068 1354 opinionem
1096 1298 1132 1335 a
1159 1278 1358 1337 divina
1381 1279 1638 1338 bonitate
1667 1289 1727 1338 et
1752 1286 1909 1337 recta
1935 1280 2172 1354 ratione,
2203 1279 2319 1335 imo
2346 1278 2644 1351 incem,
2674 1284 2867 1335 utrum
2896 1276 2957 1333 in

563 1374 634 1414 ea
659 1356 846 1433 major
871 1356 1198 1415 absurditas
1243 1378 1319 1415 an
1347 1358 1657 1417 crudelitas
1682 1357 2097 1434 pmponderet.
2182 1358 2423 1415 Gur-cell.
2452 1366 2646 1431 aperte
2674 1354 2828 1413 idem
2854 1374 2956 1413 ne-

563 1444 667 1511 gat
695 1434 939 1493 Dissert.
969 1438 1025 1507 2,
1056 1434 1128 1493 de
1159 1436 1404 1495 Peccato
1431 1436 1717 1513 originali.
1774 1440 1830 1494 4.
1856 1436 2017 1493 Inter
2046 1434 2377 1493 Pontificios
2406 1435 2634 1509 Piylzius
2660 1442 2721 1491 et
2744 1434 2952 1493 Catha-

561 1514 721 1571 rt‘moe
747 1520 1046 1590 peccatum
1091 1514 1370 1590 originale
1417 1515 1494 1573 ad
1541 1514 1723 1573 solam
1770 1514 2206 1591 imputationem
2252 1513 2624 1590 restringunt,
2672 1532 2953 1589 propaga-

561 1591 774 1649 tionem
804 1600 1101 1667 negantes.
1186 1593 1588 1669 Anabaptistae
1624 1591 1879 1669 priorum
1907 1592 2158 1668 vestigia
2184 1599 2491 1667 sequentes
2516 1600 2815 1668 peccatum
2842 1592 2951 1648 ori-

562 1668 756 1745 ginale
793 1670 1093 1744 Anqustini
1117 1672 1450 1747 fiqmentum
1477 1678 1708 1729 vocant.
1740 1670 1961 1747 Colloq.
2012 1670 2359 1729 Francotha.
2410 1669 2588 1728 Aetio
2635 1670 2695 1727 ii.
2744 1678 2849 1728 art.
2896 1674 2953 1729 4.

565 1746 746 1805 Hisce
768 1766 908 1805 vero
937 1748 1204 1807 omnibus
1233 1750 1500 1807 Ecclesia
1527 1748 1869 1809 orthodoxa
1896 1767 2121 1826 semper
2148 1768 2211 1807 se
2238 1749 2523 1826 opposuit,
2567 1758 2629 1808 et
2666 1748 2955 1807 affirmati·

560 1844 696 1883 vam
723 1834 1054 1885 constanter
1079 1826 1332 1887 retinuit.

1155 1904 1268 1964 VI.
1312 1905 1568 1981 Quaestio
1593 1926 1737 1983 ergo
1762 1906 1915 1966 inter
1941 1907 2063 1967 Nos
2110 1914 2170 1965 et
2214 1905 2599 1966 Adversarios
2644 1914 2752 1979 est,
2802 1906 2953 1981 Non,

615 1966 974 2071 Sstffgnffl*
1073 1982 1176 2041 An
1203 1984 1372 2043 detur
1397 1994 1697 2061 peccatum
1722 1986 1959 2062 aliquod
1982 1984 2229 2063 primum
2257 1984 2551 2062 originans
2596 1985 2659 2043 in
2706 1984 2955 2061 Adamo,

1075 2082 1112 2121 a
1137 2082 1252 2139 quo
1283 2064 1424 2123 Ilias
1451 2064 1552 2123 illa
1575 2066 1877 2141 malorum,
1899 2084 2029 2142 quoe
2056 2065 2255 2143 generi
2276 2064 2527 2123 humano
2552 2063 2848 2138 incumbit,
2878 2064 2957 2123 ad

557 2160 666 2200 nos
707 2142 800 2201 vel
843 2142 1110 2219 exemplo
1157 2150 1216 2201 et
1259 2142 1596 2219 imitatione,
1642 2144 1739 2203 vel
1782 2144 2193 2221 propagatione
2240 2142 2657 2219 dimanaverit3
2704 2142 2837 2217 Sed,
2880 2162 2957 2201 an

557 2220 726 2279 detur
752 2222 960 2282 vitium
985 2220 1220 2297 aliquod
1248 2221 1550 2297 inherens,
1579 2222 1741 2299 quod
1764 2232 2063 2300 peecatum
2104 2220 2383 2299 originale
2424 2221 2651 2297 dicitur,
2694 2220 2850 2298 quod
2878 2221 2955 2281 ab

557 2298 790 2359 Adamo
815 2300 894 2359 ad
917 2320 1116 2359 omnes
1143 2300 1326 2377 ipsius
1351 2309 1614 2378 posteros
1639 2300 1889 2361 naturali
1916 2302 2285 2378 generatione
2312 2300 2387 2359 ab
2413 2320 2485 2359 eo
2524 2299 2797 2361 oriundos
2822 2319 2955 2377 pro·

551 2388 814 2455 pagetur.
857 2379 1090 2457 Negant
1115 2378 1218 2451 illi,
1251 2379 1374 2437 Nos
1399 2378 1763 2439 affirmamus.

555 2482 812 2527 Peccatum
860 2484 1002 2541 origi·
1105 2536 1120 2549 ·
1152 2458 1300 2515 VII.
1344 2458 1622 2518 Rationes
1649 2466 1801 2519 sunt.
1850 2461 1902 2517 12
1934 2460 1971 2491 ‘⁶
1988 2458 2139 2533 Quia
2162 2477 2331 2517 omne
2371 2458 2711 2534 figmentum
2736 2457 2955 2549 cogita-

611 2540 1008 2644 :faezsszff‘
1075 2546 1300 2692 {¹3:3⁰3
1319 2537 2039 2693 ῗὲἓῗήὲζἯἛῖἒῖῗἛ
2054 2536 2527 2676 ῗῗᾶἓῖιέῗ
2545 2535 2957 2676 ᾝῖἱξέἒξὶ

555 2693 667 2754 Dei
694 2695 876 2773 ipsius
893 2695 1180 2773 judicium
1207 2694 1280 2754 de
1307 2715 1478 2772 opere
1505 2715 1628 2770 suo,
1658 2695 1763 2756 sed
1802 2661 2067 2772 corrupto
2093 2661 2153 2755 et
2178 2694 2409 2769 foedato,
2439 2661 2555 2771 qu’o
2582 2702 2814 2752 notatur
2840 2713 2957 2752 non

553 2781 777 2834 tantum
805 2775 1094 2853 corruptio
1113 2774 1428 2850 hominum,
1451 2775 1556 2834 sed
1583 2775 1873 2850 corruptio
1891 2773 2251 2847 universalis,
2270 2782 2389 2830 tam
2404 2772 2715 2830 habitualis
2740 2771 2951 2848 cordis,

553 2871 728 2929 quam
754 2855 1000 2913 actualis
1025 2851 1458 2928 cogitationum,
1487 2860 1546 2910 et
1571 2853 1805 2927 quidem
1833 2852 1907 2909 ab
1934 2851 2061 2926 ipso
2101 2851 2238 2906 vitas
2275 2848 2589 2924 primordio
2616 2847 2785 2906 nobis
2812 2869 2955 2906 con-

552 2940 690 2991 nata
715 2941 776 2991 et
841 2940 1092 3010 erpetua.
1135 2930 1258 2988 Nec
1285 2930 1336 2988 si
1361 2931 1474 2988 ista
1499 2929 1769 2986 dicuntur
1794 2928 1867 2986 de
1894 2927 2063 3002 primi
2088 2925 2291 2984 mundi
2308 2924 2531 2998 incolis,
2560 2925 2833 2984 amolmico
2862 2927 2951 2985 in-

551 3011 791 3086 telligen
894 3018 1028 3067 sunt
1054 3007 1130 3065 ad
1157 3007 1300 3064 alios
1327 3007 1604 3078 homines,
1633 3013 1695 3064 et
1718 3004 2037 3062 naturalem
2064 3021 2263 3062 eorum
2290 3003 2775 3062 constitutionem.
2820 3004 2953 3066 Imo

549 3086 890 3164 hypothesis
915 3085 1018 3142 illa
1043 3081 1438 3140 transferenda
1463 3089 1552 3140 est
1593 3081 1669 3140 ad
1712 3081 1939 3156 thesim,
1989 3091 2049 3140 et
2094 3080 2249 3140 idem
2276 3081 2348 3141 de
2396 3081 2527 3142 aliis
2570 3081 2949 3159 inferendum,

550 3165 690 3240 quia
715 3161 956 3220 eandem
983 3167 1244 3218 naturam
1272 3179 1470 3218 omnes
1497 3159 1560 3217 in
1587 3167 1743 3218 statu
1757 3160 1980 3237 peccati
1995 3159 2212 3218 habent
2231 3160 2295 3218 in
2314 3180 2395 3236 se,
2424 3161 2549 3220 sinc
2680 3161 2765 3220 tia
2790 3168 2951 3222 coer-

549 3238 878 3376 33:⁸12&ss
889 3237 1608 3394 ffilgtvienssrnnoe’onqmlixl
1617 3247 2063 3377 ᾶίχιιιῗιῗιὲἒιίῗῖο
2090 3318 2297 3394 priseo,
2326 3259 2531 3395 ‘Regu
2539 3259 2951 3396 affigan-

547 3396 658 3454 bus
685 3395 760 3454 ob
787 3396 1006 3454 scelera
1031 3395 1340 3471 deleverat,
1371 3395 1476 3455 sed
1500 3396 1572 3454 de
1601 3416 1755 3456 novo
1782 3395 2015 3471 mundo,
2044 3415 2217 3473 quem
2256 3416 2336 3456 ex
2380 3397 2685 3473 superstite
2727 3398 2953 3456 Noachi

549 3475 748 3534 sobole
775 3475 1262 3552 proseminaturus
1289 3483 1429 3535 erat.
1514 3475 1568 3534 N
1571 3495 1636 3534 ec
1664 3475 1747 3534 ita
1772 3483 2009 3552 peccata
2034 3475 2281 3534 actualia
2320 3475 2651 3548 innuuntur,
2680 3476 2822 3551 quin
2848 3475 2949 3536 ha-

545 3553 764 3648 bit-nale
789 3573 922 3613 cum
949 3554 1066 3612 illis
1091 3553 1492 3646 conjungatur,
1522 3553 1661 3630 quia
1704 3553 2045 3630 principiata
2070 3561 2338 3630 corrupta
2372 3573 2498 3611 esse
2546 3572 2661 3644 non
2688 3563 2947 3630 possunt,

544 3641 1718 3788 ffissmf'ffiffibfflfflffffl
1758 3631 2051 3768 ‘3423ss
2072 3630 2950 3800 &gmffitfflfffi

545 3790 592 3849 J
593 3789 748 3848 udaei
771 3810 870 3849 m
899 3811 999 3864 -α-ι,
1028 3789 1246 3862 dicunt,
1275 3807 1391 3864 quo
1437 3787 1761 3866 exprimere
1788 3788 1977 3847 solent
2002 3787 2281 3864 originale
2308 3796 2625 3864 peccatum.
2708 3787 2799 3846 Eo
2826 3807 2945 3846 ma-

543 3867 839 4019 ffifflid
861 3887 980 4004 332
1005 3865 1966 4020 {ffgffffltffluffigffissi
1994 3865 2949 4003 “fflfflffifiz‘iffiffzizefsszssfss‘i‘

545 4021 758 4080 Ezech.
787 4021 866 4081 iv.
900 4026 992 4098 14,
1021 4030 1084 4081 et
1107 4022 1230 4082 xvi.
1259 4029 1356 4098 22,
1402 4023 1536 4083 Ose.
1563 4023 1624 4080 ii.
1678 4024 1769 4096 15,
1800 4041 1917 4079 non
1958 4041 2098 4080 vero
2124 4029 2347 4080 tantum
2387 3988 2851 4097 abolesoentiam,
2880 3989 2948 4083 ui:

545 4099 766 4158 vellent
794 4101 1120 4160 Sociniani:
1165 4101 1244 4159 Et
1271 4103 1418 4160 ratio
1445 4100 1665 4172 suadet,
1696 4101 1833 4176 quia
1858 4099 2051 4176 agitur
2076 4099 2151 4160 de
2176 4119 2353 4160 eausa
2382 4099 2622 4175 Diluvii,
2652 4119 2767 4176 quo
2794 4101 2945 4177 peri·

541 4185 712 4244 erunt
737 4178 911 4238 etiam
939 4179 1050 4258 ipsi
1077 4179 1344 4254 infantes,
1375 4181 1434 4238 in
1461 4197 1608 4254 quos
1633 4177 1855 4238 malitia
1880 4177 2125 4238 actualis
2150 4197 2266 4236 non
2292 4178 2465 4254 cedit,
2489 4177 2591 4254 qui
2610 4187 2801 4238 tamen
2828 4197 2948 4238 non

542 4254 667 4315 sine
695 4275 870 4317 causa
895 4268 954 4319 et
981 4258 1196 4334 injuste
1219 4257 1408 4333 puniti
1435 4263 1586 4316 sunt.
1674 4255 1833 4333 Ergo
1860 4257 2079 4316 malitia
2106 4256 2405 4332 originalis
2445 4276 2577 4316 cum
2604 4257 2817 4316 actuali
2845 4257 2942 4315 de-

539 4335 640 4394 bet
655 4337 972 4396 connotari.
1053 4336 1302 4410 Fingere
1327 4335 1422 4392 hie
1467 4333 1743 4410 Spiritum
1774 4335 2049 4394 Sanctum
2092 4335 2461 4412 hyperbolice
2504 4336 2715 4394 veteris
2742 4335 2943 4394 mundi

541 4413 761 4490 flagitia
787 4433 1158 4490 exaggerare,
1187 4431 1304 4470 non
1345 4413 1512 4488 quasi
1539 4433 1739 4471 omnes
1786 4413 1997 4472 fuerint
2041 4410 2329 4489 flagitiosi,
2362 4411 2466 4472 sed
2506 4413 2663 4489 quod
2688 4413 2945 4472 maxima

537 4511 614 4550 ex
641 4499 801 4568 parte
829 4491 1080 4568 corrupti
1109 4489 1336 4564 fuerint,
1365 4501 1454 4550 est
1481 4511 1801 4568 supponere
1830 4491 2011 4566 gratis
2038 4490 2195 4566 quod
2238 4491 2594 4567 probandum
2623 4500 2727 4550 ost.
2790 4491 2937 4550 Nam

536 4569 870 4644 hyperbolis
897 4569 1128 4628 demum
1153 4569 1316 4628 locus
1343 4579 1432 4628 cst
1479 4571 1538 4628 in
1567 4570 1761 4644 sacris,
1814 4569 1915 4630 ubi
1943 4569 2119 4628 verba
2166 4569 2241 4628 ad
2286 4569 2513 4632 literam
2560 4578 2811 4646 accepta,
2845 4570 2939 4628 vel
