3300 5225
346 358 573 412 onais-r.
602 339 717 424 nn]
1350 357 1431 400 nr.
1458 357 1742 402 peccaro.
2623 341 2740 400 565

344 511 517 580 pacto
542 501 775 580 penitus
814 498 1151 558 obstrueret.
1236 497 1371 556 Hoc
1406 500 1561 557 enim
1600 507 1888 577 praetextu
1922 499 2146 578 judicia
2169 498 2370 557 divina
2395 497 2438 559 J
2440 497 2591 558 udsei
2618 515 2742 556 oar·

346 583 577 658 psham,
607 579 765 658 quod
804 579 1171 636 merentes
1194 586 1429 655 propter
1468 589 1772 655 parentum
1810 586 2048 656 peccata
2085 579 2484 656 plecterentur,
2514 585 2580 636 ut
2607 595 2742 634 con-

347 669 465 720 stat
491 679 565 718 ex
594 657 899 736 proverbio
926 656 1083 733 quod
1108 657 1477 733 usurpabant,
1515 660 1716 716 Patres
1754 659 2076 735 omphacem
2112 659 2482 730 comederunt,
2511 664 2566 714 et
2587 656 2742 732 filio-

345 759 477 796 rum
504 742 689 797 dentes
716 739 1153 812 obstupuerunt;
1198 736 1532 812 Respondet
1560 738 1722 796 Deus
1749 756 1812 795 se
1840 737 1902 794 id
1927 737 2162 794 minime
2183 755 2323 812 erga
2339 736 2495 812 ipsos
2521 733 2741 810 praesti-

346 826 557 891 turum,
589 817 693 876 sed
718 832 1182 906 unumquemque
1208 823 1441 891 propter
1488 816 1720 892 propria
1745 823 1983 893 peccata
2019 815 2370 892 puniturum,
2399 821 2466 871 ιιι
2501 812 2746 871 habetur

347 917 406 954 v.
436 899 533 955 30.
615 896 764 955 Vult
790 913 929 970 ergo
957 892 1019 950 in
1044 912 1165 951 rem
1183 900 1521 969 praesentem
1550 913 1652 952 eos
1679 894 1980 969 deducere,
2005 902 2064 951 et
2083 893 2159 951 ad
2179 913 2306 951 eam
2327 892 2745 952 confessionem

347 975 597 1050 adigere,
628 983 701 1032 ιιι
725 979 1043 1049 agnoscant
1071 972 1261 1029 Deum
1288 989 1414 1029 esse
1442 972 1503 1030 in
1530 973 1652 1030 suis
1669 972 1910 1049 judiciis
1929 974 2171 1048 justum,
2201 991 2309 1030 nec
2343 990 2488 1063 opus
2515 989 2641 1062 esse
2679 976 2749 1028 ιιι

346 1061 573 1130 quaerat
599 1053 659 1110 in
686 1052 945 1142 patribus
970 1057 1209 1126 peccata
1233 1049 1311 1106 ad
1348 1049 1501 1107 filios
1526 1050 1900 1127 plectendos;
1946 1051 2086 1108 satis
2127 1070 2254 1108 esse
2280 1051 2343 1107 in
2369 1069 2512 1126 ipsis
2555 1048 2744 1108 crimi-

346 1151 503 1204 num,
534 1131 707 1190 etiam
736 1129 987 1206 seposita
1012 1128 1187 1186 alieni
1212 1127 1435 1204 peceati
1458 1129 1854 1204 imputatione,
1884 1137 1950 1187 ιιι
1977 1136 2036 1187 et
2061 1129 2136 1187 iis
2161 1148 2306 1205 quas
2326 1129 2482 1205 passi
2499 1127 2742 1201 fuerant,

346 1217 409 1267 et
434 1209 799 1284 gravioribus
824 1207 999 1266 etiam
1038 1206 1225 1298 poenis
1252 1206 1682 1265 mulctarentur.
1766 1207 1860 1266 Ita
1897 1227 2017 1265 non
2042 1207 2138 1266 hic
2177 1208 2245 1264 fit
2269 1207 2392 1264 ulla
2417 1207 2584 1264 Juris
2609 1209 2741 1283 defl-

344 1288 498 1363 m‘u‘o,
532 1287 636 1346 sed
661 1295 885 1345 tantum
902 1286 1067 1361 pacti
1086 1285 1341 1360 specialis
1368 1286 1712 1358 declamatio,-
1752 1305 1870 1344 non
1898 1285 2040 1344 dicit
2066 1285 2204 1362 quid
2231 1287 2374 1361 jure
2398 1286 2595 1360 possit,
2640 1285 2746 1342 sed

350 1366 631 1425 adversus
674 1364 1099 1423 criminationes
1140 1363 1357 1440 populi,
1388 1363 1530 1440 quid
1556 1366 1760 1438 facere
1784 1366 1928 1422 velit.
2014 1365 2102 1422 Eo
2145 1382 2252 1422 nos
2291 1362 2508 1422 ducunt
2535 1382 2744 1438 scopus

350 1445 655 1521 Prophetae
684 1452 742 1503 et
782 1443 962 1502 series
985 1443 1311 1501 verborum.
1397 1441 1662 1519 Denique
1707 1442 1866 1502 aliud
1909 1451 1998 1502 est
2026 1447 2126 1519 jus
2151 1462 2440 1516 summum,
2471 1441 2630 1500 aliud
2641 1444 2742 1516 jus

348 1525 429 1581 im
432 1525 579 1581 εικιία
618 1530 999 1598 temperatum.
1084 1521 1181 1578 Ex
1219 1521 1321 1578 illo
1361 1520 1521 1578 Deus
1563 1528 1757 1596 potest
1782 1521 2016 1579 visitare
2063 1529 2300 1598 peecata
2339 1527 2639 1597 parentum
2681 1520 2744 1576 in

346 1605 537 1678 fi1i0s3
586 1602 702 1661 Sed
729 1621 805 1658 ex
832 1601 945 1658 isto
972 1619 1089 1658 non
1116 1599 1357 1658 ulterius
1378 1618 1551 1674 quam
1570 1599 1647 1656 ad
1666 1608 1996 1676 peccatores
2017 1600 2174 1676 ipsos
2193 1619 2422 1676 poenam
2443 1599 2738 1674 extendit3
2783 1637 2790 1643 ·

352 1682 523 1740 Unde
551 1680 594 1740 J
596 1701 675 1739 er
706 1679 873 1737 xxxi.
904 1682 999 1754 29,
1034 1678 1323 1769 Propheta
1349 1678 1602 1784 loquens
1630 1677 1704 1736 de
1731 1687 1986 1756 tempore
2015 1679 2170 1736 Novi
2197 1678 2552 1736 Testamenti
2592 1677 2742 1735 inter

345 1760 461 1818 alia
486 1760 611 1816 haec
638 1759 829 1832 habet,
865 1760 901 1791 “
925 1758 997 1815 Ιιι
1024 1756 1229 1814 diebus
1269 1756 1454 1830 istis,''
1484 1756 1690 1832 inquit,
1739 1759 1774 1790 “
1795 1776 1912 1814 non
1952 1756 2162 1831 dicent,
2195 1756 2398 1815 Patres
2433 1755 2738 1816 manduca·

344 1845 554 1896 verunt
579 1857 755 1895 uvam
784 1837 1065 1909 acerbam,
1095 1843 1154 1893 et
1180 1835 1383 1893 dentes
1408 1834 1658 1892 filiorum
1686 1836 2120 1911 obstupuerunt,
2146 1835 2248 1892 sed
2268 1835 2660 1911 unusquisque
2682 1836 2746 1892 in

344 1923 582 1993 peccato
610 1934 715 1973 suo
742 1915 1074 1989 morietur,''
1106 1912 1214 1971 &a
1242 1921 1309 1970 ut
1335 1913 1541 1971 doceat
1568 1913 1760 1972 Deum
1799 1914 1996 1972 mitius
2023 1933 2197 1991 quam
2233 1922 2403 1972 antea
2430 1932 2561 1971 cum
2600 1913 2744 1989 ipsis

345 2003 655 2054 acturum..

426 2073 745 2131 XXVIII.
792 2071 978 2130 Actus
1004 2071 1176 2130 unius
1202 2091 1319 2130 non
1345 2077 1535 2148 potest
1563 2091 1690 2131 esse
1719 2080 1776 2131 et
1797 2071 1912 2132 dici
1937 2073 2352 2146 universorum,
2383 2073 2434 2130 si
2462 2071 2539 2131 sit
2578 2079 2741 2129 actus

344 2171 501 2210 mere
528 2152 865 2229 personalis,
895 2150 1220 2228 cujusmodi
1268 2157 1403 2209 sunt
1436 2161 1676 2226 peccata
1714 2170 1844 2227 quse
1872 2151 2128 2228 quotidie
2170 2172 2206 2208 a
2246 2150 2490 2227 singulis
2531 2149 2738 2208 admit-

346 2239 584 2290 tuntur.
630 2229 732 2288 sed
774 2249 889 2287 non
937 2237 1129 2306 potest
1168 2228 1415 2321 intelligi
1456 2229 1529 2285 de
1570 2237 1701 2286 actu
1730 2230 2020 2287 communi
2047 2249 2150 2287 seu
2176 2228 2505 2321 universali,
2537 2227 2636 2304 qui
2664 2227 2740 2286 ad

344 2317 530 2368 totum
559 2329 744 2386 genus
770 2310 1084 2367 humanum
1110 2308 1373 2383 pertinet,
1393 2306 1581 2383 qualis
1598 2307 1709 2366 fuit
1733 2317 1896 2366 actus
1918 2308 2130 2364 Adami
2153 2308 2460 2384 peccantia
2545 2305 2740 2364 Adam

344 2408 482 2446 sane
509 2387 621 2446 fuit
645 2406 797 2446 unus
824 2385 1138 2459 individuo,
1170 2395 1229 2443 et
1254 2405 1499 2461 persona
1524 2385 1852 2478 singularis,
1881 2385 2030 2443 sed
2015 2405 2076 2443 ιιι
2101 2387 2212 2444 hoe
2238 2395 2389 2457 actu,
2419 2404 2535 2443 non
2577 2404 2737 2461 spec-

335 2475 501 2526 ‘tatur
526 2473 593 2525 ut
611 2485 858 2557 persona
876 2464 1201 2540 singularis,
1226 2463 1330 2521 sed
1344 2464 1537 2540 potius
1558 2473 1623 2522 ut
1640 2465 1983 2541 principium
2003 2473 2062 2522 et
2085 2465 2270 2541 Caput
2291 2465 2468 2523 totius
2489 2463 2734 2540 generis,

348 2565 479 2603 eum
508 2565 623 2623 quo
654 2543 858 2603 Deus
842 2563 903 2600 ιιι
930 2543 1055 2621 ipso
1083 2541 1271 2600 foedus
1298 2543 1603 2601 contraxit.
1698 2545 1966 2601 Voluntas
1992 2563 2130 2621 ergo
2159 2543 2374 2601 Adami
2396 2551 2587 2621 potest
2623 2542 2741 2600 dici

348 2626 653 2701 singularis
693 2634 851 2683 actus
880 2624 1249 2699 proprietate,
1300 2623 1629 2680 universalis
1668 2624 2176 2699 reproesentationis
2200 2626 2356 2697 jure,
2409 2622 2734 2698 singularis,

346 2704 485 2779 quia
496 2705 569 2762 ab
586 2723 701 2762 uno
723 2722 797 2760 ex
815 2700 1131 2759 individuis
1148 2701 1414 2758 humanis
1434 2700 1692 2777 profecta
1718 2709 1822 2776 est,
1845 2702 2192 2760 universalis
2193 2701 2358 2778 ‚quia
2373 2700 2738 2759 individuum

344 2782 494 2841 illud
518 2783 854 2840 universum
882 2799 1067 2857 genus
1092 2782 1403 2838 humanum
1442 2780 1904 2854 repraesentabat.
1992 2780 2088 2837 Sic
2124 2780 2353 2856 justitia
2395 2779 2610 2837 Christi
2649 2785 2739 2837 est

348 2870 509 2919 aetus
536 2861 723 2935 unius,
754 2868 813 2919 et
838 2860 985 2917 bene
1012 2868 1207 2917 tamen
1232 2858 1443 2915 dicitur
1468 2858 1722 2916 omnium
1756 2857 2012 2917 fidelium
2055 2877 2158 2935 per
2195 2858 2451 2933 dixinam
2493 2858 2738 2933 imputa-

344 2941 598 3015 tionem3
628 2949 695 2997 ut
721 2938 878 3015 quod
904 2956 1055 2996 unus
1080 2936 1234 3010 fecit,
1264 2955 1463 2994 omnes
1504 2946 1844 2995 censeantur
1883 2936 2106 3013 fecisse,
2141 2939 2177 2969 “
2197 2937 2248 2995 si
2285 2955 2438 2995 unus
2478 2943 2738 2995 mortuus

348 3026 453 3090 est,
486 3036 685 3075 omnes
712 3024 846 3075 sunt
870 3016 1121 3089 mortui,
1128 3016 1202 3071 ’2
1234 3014 1363 3073 Cor.
1392 3034 1449 3072 v.
1485 3017 1577 3072 14.

429 3095 691 3151 XXIX.
737 3094 902 3153 Licet
941 3095 1199 3152 omnium
1236 3112 1541 3169 personam
1590 3092 1926 3152 sustinuerit
1967 3092 2232 3151 Adamus
2271 3092 2580 3169 peccandO,
2621 3112 2742 3151 non

344 3172 557 3249 pariter
584 3172 977 3230 remissionem
1017 3171 1349 3245 obtinendo,
1380 3179 1447 3229 ut
1470 3180 1539 3229 ut
1564 3191 1822 3230 essemus
1849 3192 2011 3249 aeque
2041 3173 2102 3229 in
2129 3174 2254 3249 ejus
2293 3171 2544 3230 lumbis·
2531 3216 2544 3247 ,
2591 3171 2741 3245 Quia

344 3257 531 3309 status
557 3268 671 3325 quo
698 3249 931 3324 excidit,
961 3250 1241 3308 naturalis
1258 3248 1385 3339 fuit,
1415 3248 1545 3307 ideo
1574 3268 1774 3307 omnes
1801 3249 2084 3326 implicuit
2111 3252 2238 3326 ejus
2264 3250 2494 3326 lapsus;
2525 3250 2628 3308 sed
2665 3250 2743 3308 ad

342 3346 543 3386 omnes
570 3347 687 3385 non
713 3326 915 3385 debuit
938 3327 1222 3417 pertinere
1250 3325 1377 3401 ejus
1402 3326 1710 3400 restituti0,
1739 3346 1869 3402 quse
1897 3329 2346 3404 supernaturalis
2383 3336 2442 3386 et
2469 3329 2737 3404 gratuita,

345 3426 415 3465 ac
440 3405 680 3483 proinde
708 3405 881 3464 etiam
906 3403 1243 3481 personalis.

426 3484 651 3541 XXX.
696 3483 809 3555 Qui
854 3483 1015 3540 nullo
1058 3482 1229 3540 modo
1278 3482 1387 3541 fuit
1434 3482 1496 3539 in
1542 3480 1793 3558 Adamo,
1823 3502 1930 3542 nec
1975 3484 2249 3561 potentia,
2292 3504 2400 3542 nec
2441 3492 2591 3557 actu,
2620 3504 2739 3542 non

343 3570 537 3640 potest
562 3562 677 3620 dici
702 3580 971 3638 peccasse
998 3561 1061 3617 in
1088 3560 1337 3621 Adamo.
1425 3560 1543 3619 Sed
1567 3561 1836 3652 quamvis
1861 3580 1977 3619 non
2019 3562 2294 3620 fuerimus
2334 3570 2484 3634 actu,
2515 3570 2574 3619 et
2609 3581 2735 3653 per-

348 3640 662 3699 sonaliter‘
648 3658 709 3697 ιιι
736 3640 879 3716 ipso,
908 3638 1121 3697 fuimus
1148 3648 1343 3697 tamen
1368 3640 1641 3716 potentia,
1673 3648 1795 3697 tum
1823 3640 2178 3714 seminaliter,
2210 3647 2511 3717 quatenus
2521 3638 2582 3696 in
2607 3640 2736 3714 ipso

345 3727 621 3795 tanquam
641 3718 820 3777 totius
842 3718 1053 3794 speciei
1070 3716 1261 3775 radice
1290 3718 1740 3791 continebamur,
1766 3718 1902 3777 Aet.
1925 3718 2068 3775 xvii.
2091 3720 2186 3791 26,
2219 3726 2340 3775 tum
2368 3726 2736 3791 reprensenta-

346 3806 467 3871 twe,
498 3804 782 3873 quatenus
810 3814 885 3853 ex
912 3795 1111 3854 ordine
1142 3796 1253 3853 Dei
1279 3814 1582 3873 personam
1610 3804 1864 3853 nostram
1892 3796 2188 3871 referebat,
2220 3805 2280 3854 et
2321 3794 2525 3854 Deus
2509 3814 2570 3852 m
2609 3794 2738 3871 ipso

348 3894 481 3934 cum
520 3882 645 3933 toto
687 3893 895 3950 genere
934 3873 1188 3931 humano
1236 3874 1425 3931 foedus
1470 3875 1786 3949 pepigerat.
1871 3874 1966 3931 Ita
2003 3876 2268 3951 quamvis
2309 3892 2426 3932 non
2463 3872 2738 3931 fuerimus

344 3962 479 4011 actu
500 3954 561 4009 in
590 3952 835 4027 Christo,
866 3970 1046 4043 quum
1070 3972 1174 4027 pro
1200 3952 1368 4009 nobis
1398 3960 1662 4009 mortuus
1701 3958 1806 4026 est,
1835 3970 1992 4010 mors
2031 3962 2224 4011 tamen
2249 3954 2377 4028 ejus
2403 3952 2572 4010 nobis
2591 3952 2738 4010 bene

348 4033 665 4108 imputatur
688 4038 924 4107 propter
948 4030 1219 4088 unionem
1246 4049 1376 4106 quae
1402 4030 1571 4089 nobis
1597 4048 1729 4087 eum
1757 4029 1884 4106 ipso
1911 4030 2228 4089 intercedit.

428 4109 688 4167 XXXI.
733 4108 1044 4185 Repugnat
1064 4107 1307 4184 justitias
1334 4108 1563 4181 divinae,
1580 4108 1786 4185 punire
1805 4109 2056 4185 aliquem
2077 4109 2152 4166 ob
2173 4108 2424 4166 alienum
2439 4116 2738 4185 peceatum

347 4186 505 4262 quod
532 4188 609 4245 sit
636 4186 971 4263 simpliciter
996 4194 1055 4245 et
1080 4186 1238 4245 omni
1264 4186 1435 4245 modo
1467 4186 1754 4262 alienum3
1798 4186 1901 4246 sed
1939 4205 2056 4243 non
2096 4188 2269 4263 quod,
2303 4187 2442 4245 licet
2481 4188 2560 4245 sit
2599 4187 2738 4245 alie-

346 4284 491 4323 num
516 4264 737 4324 ratione
764 4284 1042 4341 personae,
1066 4284 1367 4323 commune
1384 4272 1575 4323 tamen
1594 4273 1684 4323 est
1704 4265 2222 4342 repraesentationis
2239 4273 2298 4323 et
2325 4266 2740 4323 communionis

347 4343 641 4418 alicujus'
617 4362 767 4419 Jure,
796 4363 913 4420 quo
938 4343 1005 4401 fit
1031 4352 1099 4400 ιιι
1122 4351 1317 4401 reatus
1344 4343 1469 4417 ejus
1494 4343 1710 4401 multos
1737 4343 2033 4402 involvat:
2074 4344 2185 4403 hoe
2213 4345 2364 4401 enim
2406 4353 2466 4401 et
2505 4344 2738 4401 commi-

347 4421 509 4480 natio
538 4422 731 4497 Legis,
762 4431 820 4481 et
854 4421 1078 4497 judicia
1116 4421 1277 4478 varia
1320 4420 1447 4494 Dei,
1482 4420 1694 4496 quibus
1733 4420 2018 4499 impletur,
2051 4431 2110 4479 et
2149 4422 2477 4497 exemplum
2507 4421 2737 4494 Christi,

349 4500 447 4558 cui
472 4509 709 4575 peccata
734 4509 933 4557 nostra
956 4519 1093 4557 vere
1120 4499 1403 4575 imputata
1428 4508 1580 4572 sunt,
1603 4499 1922 4575 justissime
1949 4500 2074 4557 fieri
2101 4499 2512 4557 demonstrant.

429 4577 723 4635 XXXII.
766 4578 1043 4652 Quamvis
1068 4575 1458 4636 inobedientia
1478 4576 1694 4635 Adami
1721 4578 1888 4637 nobis
1913 4578 2193 4655 imputata
2220 4578 2312 4651 sit,
2341 4596 2456 4634 non
2485 4576 2743 4653 sequitur
