3300 5225
577 334 611 393 6
1571 344 1754 388 Locus
1784 345 2018 389 ramus.
2629 324 2887 407 [Quffisr.
2918 346 2985 388 n.

578 492 766 566 batur,
797 486 951 550 unde
995 494 1056 548 et
1081 490 1270 548 1³0&ae
1311 488 1388 547 ob
1429 486 1817 565 σωληουμιίκυς
1842 490 2038 563 piatone,
2069 495 2129 547 et
2158 485 2513 565 Philosophi,
2544 494 2603 546 et
2648 486 2993 547 Sacerdotes
3036 522 3041 525 -

585 569 855 648 Theoloqi
877 566 1019 627 dicti
1045 566 1202 646 apud
1225 567 1396 627 «Τυδεῖ.
1426 570 1637 628 cohor-t.
1678 570 1765 627 ad
1791 568 1981 630 Graec.
2010 576 2066 625 ct
2092 564 2269 625 Olem.
2296 566 2465 626 Aleoe.
2507 574 2703 627 strom.
2730 568 2799 643 53
2842 568 2987 645 prs&-

583 652 776 729 cipua·
796 668 937 709 vero
979 646 1314 725 Theologiae
1357 647 1615 727 ipsorum
1658 667 1793 726 pars
1834 646 1947 707 fuit
1987 648 2241 717 θιαγουίιις
2283 644 2591 725 expositiO,
2646 645 2787 725 quia
2829 646 2990 706 Deos
3048 718 3052 723 .

584 729 815 809 genitos
856 726 1037 788 fuisse
1081 728 1380 806 putabant.
1469 728 1737 787 Secundo
1790 727 2111 807 Infidelium
2162 736 2219 786 et
2256 726 2689 801 Han-eticorum,
2746 726 2848 803 qui
2892 726 2991 785 vel

585 808 880 871 Christum
921 806 1095 885 plane
1137 806 1422 885 rejiciunt,
1457 814 1525 867 ut
1565 809 1777 883 Judaei‚
1822 806 2304 881 Mahumnaedam’,
2336 804 2446 865 &0-
2492 806 2588 867 vel
2630 806 2733 883 qui
2776 805 2993 865 Christi

583 907 796 949 nomen
822 888 1090 963 retinent,
1126 886 1228 947 sed
1270 887 1335 944 in
1359 886 1888 947 fundamentalibus
1930 905 2063 946 cum
2092 885 2206 945 Dei
2232 886 2431 945 Verbo
2474 894 2754 963 pugnant,
2799 885 2991 961 qualis

585 976 678 1028 est
693 966 1016 1045 Theologia
1030 966 1207 1027 Ponti
1277 966 1295 980 ⁹
1321 986 1466 1042 rum,
1486 967 1935 1042 Socinianorum‚
1958 974 2018 1026 et
2045 966 2289 1025 aliorum
2305 964 2554 1042 idgenus
2571 964 2989 1025 haereticorum.

588 1047 756 1108 Licet
781 1046 935 1105 enim
962 1064 1161 1105 eorum
1240 1046 1508 1123 heologia
1547 1046 1769 1125 aliquid
1795 1046 1921 1105 veri
1958 1046 2205 1121 habeat3
2248 1046 2387 1123 quia
2414 1054 2605 1105 tamen
2633 1044 2888 1105 maxima
2913 1063 2991 1103 ex

585 1134 750 1207 parte
775 1125 924 1185 falsa
949 1132 1054 1202 est,
1098 1133 1158 1185 et
1182 1135 1385 1203 peccat
1421 1127 1483 1185 in
1523 1125 2067 1201 fundamentalibus,
2110 1132 2265 1185 recte
2304 1124 2453 1185 falsa
2477 1124 2704 1202 dicitur,
2735 1124 2991 1184 denomi-

587 1207 821 1267 natione
847 1205 1002 1265 facta
1026 1225 1063 1262 a
1089 1204 1314 1283 potiori.

667 1286 781 1345 VI.
828 1284 1130 1361 Theoloqt'a
1167 1304 1307 1345 vera
1347 1284 1727 1361 distribuitur,
1777 1288 1830 1345 1.
1860 1285 1921 1344 in
1950 1284 2224 1365 infinitam
2250 1292 2310 1343 et
2348 1283 2678 1359 increatam,
2708 1303 2839 1360 quae
2865 1291 2989 1343 tum

587 1374 678 1427 est
705 1364 1028 1424 essentialis
1058 1365 1170 1423 Dei
1197 1364 1270 1424 de
1299 1365 1488 1443 seipso
1516 1366 1771 1442 cognitio
1800 1365 2013 1425 Matth.
2042 1364 2125 1423 xi.
2154 1367 2251 1439 27,
2294 1364 2357 1422 in
2382 1383 2499 1441 qua
2528 1364 2689 1423 Deus
2716 1364 2875 1422 solus
2902 1373 2991 1423 est

589 1445 762 1505 simul
789 1446 1060 1517 ἔπισπτὶν,
1089 1446 1383 1522 ἐπιστήμων,
1413 1454 1472 1503 et
1500 1445 1758 1522 ἔπιστῆμη,
1797 1454 1921 1505 tum
1946 1443 2011 1503 id
2036 1444 2195 1521 quod
2220 1444 2295 1503 de
2322 1444 2511 1522 seipso
2539 1442 2796 1503 decrevit
2822 1442 2993 1502 nobis

589 1525 867 1600 revelare,
898 1544 1030 1601 quse
1057 1524 1239 1600 vulgo
1282 1525 1607 1601 Archetypa
1647 1525 1894 1599 dicitur3
1940 1524 2020 1581 Et
2043 1524 2278 1602 finitam
2319 1544 2389 1583 ac
2428 1531 2695 1598 creatam,
2742 1542 2873 1601 quas
2902 1532 2992 1582 est

589 1603 832 1662 infinitae
856 1603 1013 1662 illius
1039 1624 1110 1663 ac
1135 1629 1464 1685 wemma-ov
1488 1604 1724 1681 effigies,
1755 1613 1817 1663 et
1838 1601 2061 1681 anm,
2084 1604 2487 1663 Creaturarum
2516 1603 2735 1662 scilicet
2761 1601 2835 1661 de
2864 1604 2994 1661 Deo

591 1692 651 1743 et
677 1683 850 1741 rebus
867 1683 1081 1743 divinis
1108 1684 1329 1761 notitia,
1351 1705 1388 1742 a
1413 1703 1681 1761 suprema
1704 1683 1809 1744 illa
1832 1683 2131 1742 efformata
2156 1691 2217 1742 et
2242 1682 2518 1741 creaturis
2536 1681 2995 1759 intelligentibus

591 1762 1028 1837 communicata,
1061 1764 1176 1823 Vel
1216 1782 1320 1841 per
1357 1764 1628 1825 unionem
1669 1764 2093 1842 hypostaticam
2134 1762 2341 1821 animae
2369 1763 2599 1838 Christi,
2630 1762 2783 1821 unde
2811 1763 2995 1822 oritur

596 1844 901 1920 neoto-qia
935 1843 1167 1903 Unionie
1183 1868 1210 1917 ,·
1249 1842 1366 1903 Vel
1408 1862 1512 1921 per
1536 1842 1823 1903 visionem
1864 1842 2191 1903 beatificam
2234 1843 2485 1919 Angelis
2526 1850 2587 1901 et
2628 1842 2844 1917 Beatis,
2890 1842 2991 1919 qui

589 1940 708 1981 non
735 1922 1033 1981 ambulant
1058 1942 1162 2001 per
1185 1921 1378 1999 fidem,
1409 1923 1512 1983 sed
1538 1942 1642 2001 per
1668 1931 1981 2000 aspectum,
2012 1942 2143 2000 quae
2170 1921 2381 1981 dicitur
2400 1922 2701 1999 Theozoyia
2722 1923 2959 1982 Visiom‘s
2969 1946 2995 1994 ‚-

591 2002 708 2061 Vel
733 2020 840 2080 per
864 2001 1273 2062 revelationem
1299 2022 1431 2081 quae
1457 2002 1526 2062 fit
1552 2003 1905 2078 Viatoribus,
1950 2003 2022 2061 iis
2062 2010 2203 2080 puta
2228 2001 2329 2079 qui
2369 2001 2445 2061 ad
2484 2011 2697 2061 metam
2738 2001 2992 2060 nondum

589 2090 992 2161 pervenerunt,
1022 2090 1083 2142 et
1109 2092 1350 2142 vocatur
1379 2082 1685 2161 Theoloyia
1709 2082 2101 2158 Revelatiom's,
2132 2101 2237 2141 seu
2267 2080 2471 2141 Stadii.

671 2162 819 2222 VII.
865 2160 1150 2239 Secund0,
1178 2163 1484 2241 Theoloyia
1522 2164 1875 2223 revelationis
1914 2182 2119 2221 rursus
2150 2160 2431 2220 dividitur
2470 2160 2531 2219 in
2571 2160 2890 2220 naturalem
2934 2168 2994 2219 et

590 2242 1100 2320 supernaturalem.
1143 2244 1451 2303 Naturalis
1476 2263 1606 2321 quae
1635 2252 1900 2303 versatur
1926 2243 2079 2301 circa
2094 2247 2151 2301 τὸ
2168 2246 2380 2313 qumi,
2394 2249 2484 2301 τοῦ
2505 2248 2649 2316 Θεοῦ,
2674 2250 2799 2299 tum
2826 2240 2993 2300 insita

589 2340 666 2380 cx
693 2322 988 2399 impressis
1015 2322 1223 2401 cuique
1250 2324 1582 2383 notionibus
1610 2323 2028 2397 communibuS,
2050 2330 2175 2382 tum
2192 2323 2469 2399 acquisita
2494 2340 2572 2381 ex
2598 2320 2862 2379 discursu
2888 2338 2993 2396 per

589 2410 899 2478 creatum,
930 2421 1060 2479 quac
1089 2402 1149 2461 in
1179 2402 1410 2462 Adamo
1453 2403 1689 2481 quidem
1734 2403 1961 2479 integro
2004 2402 2115 2461 fuit
2157 2402 2464 2479 exquisita,
2510 2400 2615 2459 sed
2656 2399 2717 2459 in
2760 2400 2991 2458 homine

587 2490 858 2557 corrupto
905 2481 1418 2558 perturbatissima.
1515 2476 1999 2558 Supcmdtzcralis,
2042 2502 2173 2559 quae
2216 2482 2497 2541 rationem
2539 2488 2795 2539 nostram
2838 2487 2993 2539 tran-

591 2560 832 2635 scendit,
863 2568 922 2620 et
947 2560 1116 2620 nobis
1143 2579 1180 2618 a
1209 2560 1334 2619 Deo
1363 2561 1817 2622 communicatur
1848 2581 2003 2620 novo
2042 2562 2245 2640 gratiae
2284 2561 2518 2640 lumine,
2562 2570 2629 2622 ut
2667 2560 2745 2620 ad
2785 2558 2995 2621 summi

589 2639 730 2698 boni
755 2638 1086 2699 fruitionem
1111 2639 1510 2716 deveniamuS,
1540 2661 1671 2719 quae
1711 2637 1835 2701 tuni
1866 2642 2213 2702 Patriarchis
2255 2642 2511 2703 revelata
2550 2651 2657 2718 est,
2700 2650 2819 2702 tam
2862 2649 2994 2700 ante

589 2719 1440 2862 ffliss'ssffllffiffl
1453 2721 1826 2862 -P‘Z-21M23ffii'3'
1854 2722 2993 2863 ζὲῗῆἒείἓὲῗῗξῖῗῖἶέἕιέιῗῖῗὲωῗ

589 2879 728 2956 quia
745 2878 1038 2939 Christum
1065 2881 1362 2942 authorem
1391 2847 1768 2961 et’objectum
1796 2823 1987 2960 hibet,
2018 2892 2108 2943 est
2134 2903 2169 2941 a
2187 2824 2416 2943 Chrisfio
2443 2883 2489 2942 J
2490 2901 2619 2940 oan.
2649 2880 2687 2939 i.
2712 2881 2803 2954 18,
2834 2887 2893 2937 et
2919 2843 2992 2936 de

591 2958 822 3019 Christo
850 2959 974 3037 agit
1001 2958 1136 3020 Act.
1166 2959 1205 3019 i.
1241 2963 1269 3018 1
1293 2981 1308 3038 3
1357 2965 1388 3020 1
1421 2962 1550 3021 Cor.
1579 2963 1641 3022 ii.
1670 2967 1727 3039 2,
1772 2971 1831 3023 et
1856 2965 2134 3024 Revelata
2160 2963 2356 3022 stricte
2384 2969 2641 3034 vocatur,
2672 2958 2811 3036 quia
2834 2957 2990 3036 prin-

587 3038 805 3178 cipiibm
831 3039 960 3117 ejus
986 3047 1077 3099 est
1101 3038 1302 3100 divina
1329 3041 1633 3102 Revelatio
1662 3044 1858 3104 stricte
1886 3052 2131 3122 sumpta,
2161 3050 2223 3102 et
2246 3041 2401 3102 facta
2438 3059 2544 3118 per
2567 3039 2847 3114 Verbum,
2877 3057 2993 3096 non

631 3137 694 3178 er
769 3129 1045 3179 maturas,
1363 3149 1368 3154 ·

589 3139 628 3196 p
669 3199 852 3260 VIII.
899 3199 1204 3278 lecoloqia
1227 3202 1681 3278 supernaturalis
1700 3201 2110 3276 consideratur,
2126 3199 2244 3259 Vel
2268 3199 2611 3276 systematice
2635 3205 2807 3276 prout
2832 3205 2995 3256 notat

589 3297 926 3358 compagem
942 3279 1218 3340 doctrinae
1235 3281 1502 3342 salutaris
1519 3281 1593 3340 de
1618 3282 1745 3341 Deo
1760 3289 1821 3342 et
1840 3281 2013 3340 rebus
2032 3279 2248 3339 divinis
2268 3300 2344 3338 ex
2369 3278 2665 3357 Scriptura
2684 3297 2991 3356 expressas,

587 3378 692 3437 per
716 3360 952 3421 modum
990 3360 1312 3438 disciplinae
1352 3359 1600 3438 alicujus
1626 3360 1689 3418 in
1716 3379 1823 3419 sua
1859 3368 2147 3438 praecepta
2186 3360 2342 3419 certa
2380 3359 2651 3418 methodo
2679 3358 2991 3437 dispositae,

587 3458 720 3516 quoe
761 3448 822 3501 et
861 3441 1202 3501 abstractiva
1247 3447 1309 3500 et
1349 3441 1614 3515 objectiva
1656 3439 1904 3516 dicitur3
1946 3439 2064 3499 Vel
2108 3439 2468 3499 habitualz'ter
2512 3447 2574 3500 et
2617 3458 2721 3518 per
2758 3438 2994 3498 modum

585 3517 820 3580 habitus
845 3520 906 3580 in
933 3520 1232 3582 intellectu
1257 3519 1581 3596 residentis,
1612 3526 1674 3578 et
1714 3518 2029 3580 concretiva
2054 3528 2116 3579 et
2156 3519 2455 3595 subjectiva
2480 3527 2759 3580 vocatur:
2842 3519 2993 3579 Rur-

586 3619 688 3660 sus
730 3600 1052 3680 'I'heologia
1092 3599 1421 3678 habitualis,
1451 3599 1550 3660 vel
1593 3606 1685 3660 est
1710 3599 1929 3659 habitus
1959 3599 2394 3679 principiorum,
2428 3618 2558 3677 quo
2596 3600 2993 3678 unusquisque

585 3679 774 3740 fidelis
801 3700 894 3740 res
921 3703 958 3741 a
983 3681 1205 3750 ratione
1245 3679 1463 3742 alienas
1503 3690 1564 3743 et
1602 3689 1853 3741 remotas
1899 3680 2159 3760 percipit,
2188 3680 2287 3740 vel
2327 3681 2545 3742 habitus
2584 3681 2995 3740 conclusionum

585 3777 704 3895 «ἐιιο
731 3779 806 3821 ex
826 3760 1125 3840 principiis
1139 3761 1277 3821 fidei
1292 3761 1511 3823 lumine
1537 3762 1693 3824 notis
1712 3762 2033 3823 doctrinam
2061 3761 2370 3822 salutarem
2398 3761 2755 3842 explicamus
2782 3769 2843 3821 et
2858 3780 2992 3820 con-

629 3857 902 3898 mamus·
2322 3866 2329 3871 ·

671 3916 793 3976 IX.
839 3918 924 3978 Ut
950 3917 1164 3995 triplex
1190 3918 1360 3979 datm·
1391 3917 1604 3981 Schola
1634 3922 1763 3997 Dei,
1796 3923 2049 3998 Naturae,
2082 3921 2301 3983 Gratiae
2342 3929 2403 3982 et
2429 3921 2663 3998 Gloriae,
2696 3928 2755 3981 et
2782 3919 2993 3999 triplex

591 3995 783 4088 Liber,
809 3996 1116 4090 Creaturae,
1145 3995 1454 4088 Scripturas
1471 4007 1531 4059 et
1552 4000 1707 4060 Vitae
1730 4023 1746 4076 ;
1778 4002 1873 4061 Ita
1889 4003 2165 4062 trifariam
2186 4003 2335 4062 solet
2352 4001 2636 4080 distingui
2654 4000 2990 4094 Theologia,

585 4075 2311 4236 {¹531}ssiiiiossssffli’niifflssidiuffissnfffflzfiffiss
2348 4082 2615 4221 tat-:33²
2612 4100 2841 4237 4133?
2836 4099 2879 4218 ἲ
2892 4098 2996 4216 ii}

587 4245 680 4296 est
703 4235 1003 4296 hominum
1029 4236 1092 4297 in
1116 4235 1350 4312 mundo,
1380 4235 1493 4296 ista
1518 4236 1775 4297 fidelium
1802 4237 1865 4297 in
1892 4239 2171 4316 Ecclesia,
2202 4243 2326 4301 haec
2353 4241 2649 4300 beatorum
2677 4239 2739 4297 in
2767 4237 2931 4297 coslo·

717 4383 727 4394 ‚
1189 4315 1276 4376 X.
1320 4315 1485 4377 Licet
1515 4317 1819 4396 Heoloqia
1844 4328 1983 4398 agat
2022 4320 2097 4379 de
2122 4321 2369 4381 diversis
2394 4321 2584 4394 rebus,
2615 4326 2675 4378 et
2701 4317 2775 4376 ad
2802 4317 2992 4378 diver-

634 4381 1008 4486 Ufflssffu‘fgm’
1107 4415 1204 4455 sas
1232 4395 1500 4457 scientias
1526 4397 1961 4477 pertinentibus,
1992 4421 2111 4461 non
2138 4401 2351 4461 desinit
2376 4419 2503 4459 esse
2530 4419 2665 4474 una,
2696 4398 2833 4477 quia
2872 4399 2996 4475 agit

911 4471 924 4486 ’
1109 4474 1183 4536 de
1211 4475 1328 4536 illis
1357 4478 1466 4539 sub
1499 4477 1702 4538 eadem
1742 4479 1962 4541 ratione
1989 4481 2231 4557 formali,
2274 4488 2446 4559 prout
2486 4486 2621 4538 sunt
2647 4497 2740 4538 res
2781 4478 2994 4537 divinae

587 4552 785 4613 Verbo
817 4553 928 4614 Dei
953 4556 1124 4616 nobis
1151 4557 1439 4619 revelatae.
1526 4559 1738 4620 Unitas
1764 4571 1956 4622 autem
1984 4561 2262 4623 doctrinas
2289 4559 2503 4638 pendet
2529 4559 2603 4618 ab
2630 4559 2850 4620 unitate
2892 4559 2992 4618 ob·

583 4633 740 4710 jecti‚
771 4653 888 4694 non
908 4636 1296 4716 materialiter,
1323 4639 1426 4700 sed
1451 4639 1766 4700 formaliter
1793 4640 2158 4702 considerati..
2241 4639 2413 4701 Unde
2442 4639 2492 4700 si
2520 4639 2648 4699 aliae
2676 4638 2993 4718 disciplinae
