3300 5225
573 273 690 330 288
1517 287 1701 330 Locus
1728 288 2018 338 Qusn‘rus.
2614 265 2864 347 [QUAEST.
2897 287 2980 329 1v.

569 430 707 490 tiam
733 438 996 509 respectu
1026 449 1211 490 causae
1226 430 1452 508 primae,
1484 429 1622 508 quia
1648 449 1781 489 cum
1808 428 2003 488 omnia
2028 426 2352 486 necessario
2380 425 2668 502 eveniant,
2700 427 2846 485 nihil
2874 449 2976 506 po-

567 519 685 572 test
712 513 1112 590 contingenter
1136 510 1295 586 fieri3
1341 511 1445 570 sed
1469 529 1588 568 non
1604 510 1808 569 tollere
1826 529 1953 568 eam
1978 516 2243 585 respectu
2264 527 2567 566 causarum
2584 511 2977 586 secundarum,

569 592 708 669 quia
733 591 886 651 idem
915 591 1208 651 decretum
1237 591 1394 668 quod
1419 591 1729 668 praestituit
1755 588 2145 662 futuritionem
2188 607 2395 662 rerum,
2428 587 2631 647 statuit
2658 589 2831 648 etiam
2860 609 2976 648 mo·

569 675 704 731 dum
735 673 1109 748 futuritiomk,
1147 680 1213 731 ut
1256 690 1385 748 quae
1427 670 1782 729 necessarias
1827 688 2029 728 causas
2072 667 2351 728 haberent
2389 668 2714 727 necessario
2752 669 2975 745 fierent,

565 772 698 829 quae
724 771 864 812 vero
905 752 1322 828 contingenteS,
1353 749 1787 828 contingenter:
1830 749 2030 825 Atque
2070 747 2153 806 ita
2192 746 2431 808 effectus
2470 747 2619 806 bene
2660 748 2887 822 dicitur,
2919 757 2979 807 et

564 832 911 891 necessarius
938 839 997 891 et
1035 832 1352 907 contin-qens
1393 830 1582 905 simul,
1627 829 1733 888 sed
1766 827 1885 885 κατ’
1909 827 2047 886 ἄλλο
2072 831 2163 885 καὶ
2190 824 2361 902 ἄλλος
2407 826 2567 887 Illud
2594 847 2630 885 a
2658 837 2834 903 parte
2860 828 2981 886 Dei

563 920 625 971 et
650 912 831 971 relate
857 911 934 970 ad
960 910 1288 986 decretum;
1333 908 1502 977 Istud
1528 929 1565 966 a
1595 917 1773 984 parte
1813 909 1904 967 rei
1940 916 1998 967 et
2036 907 2217 966 relate
2258 907 2334 966 ad
2374 927 2579 967 causas
2606 907 2890 967 secundas
2916 916 2979 968 et

563 992 878 1070 proximas,
909 1009 1040 1067 quae
1067 991 1237 1049 aliter
1262 1008 1324 1048 se
1350 988 1564 1048 habere
1590 995 1921 1065 potuerunt.

645 1071 793 1131 VII.
837 1070 1115 1144 Quamvis
1143 1089 1283 1146 ergo
1325 1068 1386 1126 in
1427 1067 1628 1128 ordine
1672 1066 1751 1126 ad
1792 1087 2026 1127 causam
2065 1065 2309 1146 primam
2354 1066 2620 1126 dicantur
2656 1067 2849 1125 omnia
2872 1087 2975 1126 nc-

562 1152 828 1226 cessaria,
859 1159 1052 1210 tamen
1081 1148 1396 1208 secundum
1427 1167 1490 1207 se
1517 1155 1748 1226 sumpta
1773 1147 2039 1224 quaedam
2066 1154 2312 1224 possunt
2352 1166 2478 1206 esse
2517 1146 2717 1221 libera,
2749 1147 2972 1206 contin-

560 1231 773 1308 gentia,
806 1238 866 1289 et
892 1228 1144 1304 fortuita,
1176 1229 1314 1306 quia
1338 1248 1698 1306 unaquaeque
1726 1247 1819 1286 res
1846 1236 1936 1286 est
1978 1235 2038 1286 et
2070 1227 2369 1304 judicatur
2410 1226 2727 1286 secundum
2768 1247 2974 1286 causas

559 1309 854 1388 proximas
882 1317 940 1369 et
965 1309 1358 1386 particulares,
1449 1309 1641 1368 Omnis
1668 1310 1891 1384 effectus
1904 1308 1964 1366 in
1982 1309 2299 1366 necessitate
2320 1315 2374 1366 et
2397 1307 2767 1383 continqentia
2792 1309 2971 1384 sequi·

559 1399 656 1448 tur
675 1409 904 1449 causam
921 1390 1272 1467 proximam,
1293 1397 1347 1448 ct
1360 1409 1472 1448 non
1489 1408 1719 1448 causam
1734 1388 2007 1465 primam,
2026 1394 2094 1446 ut
2114 1387 2319 1445 Thom.
2338 1387 2436 1462 ait,
2456 1395 2621 1445 tract.
2644 1386 2719 1445 de
2738 1387 2973 1447 Praesci.

559 1478 618 1530 et
648 1469 926 1530 Praedest.
957 1490 1008 1528 c.
1037 1473 1094 1528 4.

640 1549 822 1609 VIII.
866 1548 1198 1609 Necessitas
1241 1546 1458 1608 decreti
1504 1547 1659 1607 tollit
1699 1548 1933 1625 quidem
1982 1548 2289 1606 libertatem
2330 1547 2784 1623 independcntioe,
2816 1556 2874 1607 et
2912 1552 2971 1605 τὶ

558 1629 868 1688 &nvn-tumr
894 1637 953 1689 et
979 1626 1245 1690 aiam»
1272 1629 1578 1702 Creaturae,
1609 1629 1749 1705 quia
1784 1628 1869 1688 ita
1909 1647 1945 1685 a
1983 1628 2169 1705 prima
2196 1646 2371 1686 causa
2395 1627 2625 1705 pendet,
2654 1635 2721 1686 ut
2750 1628 2873 1686 sine
2900 1648 2971 1686 ea

557 1729 667 1769 nec
695 1729 822 1768 esse
850 1729 957 1768 nec
985 1711 1209 1787 operari
1234 1708 1452 1786 possit3
1501 1707 1619 1766 Sed
1660 1727 1779 1767 non
1819 1707 1975 1766 tollit
2016 1708 2323 1766 libertatem
2347 1707 2769 1783 spontaneitaa‘s
2796 1716 2855 1766 et
2882 1709 2967 1766 in·-

555 1790 900 1866 diffcrcntioe,
931 1790 1068 1866 quia
1093 1789 1408 1848 necessitas
1435 1796 1524 1847 est
1549 1796 1779 1847 tantum
1804 1787 2196 1865 hypothetica,
2227 1806 2357 1864 quse
2398 1795 2643 1845 eventus
2670 1786 2965 1846 certitudi-

557 1889 694 1928 nem
719 1870 898 1946 ponit,
931 1869 1035 1928 sed
1075 1887 1378 1928 causarum
1423 1867 1805 1926 secundarum
1844 1873 2108 1926 naturam
2150 1873 2210 1926 et
2248 1866 2627 1944 proprietates
2654 1886 2773 1924 non
2798 1867 2969 1926 tollit.

561 1949 720 2008 Hinc
747 1957 837 2008 est
864 1948 1020 2026 quod
1045 1957 1202 2008 recte
1231 1947 1471 2022 dicatur,
1500 1949 1789 2006 Adamum
1828 1947 2158 2021 necessario,
2188 1956 2244 2004 et
2268 1947 2437 2005 libere
2466 1966 2730 2022 peccasse
2747 1970 2769 2003 .-
2810 1946 2969 2006 Illud

558 2028 792 2106 quidem
820 2033 1085 2106 respectu
1113 2027 1347 2102 decreti,
1368 2035 1426 2086 et
1451 2027 1537 2084 rei
1563 2025 1949 2102 futui-itionis3
1996 2025 2166 2085 Istud
2191 2034 2455 2105 respectu
2475 2025 2794 2085 voluntatis
2820 2028 2965 2104 ejus,

557 2116 618 2167 et
645 2108 837 2185 quoad
865 2108 1117 2182 modum,
1149 2108 1286 2185 quia
1313 2106 1729 2184 qualiscunque
1768 2105 1942 2165 fuerit
1982 2105 2297 2166 necessitas
2324 2106 2557 2183 decreti,
2588 2105 2855 2165 Adamus
2880 2115 2967 2165 ta-

556 2207 692 2247 men
718 2187 921 2248 volens
947 2188 1228 2265 peccavit,
1259 2195 1318 2246 et
1343 2206 1448 2264 per
1473 2205 1831 2264 consequens
1857 2185 2166 2246 liberrime.

559 2287 562 2292 ·
642 2267 762 2326 IX.
807 2267 972 2327 Licet
1000 2266 1167 2326 detur
1193 2267 1507 2326 necessitas
1535 2276 1781 2325 eventus
1808 2285 1883 2324 ex
1902 2265 2168 2340 Decret0,
2200 2285 2317 2324 non
2337 2273 2641 2344 propterea
2657 2265 2965 2343 quicquam

557 2344 879 2406 detrahitur
909 2347 1216 2424 Sapientiae
1245 2355 1304 2406 et
1330 2347 1375 2405 J
1377 2346 1590 2404 ustitioe
1621 2345 1751 2420 Dei,
1776 2345 1943 2422 quasi
1971 2365 2077 2404 nec
2104 2345 2207 2403 illa
2225 2353 2422 2423 posset
2450 2365 2581 2404 cum
2610 2344 2799 2405 fructu
2827 2347 2962 2404 hor-

557 2426 669 2486 tari
696 2426 958 2486 homines
987 2425 1063 2486 ad
1090 2425 1356 2501 officium,
1387 2445 1495 2484 nec
1521 2425 1652 2500 ista,
1682 2425 1919 2502 praemia
1944 2425 2041 2484 vel
2088 2444 2290 2501 poenas
2317 2424 2521 2483 virtuti
2568 2433 2627 2483 et
2653 2425 2799 2484 vitio
2846 2434 2961 2484 sta-

555 2514 737 2564 tuere.
822 2505 970 2579 Quia
995 2505 1311 2564 necessitas
1337 2505 1465 2576 ista,
1496 2513 1562 2562 ut
1583 2505 1709 2580 jam
1738 2503 1973 2580 dictum,
2004 2512 2205 2581 utpote
2234 2505 2561 2563 extrinseca
2587 2513 2646 2563 et
2672 2504 2958 2582 hypothe-

557 2584 690 2660 tica,
721 2584 934 2661 optime
963 2584 1227 2645 consistit
1254 2603 1384 2644 cum
1413 2583 1680 2644 libertate
1708 2592 2113 2661 creatmarum,
2144 2603 2275 2663 quae
2316 2602 2435 2642 non
2477 2583 2749 2643 desinunt
2791 2584 2963 2644 liber·

557 2664 701 2723 rime
729 2684 900 2742 agere
928 2686 965 2724 a
989 2673 1152 2743 parte
1181 2665 1286 2739 sui,
1317 2664 1456 2723 licet
1482 2663 1723 2723 effectus
1750 2664 1826 2723 sit
1852 2664 2213 2723 necessarius
2239 2684 2275 2722 a
2310 2671 2473 2741 parte
2504 2664 2645 2723 Dei:
2708 2665 2961 2724 Tantum

558 2743 724 2803 abest
749 2764 888 2822 ergo
916 2752 983 2803 ut
1008 2744 1122 2803 ista
1148 2752 1511 2821 opponantur
1537 2744 1649 2801 sibi
1678 2744 1945 2819 invicem,
1990 2753 2056 2803 ut
2096 2744 2277 2803 amice
2318 2744 2470 2802 inter
2510 2763 2573 2803 se
2614 2745 2961 2822 conspirent,

558 2824 696 2900 quia
721 2843 825 2901 per
852 2824 964 2883 ista
990 2823 1182 2881 media
1209 2824 1477 2900 quamvis
1502 2823 1704 2898 libera,
1734 2832 2147 2900 promoventur
2186 2832 2245 2882 et
2283 2822 2680 2900 producuntur
2718 2833 2964 2884 eventus

559 2922 596 2962 a
626 2904 738 2961 Dei
765 2902 996 2962 decreto
1024 2902 1266 2962 definiti.

639 2982 726 3040 X.
769 2982 1048 3056 Quamvis
1101 3000 1196 3041 res
1251 3000 1450 3040 omnes
1491 2982 1832 3042 necessariae
1875 2982 2139 3041 dicantur
2192 3002 2269 3041 ex
2316 2982 2546 3042 decreto
2569 3004 2585 3059 3
2639 2984 2799 3042 Deus
2844 3003 2963 3042 non

553 3068 855 3138 propterea
880 3069 1072 3140 potest
1100 3060 1321 3120 censeri
1348 3061 1557 3120 author
1580 3062 1821 3139 peccati,
1852 3062 1990 3138 quia
2016 3062 2311 3121 decretum
2338 3062 2495 3139 quod
2522 3070 2612 3122 est
2655 3082 2829 3121 causa
2870 3063 2958 3121 fu-

552 3141 844 3199 turitionis
870 3142 1108 3218 peccati,
1140 3161 1260 3200 non
1286 3149 1375 3199 est
1401 3149 1595 3199 tamen
1622 3141 1751 3217 ejus
1779 3161 1969 3217 causa,
2000 3162 2107 3201 nec
2134 3142 2377 3219 physica
2402 3162 2508 3219 per
2546 3142 2781 3201 malitiae
2809 3143 2961 3201 infu-

553 3220 791 3295 sionem,
821 3240 928 3279 nec
957 3220 1146 3280 ethica
1173 3240 1276 3298 per
1302 3222 1430 3297 ejus
1457 3220 1958 3297 approbationem3
2004 3221 2099 3279 Ita
2122 3221 2263 3281 licet
2289 3222 2365 3279 ad
2408 3220 2704 3280 decretum
2752 3242 2957 3299 sequa-

553 3308 650 3358 tur
674 3309 972 3377 peccatum
1001 3300 1341 3375 necessari0,
1372 3320 1492 3357 non
1525 3308 1720 3359 tamen
1768 3308 1959 3377 potest
2004 3300 2122 3359 dici
2164 3300 2341 3360 fluere
2387 3320 2463 3359 ex
2510 3301 2779 3378 decreto;
2823 3302 2961 3379 quia

553 3379 850 3438 decretum
877 3400 992 3439 non
1021 3379 1211 3439 influit
1236 3380 1298 3438 in
1324 3399 1463 3455 rem,
1495 3398 1602 3439 nec
1629 3386 1721 3439 est
1748 3380 2077 3439 effectivum
2104 3380 2260 3457 mali,
2292 3379 2397 3439 sed
2442 3388 2670 3439 tantum
2712 3382 2953 3458 permis-

554 3459 746 3519 sivum
774 3468 833 3519 et
859 3459 1221 3519 directivum.
2128 3478 2135 3485 ·

634 3539 754 3599 XI.
800 3538 886 3598 Ut
912 3559 1052 3599 vero
1084 3540 1244 3599 Deus
1271 3546 1505 3617 propter
1530 3539 1933 3599 necessitatem
1962 3558 2135 3616 quam
2162 3537 2457 3599 decretum
2485 3540 2613 3616 ejus
2652 3539 2827 3599 rebus
2867 3541 2955 3598 in-

551 3616 678 3695 fert,
709 3618 930 3697 peccati
971 3618 1223 3678 incusari
1262 3638 1380 3678 non
1421 3626 1650 3696 potest3
1697 3619 1791 3677 Ita
1830 3638 1938 3678 nec
1976 3625 2309 3695 peccatores
2347 3627 2651 3698 propterea
2690 3620 2957 3679 excusari

546 3705 826 3775 possunt;
869 3698 1008 3791 quia
1032 3699 1166 3757 talis
1193 3698 1506 3759 necessitas
1532 3698 1861 3758 libertatem
1888 3717 2086 3757 eorum
2113 3705 2172 3756 et
2198 3700 2469 3780 πςοιιίςισιν
2496 3698 2557 3757 in
2584 3698 2810 3775 agendo
2836 3718 2955 3758 non

547 3778 717 3851 tollit,
747 3796 856 3836 nec
882 3777 1124 3855 impedit
1191 3778 1460 3837 uominus
1485 3777 1777 3836 liberrime
1805 3785 1969 3836 actus
1998 3797 2133 3836 suos
2162 3788 2487 3837 exerceant.
2574 3778 2695 3837 Nec
2740 3778 2791 3836 si
2816 3798 2955 3837 exe-

546 3864 804 3932 quuntur
829 3857 940 3914 hoc
967 3866 1136 3933 pacto
1207 3865 1458 3916 ecretum
1490 3856 1618 3929 Dei,
1650 3856 1923 3915 continuo
1952 3856 2039 3913 illi
2068 3856 2301 3917 obedire
2329 3856 2605 3917 censendi
2634 3866 2785 3931 sunt,
2817 3856 2957 3934 quia

547 3934 843 3993 decretum
869 3955 988 3993 non
1015 3944 1104 3994 est
1129 3935 1332 4013 regula
1357 3935 1648 3993 actionum
1675 3942 2017 4012 nostrarum,
2049 3935 2155 3995 sed
2182 3936 2309 3995 Lex
2333 3938 2445 3996 Dei
2468 3960 2482 4013 ;
2515 3936 2793 4011 Quamvis
2813 3957 2955 4013 ergo

547 4012 824 4089 impleant
851 4014 1210 4073 voluntatem
1237 4014 1657 4087 decernentem,
1688 4033 1807 4072 non
1832 4014 2023 4075 minus
2050 4024 2359 4075 censentur
2389 4016 2490 4091 rei,
2538 4017 2675 4092 quia
2710 4025 2954 4092 peccant

546 4099 748 4151 contra
773 4092 1132 4152 voluntatem
1158 4092 1602 4169 praecipientem,
1633 4092 1825 4169 legem
1868 4094 1980 4153 sibi
2020 4096 2267 4172 positam
2308 4096 2685 4173 injustissime
2728 4096 2950 4153 violan-

546 4172 661 4247 do;
710 4170 807 4229 Sic
837 4170 1104 4229 Herodes
1131 4179 1190 4230 et
1218 4171 1461 4231 Pontius
1491 4170 1715 4230 Pilatus
1751 4191 1883 4230 cum
1924 4174 1969 4232 J
1970 4174 2153 4233 udaeis
2194 4194 2314 4233 non
2356 4174 2628 4234 desinunt
2676 4175 2953 4233 teterrimi

544 4250 802 4311 criminis
830 4258 1050 4309 reatum
1089 4250 1396 4309 incurrisse
1438 4269 1544 4327 per
1584 4249 2019 4311 crucifixionem
2060 4253 2292 4329 Christi,
2336 4254 2475 4313 licet
2520 4254 2667 4311 nihil
2710 4253 2953 4313 fecerint

543 4330 656 4389 nisi
695 4328 852 4407 quod
899 4329 1010 4389 Dei
1047 4348 1252 4389 manus
1297 4338 1356 4388 et
1403 4330 1707 4389 consilium
1748 4338 1919 4390 antea
1951 4332 2075 4409 jam
2118 4333 2493 4392 decreverant
2528 4332 2671 4409 fieri,
2702 4334 2839 4392 Act.
2870 4334 2949 4393 iv.

545 4414 642 4471 28.
731 4409 847 4469 Sed
876 4409 948 4467 de
975 4408 1068 4467 his
1095 4417 1298 4485 postea
1339 4408 1524 4468 fusius
1561 4418 1783 4487 agetur,
1828 4431 2007 4487 quum
2048 4411 2120 4471 de
2166 4412 2541 4471 Providentia
2584 4413 2696 4471 Dei
2738 4413 2953 4472 actuali

545 4494 696 4552 circa
722 4497 1038 4567 peceatum,
1071 4497 1131 4548 et
1157 4489 1229 4548 de
1257 4489 1384 4565 ejus
1411 4509 1695 4549 concursu
1728 4489 2133 4566 disputabitur,
2170 4491 2273 4550 ubi
2299 4492 2588 4551 calumnia
2623 4512 2753 4569 quae
2780 4493 2951 4551 nobis

543 4568 720 4649 objici
745 4570 900 4629 solet
923 4568 996 4628 de
1027 4569 1152 4628 Deo
1179 4570 1418 4628 authore
1447 4569 1686 4646 peccati,
1718 4578 1777 4628 et
1804 4569 1877 4628 de
1908 4571 2057 4630 Fato
2088 4572 2286 4630 Stoico
2314 4571 2673 4657 refutabitur.
