3300 5225
348 264 571 314 Quzss‘r.
602 244 741 325 vm]
1360 264 1439 303 ns
1468 262 1737 303 suenus.
2185 226 2190 231 ⁸
2629 246 2744 301 497

340 412 401 464 et
428 402 851 478 eminentiores,
880 414 946 463 ut
971 404 1123 462 inter
1152 404 1451 463 Ministros
1482 404 1700 480 Regios
1721 402 2186 479 'danturquidam
2207 403 2423 461 iutimae
2445 403 2746 464 admissio-

322 485 447 560 ·nis,
495 485 653 561 quod
680 483 911 543 videtur
950 484 1221 543 haustum
1262 504 1337 542 ex
1366 484 1531 541 Tobi.
1578 484 1680 541 xii.
1716 484 1806 558 15,
1851 483 1954 542 ubi
1995 485 2262 559 Raphael
2299 482 2439 541 dicit
2467 504 2529 543 se
2561 487 2596 516 “
2618 504 2746 544 esse

336 582 517 622 unum
546 584 623 622 ex
658 572 879 641 septem
906 563 1156 641 Angelis
1186 564 1417 637 sanctis,-
1448 564 1547 639 qui
1580 562 1836 621 referunt
1876 582 2074 640 preces
2107 563 2464 637 Sanctorum,
2495 573 2556 622 et
2583 584 2744 641 egre-

339 643 577 702 diuntur
604 663 799 701 coram
842 644 1027 720 gloria
1072 643 1268 701 Sancti
1286 644 1344 719 ;’'
1393 642 1509 701 Sed
1550 643 1674 701 haec
1717 643 1910 700 omnia
1947 642 2226 718 figmenta
2254 652 2388 701 sunt
2428 644 2742 719 hominum,

338 722 459 783 otio
486 731 545 781 et
560 750 565 753 ·
582 724 817 801 ingenio
856 742 961 781 suo
1002 721 1377 797 abutentium,
1422 722 1525 798 qui
1556 724 1592 755 “
1612 729 1828 780 temere
1869 740 1932 781 se
1974 723 2246 799 ingerunt
2285 723 2345 780 in
2375 743 2442 781 ea
2469 743 2599 801 quse
2627 742 2744 782 non

236 822 247 830 ·
335 800 627 877 viderunt,
658 802 843 861 inflati
870 802 1060 861 carnis
1088 820 1209 861 suae
1236 802 1469 875 sensu,”
1500 801 1624 861 Col.
1656 801 1714 859 ii.
1750 803 1843 859 18.

421 948 432 959 .
944 881 1021 940 V.
1065 881 1187 939 Nec
1236 880 1467 939 difficile
1502 889 1589 939 est
1628 880 1740 939 hoc
1783 900 2095 956 agnoscere
2137 880 2224 939 illi
2265 882 2366 958 qui
2406 902 2527 941 rem
2567 883 2742 960 paulo

338 946 436 997 ΩΨ
454 962 551 993 ¹²⁰⁸
574 950 649 1017 5³⁴⁶
668 947 821 996 Areo-
863 961 1139 1020 attentius
1179 960 1531 1038 perpendere
1560 960 1826 1018 voluerit.
1912 959 2078 1034 Nam,
2109 969 2176 1019 ut
2202 959 2276 1019 de
2304 963 2578 1037 Dionysio
2619 962 2738 1037 illo,

488 1010 667 1065 μμ
860 1041 963 1117 qui
1002 1040 1255 1099 eoelestis
1296 1040 1465 1099 istius
1508 1039 1866 1098 ffloramhiae
1895 1039 2102 1099 author
2141 1040 2490 1117 pommus,
2523 1041 2744 1118 aliquid

336 1120 523 1179 obiter
550 1121 941 1195 observemus,
986 1120 1133 1178 falso
1174 1140 1393 1185 nomen,
1412 1120 1774 1195 Arewayitoe
1815 1119 1900 1177 illi
1943 1118 2115 1177 tribui
2159 1119 2356 1177 multis
2385 1121 2742 1196 argumentis

336 1206 599 1259 constare
640 1208 848 1277 potest,
882 1208 940 1258 et
980 1199 1125 1257 nihil
1166 1200 1357 1258 minus
1398 1218 1543 1273 esse,
1588 1218 1761 1275 quam
1803 1198 1966 1257 illum
2009 1196 2082 1255 de
2126 1218 2259 1274 quo,
2292 1197 2428 1257 Act.
2467 1199 2612 1258 xvii.
2642 1202 2738 1274 34,

334 1288 531 1338 narret
560 1280 749 1338 Lucas
780 1279 963 1338 Paulo
1004 1278 1357 1355 praedicanti
1380 1277 1712 1352 adhaesisse,
1751 1276 2026 1355 quicquid
2055 1278 2360 1352 Bao-onius,
2391 1278 2738 1354 Posoevinm,

334 1358 736 1433 Belum-minus,
766 1367 827 1417 et
852 1358 953 1417 alii
994 1378 1070 1415 ex
1095 1357 1419 1423 ,Pmfifieiis
1460 1358 1521 1413 in
1548 1357 1896 1416 contrarium
1925 1356 2182 1432 afferant,
2215 1358 2424 1433 quibus
2453 1377 2740 1435 opponere

334 1456 657 1513 possumne,
694 1440 747 1497 1.
777 1436 981 1495 Testes
1009 1437 1371 1511 domesticos,
1398 1437 1497 1513 qui
1538 1456 1656 1495 non
1683 1436 1856 1495 modo
1897 1436 2233 1496 dubitarunt
2268 1435 2342 1495 de
2381 1438 2559 1515 hujus
2586 1456 2740 1497 com-

326 1517 515 1576 menti
542 1517 803 1591 veritate,
850 1516 953 1575 sed
998 1526 1056 1575 et
1100 1525 1294 1594 aperte
1339 1516 1479 1575 fessi
1524 1524 1660 1575 sunt
1709 1516 2058 1592 Dionysium
2097 1516 2252 1574 hunc
2293 1515 2470 1575 alium
2509 1534 2638 1575 esse
2667 1518 2740 1575 ab

339 1595 713 1673 Areopagita,
758 1604 817 1655 et
857 1597 1031 1673 longe
1072 1590 1464 1671 recentiorem,
1510 1596 1712 1675 quales
1753 1604 1889 1654 sunt
1920 1596 2224 1671 Cajetanus
2251 1594 2482 1653 Cardia.
2512 1596 2573 1653 in
2600 1595 2740 1655 Act.

332 1676 497 1750 xvii„
548 1676 817 1736 Godellus
854 1676 1178 1753 Episcopus
1208 1675 1567 1749 venciensis,
1612 1675 1748 1733 hist.
1794 1676 2018 1735 EccleS.
2049 1674 2224 1733 Galli.
2268 1674 2308 1733 l.
2335 1674 2388 1733 ·i.
2427 1695 2521 1734 an.
2561 1696 2612 1734 c.
2641 1678 2738 1751 99,

336 1755 504 1831 cujus
532 1756 710 1813 verba
736 1754 965 1829 referre,
996 1755 1133 1831 quia
1170 1756 1371 1831 paucis
1398 1755 1581 1813 multa
1607 1755 2081 1831 complectuntur,
2111 1772 2228 1813 non
2269 1754 2509 1831 pigebit.
2595 1756 2632 1789 ‘⁴
2651 1755 2742 1814 De

332 1833 559 1908 libris,”
588 1833 794 1911 inquit,
842 1836 879 1867 “
900 1834 1001 1910 qui
1045 1834 1316 1910 Dionysii
1354 1834 1587 1892 nomine
1624 1834 2118 1909 circumferuntur,
2147 1833 2319 1892 valde
2347 1834 2580 1894 diversa
2607 1844 2742 1893 sunt

334 1912 633 1971 hominum
672 1912 911 1989 judicia,
954 1912 1097 1969 mihi
1137 1912 1291 1971 docti
1333 1932 1480 1988 pene
1518 1932 1718 1972 omnes
1745 1912 2012 1973 dubitare
2038 1912 2326 1988 vident-ur,
2357 1932 2432 1971 an
2459 1933 2598 1973 vere
2625 1915 2741 1973 sint

339 1992 607 2068 Dionysii
630 2014 645 2068 ;
675 1992 877 2067 negari
902 1991 1161 2069 profecto
1188 2010 1304 2050 non
1332 2000 1539 2067 potest,
1570 1992 1712 2069 quin
1739 1991 1814 2049 ab
1845 1990 2170 2068 Apostolici
2209 1992 2370 2050 illius
2403 1994 2585 2051 seculi
2605 1994 2738 2052 sim-

334 2072 591 2148 plicitate
634 2090 985 2147 magnopere
1034 2071 1111 2131 sit
1154 2071 1378 2130 alienus
1432 2070 1740 2146 Scriptoris
1785 2070 1990 2146 stylus,
2041 2071 2367 2147 sequiorum
2415 2079 2738 2148 temporum

340 2150 757 2210 Platonismum
785 2150 1068 2225 redolens,
1114 2150 1219 2208 sed
1258 2170 1447 2226 neque
1487 2149 1657 2209 facile
1699 2150 1876 2209 fuisse
1904 2148 2153 2222 videtur,
2183 2158 2252 2209 ut
2279 2150 2434 2209 illius
2463 2151 2590 2226 sevi,
2623 2170 2738 2228 quo

332 2230 553 2289 vixisse
582 2231 791 2289 author
818 2228 1042 2303 dicitur,
1075 2230 1339 2288 Ecclesia
1359 2248 1557 2287 omnes
1584 2228 1715 2287 illas
1737 2228 2093 2289 caerimonias
2113 2230 2234 2306 jem
2257 2230 2564 2306 usurparit,
2595 2250 2740 2307 quas

336 2311 433 2368 ille
450 2318 644 2369 narrat
664 2318 837 2386 atque
856 2309 1099 2386 exponit
1117 2308 1644 2385 mirabiliter,·quod
1663 2328 1794 2367 eam
1811 2307 2176 2385 disciplinam
2188 2317 2246 2367 et
2263 2309 2336 2367 ab
2357 2308 2525 2368 initio
2545 2310 2739 2369 statim

334 2398 547 2448 coortae
586 2388 1015 2467 persecutiones
1051 2388 1349 2447 observari
1386 2388 1820 2465 prohibuerunt,
1865 2396 1924 2446 et
1953 2388 2135 2447 serius
2175 2407 2378 2447 revera
2415 2388 2738 2449 institutam

335 2469 513 2527 fuisse
562 2489 637 2527 ex
680 2468 1055 2545 scriptoribus
1098 2469 1427 2545 appareat.’'
1513 2468 1585 2525 In
1632 2468 1836 2527 ecdem
1879 2476 2014 2526 sunt
2059 2467 2346 2525 sententia
2387 2468 2735 2543 Sirmondtoe,

336 2548 562 2607 dissert.
593 2549 667 2607 de
694 2547 922 2607 duobus
952 2548 1197 2626 Dionys,
1227 2567 1352 2626 cap.
1382 2550 1438 2605 8.
1510 2548 1784 2622 Ρειαυίιιε,
1808 2546 1913 2605 Tc.
1943 2547 2024 2605 iii.
2055 2547 2257 2605 Theol.
2288 2546 2517 2625 dogma.
2545 2548 2648 2609 lib.
2679 2548 2738 2607 ii.

336 2649 459 2706 cap.
495 2633 546 2688 1.
616 2631 925 2704 Laumyus
970 2629 1243 2687 Sorbonae
1288 2629 1508 2688 Doctor
1547 2628 1608 2686 in
1635 2629 1760 2686 vita
1803 2627 2046 2704 Dionys.
2090 2626 2305 2704 Areop.
2375 2629 2640 2686 Mor-inus
2665 2627 2738 2686 de

337 2708 497 2768 Ordi.
530 2729 596 2786 -p.
640 2708 699 2766 ii.
744 2728 793 2767 c.
842 2712 894 2783 1,
936 2717 999 2768 et
1038 2709 1154 2784 alii,
1199 2715 1265 2766 ut
1306 2708 1401 2766 hic
1440 2710 1768 2782 Era-smum,
1825 2708 2064 2781 Vallam,
2109 2705 2504 2782 Rhodiyt‘num,
2549 2706 2738 2766 Nicol.

336 2789 607 2862 Fabrum,
640 2796 699 2846 et
724 2788 922 2865 plures
950 2789 1096 2847 alios
1124 2805 1241 2846 non
1266 2805 1613 2862 recenseam,
1644 2787 1746 2862 qui
1775 2785 1938 2844 idem·
1955 2794 2320 2844 censuerunt.

416 2867 529 2926 VI.
576 2867 859 2941 Secundo,
896 2867 959 2926 Si
996 2867 1137 2944 quid
1164 2867 1239 2926 ab
1270 2868 1626 2944 Areopagitas
1653 2867 1768 2926 tale
1797 2865 2075 2943 scriptum
2101 2864 2322 2940 fuisset,
2354 2865 2740 2925 dubiumnon

336 2954 440 3018 est,
472 2945 613 3022 quin
640 2965 675 3004 e
715 2955 834 3006 tam
862 2948 1077 3022 multis,
1118 2955 1353 3024 tamque
1392 2947 1639 3006 diversis
1681 2945 1903 3005 Graeeis
1947 2944 2286 3021 Latinisque
2332 2945 2736 3022 Scriptoribus,

338 3023 535 3099 aliqui,
566 3024 681 3082 imo
708 3026 907 3102 plures
944 3026 1124 3085 futuri
1150 3026 1411 3100 fuissent,
1443 3027 1543 3103 qui
1571 3024 1900 3085 istiusmodi
1927 3024 2078 3100 libri,
2111 3033 2169 3082 et
2198 3024 2482 3084 Authoris
2509 3025 2740 3084 nominc

337 3111 397 3161 et
424 3110 627 3179 suopte
669 3102 905 3179 ingenio
952 3124 1021 3162 ec
1056 3106 1263 3163 merito
1288 3105 1746 3178 celebratissimi,
1791 3104 1995 3164 facturi
2036 3103 2280 3162 fuissent
2323 3104 2537 3163 alicubi
2580 3123 2737 3164 men-

336 3182 571 3255 tionem,
600 3189 667 3239 ut
704 3190 764 3240 et
800 3182 1043 3240 aliorum
1084 3184 1212 3260 ejus
1254 3185 1633 3261 scriptorum3
1680 3203 1811 3242 curn
1853 3189 2048 3242 tamen
2087 3203 2192 3259 per
2218 3183 2472 3260 quinque
2514 3185 2744 3244 circiter

340 3261 551 3334 secula,
580 3261 811 3336 penitus
846 3261 1049 3338 ignota
1084 3262 1313 3336 fuerint,
1345 3270 1403 3322 et
1430 3263 1680 3336 indicta3
1729 3261 1902 3320 Unde
1929 3281 2037 3320 nec
2064 3263 2338 3320 Eusebius
2379 3263 2440 3320 in
2481 3263 2737 3338 historia,

336 3360 445 3398 nec
472 3340 1007 3416 Hieronymue,mec
1039 3340 1383 3417 Gennadius,
1414 3342 1515 3418 qui
1542 3341 1824 3399 Veterum
1865 3340 2044 3400 libros
2087 3339 2527 3416 diligentissime
2566 3343 2738 3402 colle-

338 3428 565 3496 geruut,
594 3419 775 3478 ullam
800 3419 1007 3478 horum
1032 3418 1311 3478 librorum
1340 3420 1690 3479 mentionem
1719 3419 1952 3478 faciunt.
2039 3419 2116 3476 Et
2143 3439 2218 3476 ex
2246 3421 2488 3494 Irenaeo,
2518 3421 2737 3495 Λαμιε-

337 3501 468 3573 ιίπο,
497 3498 710 3574 cyrillo
731 3499 1260 3575 Hierosolyrnitam‚
1291 3508 1350 3558 et
1378 3500 1521 3572 aliis,
1546 3499 1715 3557 facile
1745 3497 1971 3556 ostendi
1997 3505 2191 3573 potest
2215 3496 2533 3556 inauditam
2562 3498 2740 3557 fuisse

335 3587 516 3638 totam
564 3579 723 3637 illam
767 3578 1061 3638 coelestem
1111 3579 1529 3638 Hierarchiam.
1576 3577 1790 3650 Terti0‚
1842 3577 2031 3653 stylus
2073 3576 2351 3636 librorum
2395 3577 2505 3635 hoc
2548 3576 2740 3653 ipsum

334 3658 649 3732 confirmat,
680 3659 781 3735 qui
806 3677 925 3717 non
952 3667 1043 3718 est
1070 3659 1317 3737 simplex
1342 3666 1403 3717 et
1428 3656 1806 3731 inaffectatus,
1837 3655 2188 3715 conveniens
2215 3656 2464 3714 sermoni
2486 3655 2737 3732 Aposto-

334 3739 539 3811 lorum,
578 3738 675 3796 vel
703 3738 979 3798 Virorum
1008 3737 1495 3816 Apostolicorum,
1536 3737 1641 3796 sod
1681 3734 1964 3813 turgidus,
2008 3734 2258 3810 inflatus,
2291 3743 2350 3794 et
2375 3744 2634 3812 argutus,
2680 3735 2741 3796 in

334 3837 451 3893 quo
480 3817 713 3877 Author
758 3817 1127 3878 sublimitatis
1170 3818 1421 3894 speciem
1463 3815 1767 3894 captando,
1799 3816 2066 3880 vitiosam
2111 3814 2400 3892 quandam
2446 3815 2736 3892 grandilo-

336 3897 629 3972 quentiam
658 3905 910 3956 sectatus
936 3906 1043 3972 est,
1074 3905 1149 3973 et,
1178 3907 1245 3956 ut
1271 3915 1407 3956 vere
1436 3898 1708 3956 observat
1737 3895 2050 3970 Maximus,
2083 3892 2169 3952 διὸ
2198 3899 2545 3960 mma-snos&
2573 3895 2739 3968 λὲξιαν

337 3981 509 4033 emo?
530 4003 611 4033 τοι
639 3976 802 4046 λόγον,
834 3978 1099 4054 conyestis
1121 3978 1303 4036 verbis
1328 3978 1511 4035 mulas
1539 3978 1801 4035 obscurat
1823 3995 2148 4051 sev-monent,
2178 3983 2238 4034 et
2263 3985 2540 4034 consueta.
2563 3983 2738 4052 'atque

335 4075 445 4114 usu
476 4057 753 4115 Ecclesiae
782 4065 1011 4134 recepta
1056 4057 1345 4116 vocabula
1370 4056 1627 4116 studiose
1667 4055 1897 4132 refugit,
1942 4064 2216 4132 tanquam
2247 4051 2334 4113 'ed
2374 4055 2540 4114 illum
2567 4075 2738 4132 quem

334 4135 631 4211 quaerebat
678 4133 824 4207 ἕψων
868 4155 1071 4213 perum
1098 4137 1485 4212 accomodata,
1526 4137 1587 4194 in
1614 4136 1810 4194 verbis
1837 4133 2144 4212 fingendis,
2173 4134 2234 4192 in
2262 4134 2533 4211 epithetis
2559 4155 2736 4211 expo-

334 4215 559 4290 liendis,
592 4217 653 4274 iu
682 4216 945 4275 sensibus
972 4217 1413 4293 exaggerandis,
1438 4223 1497 4274 et
1518 4233 1782 4274 sermone
1807 4221 1930 4274 toto
1951 4213 2028 4274 ad
2053 4233 2323 4291 pompam
2343 4213 2739 4292 componendo

334 4294 697 4370 potissimum
725 4295 1010 4370 laborans,
1042 4315 1077 4354 a
1102 4315 1218 4372 quo
1240 4296 1431 4354 studio
1456 4293 1828 4372 Apostolicos
1845 4294 2020 4353 Viros
2040 4294 2350 4371 plurimum
2373 4294 2737 4353 abhorruisse

334 4381 579 4432 constat.
666 4374 899 4451 (ξηαπ-ιο,
930 4376 993 4432 iu
1033 4376 1093 4434 li.
1125 4375 1199 4434 de
1227 4375 1455 4434 Hierar.
1484 4374 1615 4433 coel.
1643 4373 1828 4432 multa
1855 4373 2056 4432 scribit
2081 4373 2154 4431 de
2187 4374 2443 4448 Templis,
2475 4373 2549 4431 de
2575 4373 2735 4430 Alta-

334 4453 504 4528 re'bus,
536 4453 608 4512 de
636 4456 803 4513 Locis
832 4455 1043 4530 Sam-22⁹,
1074 4455 1147 4513 de
1181 4455 1387 4530 choro,
1417 4454 1491 4514 de
1522 4454 1940 4513 Catechumem's
1981 4459 2147 4512 extra
2189 4453 2341 4511 fores
2368 4451 2594 4528 Templi
2622 4459 2735 4510 sta-

332 4532 583 4608 tuendis,
614 4553 743 4611 quse
786 4535 978 4594 locum
1020 4535 1235 4606 habere
1274 4555 1392 4593 non
1434 4542 1701 4612 poterant
1729 4541 1895 4593 aetate
1923 4533 2048 4592 veri
2091 4531 2376 4607 Dionysii,
2407 4549 2540 4591 cum
2567 4549 2736 4608 coges-

2251 4615 2286 4670 2
2317 4630 2341 4668 1
