3300 5225
537 325 668 389 xliv
1400 343 1665 391 onum
1701 344 2075 391 FUNEBRIS.

537 507 712 571 tudo.
819 504 1055 569 Eadem
1114 505 1214 570 die
1261 526 1400 570 cum
1443 506 1811 588 quibusdam
1868 506 1944 569 de
1992 507 2179 571 variis
2232 506 2311 569 ad
2366 504 2661 571 Ecclesiae
2714 506 2947 571 Christi

537 606 920 671 commodum
952 604 1428 685 pertinentibus,
1453 605 1533 667 ad
1565 606 1779 667 horam
1808 605 2106 669 decimam
2128 626 2321 687 usque
2350 605 2687 669 collocutus
2718 607 2947 683 fuerat,

540 725 726 784 quum
758 703 964 767 subito
1012 723 1079 767 se
1113 703 1480 767 torminibus
1525 703 1787 766 fatiferis
1824 704 2329 768 excarnificatum
2360 702 2572 767 sensit.
2675 704 2727 767 O
2760 704 2947 769 Foeli-

537 822 672 867 cem
721 795 916 877 illum,
973 822 1155 883 quem
1207 810 1496 867 extrema
1547 803 1682 864 dies
1734 803 1831 865 ita
1877 804 2187 866 invenerit
2237 801 2486 865 Christo
2539 802 2945 866 militantem.

539 899 736 963 Simul
765 920 838 963 ac
867 920 935 963 se
965 901 1180 963 morbo
1210 906 1561 980 correptum
1591 901 1891 981 percepit,
1927 901 2224 964 continuo
2252 920 2444 975 mens,
2481 898 2660 979 quasi
2690 900 2953 979 praescia

539 999 756 1075 futuri,
779 998 1014 1063 instare
1041 998 1160 1062 sibi
1193 998 1476 1061 ultimum
1500 998 1644 1061 vitae
1680 998 2015 1061 terminum
2044 1004 2349 1081 augurata
2382 1005 2499 1073 est,
2528 1018 2641 1061 nec
2676 994 2949 1061 dilectis-

537 1096 755 1161 simam
789 1116 1058 1160 sororem
1089 1098 1207 1159 hoc
1239 1096 1434 1160 latere
1465 1096 1679 1162 voluit.
1757 1097 1847 1158 Et
1880 1116 2019 1159 cum
2050 1098 2127 1160 de
2159 1099 2375 1161 morbo
2396 1094 2664 1158 monitus
2698 1095 2778 1157 ad
2807 1116 2947 1159 eum

535 1195 871 1260 festinante
917 1194 1116 1275 gradu
1165 1193 1590 1270 cucurrissem,
1624 1194 1777 1257 mihi
1835 1194 1998 1258 dixit
2046 1195 2229 1271 illico,
2265 1216 2332 1258 se
2380 1200 2622 1256 mature
2672 1194 2952 1274 corporis

540 1294 850 1375 ergastulo
877 1292 1128 1357 liberari
1158 1293 1518 1357 ardentibus
1552 1293 1715 1357 votis
1745 1299 2063 1375 exoptare,
2094 1292 2299 1357 dolere
2328 1298 2593 1366 tantum,
2624 1292 2787 1372 quod
2820 1313 2949 1372 prae

538 1393 871 1456 torminum
894 1391 1118 1471 quibus
1147 1393 1545 1472 premebatur
1575 1390 1948 1466 carnificina,
1984 1391 2140 1455 satis
2170 1411 2287 1471 pro
2316 1396 2461 1455 voto
2482 1388 2734 1452 Patrem
2768 1397 2949 1453 acter-

537 1512 684 1554 num
719 1490 848 1554 suis
895 1490 1290 1569 interpellare
1342 1490 1628 1569 precibus
1664 1509 1801 1552 non
1851 1495 2103 1569 posset;
2156 1488 2361 1553 Nosse
2392 1494 2600 1549 tamen
2634 1486 2949 1568 Redemp-

538 1596 738 1653 torem
772 1608 949 1652 suum
982 1588 1062 1650 in*
1083 1608 1264 1667 quem
1299 1587 1669 1662 crediderat,
1702 1594 1768 1649 et
1818 1587 1963 1649 dum
2014 1607 2155 1651 suos
2190 1587 2449 1667 spiritus
2477 1592 2725 1667 regeret
2754 1592 2949 1663 artus,

537 1687 884 1752 crediturus
936 1691 1092 1761 erat,
1145 1686 1530 1763 animamque
1585 1704 1757 1747 suam
1808 1684 2056 1748 unicum
2108 1685 2397 1748 anhelare
2448 1683 2763 1747 Christum
2788 1705 2804 1757 ;
2872 1684 2954 1748 Id

539 1807 727 1848 unum
779 1783 1158 1865 supplicibus
1207 1804 1245 1845 a
1274 1783 1411 1845 Deo
1465 1784 1839 1847 contendere
1878 1783 2057 1859 votiS,
2111 1790 2185 1845 ut
2236 1782 2599 1846 condonatis
2650 1783 2951 1862 peccatis,

536 1884 700 1947 vires
731 1882 1000 1946 serendis
1031 1881 1342 1944 doloribus
1375 1901 1556 1961 pares
1607 1882 1885 1944 sufficere
1917 1881 2121 1956 vellet,
2157 1888 2224 1945 et
2253 1880 2560 1961 placidam
2590 1881 2955 1945 concederet

539 1988 865 2044 εὐθανασίαν.
967 1979 1197 2043 Medici
1253 1985 1655 2044 accersuntur
1710 1979 2249 2060 experientissimi,
2316 1979 2423 2059 qui
2482 1981 2695 2042 morbo
2760 1980 2955 2059 probe

537 2080 784 2164 cognito
825 2078 1033 2143 omnia
1066 2078 1412 2158 Apollineae
1460 2078 1616 2140 artis
1668 2076 2082 2140 adhibuerunt
2130 2078 2419 2152 remedia,
2452 2084 2525 2139 ut
2554 2076 2955 2157 gravissimos

537 2180 720 2242 hosce
774 2178 1029 2253 dolores,
1084 2176 1136 2239 si
1193 2197 1315 2239 non
1369 2175 1615 2257 pellere,
1668 2175 1888 2238 saltem
1938 2176 2143 2240 levare
2200 2182 2475 2257 possent,
2512 2176 2657 2238 dum
2707 2175 2954 2239 Noster

539 2282 836 2341 aeternum
866 2276 1012 2341 vitae
1042 2275 1380 2354 mortisque
1416 2274 1752 2337 Arbitrum
1785 2274 1879 2336 ita
1910 2294 2049 2339 cum
2076 2274 2277 2357 Regio
2296 2274 2465 2337 Vate
2494 2273 2946 2355 compellabat:

1015 2479 1175 2536 Audi
1195 2485 1482 2535 vocantem
1509 2478 1568 2535 in
1593 2478 1758 2535 rebus
1784 2478 2009 2552 asperis

933 2568 936 2571 ’
1015 2559 1101 2615 Et
1127 2557 1263 2616 lenis
1289 2575 1490 2614 aurem
1517 2558 1596 2614 da
1609 2556 1875 2633 precibus
1900 2555 2039 2614 meis

1014 2639 1234 2696 Rerum
1266 2635 1528 2695 Creator.

1015 2717 1182 2775 Juris
1208 2717 1390 2774 severi
1412 2735 1480 2773 ne
1509 2716 1727 2773 trutina
1753 2735 1935 2774 meam

1017 2799 1302 2872 Expende
1328 2797 1516 2870 vitam,
1547 2815 1707 2854 nemo
1736 2795 2017 2854 hominum
2044 2795 2303 2853 innocens

1018 2877 1114 2935 Sic
1141 2886 1236 2951 aet,
1273 2877 1548 2934 Trffiunal
1565 2875 1746 2951 possit
1769 2885 1833 2952 ut
1856 2877 1940 2934 ad
1962 2884 2117 2933 tuum

1015 2957 1092 3015 Se
1105 2956 1374 3035 profiteri
1399 2956 1628 3016 crimine
1658 2957 1911 3014 liberum.

538 3144 782 3208 Christe
812 3141 1116 3217 Salvator,
1153 3141 1448 3222 sanguine
1474 3146 1586 3203 tuo
1615 3139 1883 3203 animam
1910 3157 2265 3219 consperge,
2296 3157 2519 3217 quaeso,
2552 3137 2715 3214 audi,
2746 3138 2956 3214 Pater,

542 3241 855 3324 sanguinis
887 3241 1073 3320 hujus
1105 3239 1420 3303 clamores.
1522 3237 1883 3318 Aliquando
1914 3258 1989 3300 ea
2012 3239 2337 3317 repetebat
2373 3257 2507 3316 quae
2538 3236 2863 3300 novissime
2892 3245 2958 3300 et

537 3361 763 3422 paucos
793 3347 940 3402 ante
969 3339 1100 3402 dies
1134 3338 1200 3401 in
1235 3336 1538 3401 Concione
1571 3337 1796 3400 Italica
1824 3343 2199 3416 exposuerat
2230 3356 2311 3398 ex
2343 3334 2449 3400 Ps.
2485 3335 2745 3397 xxxviii.

1015 3531 1111 3587 Ne
1137 3548 1224 3586 me
1234 3528 1465 3602 fiaerorz's
1491 3535 1759 3585 aestuante
1786 3526 2039 3585 incendio

1015 3610 1290 3668 Ser-vator
1316 3608 1463 3666 orbis
1491 3627 1701 3683 arque.
1696 3630 1709 3643 ·

1013 3691 1148 3748 Neu
1165 3696 1582 3764 promerentem
1610 3687 1911 3763 quamlzbet
1924 3705 2127 3762 poenas
2149 3703 2358 3760 qraves

1015 3772 1238 3846 Perqas
1255 3789 1369 3845 per
1395 3789 1545 3826 tram
1564 3770 1829 3843 plectere,

1013 3852 1256 3908 Hoerent
1280 3849 1535 3908 medullis
1552 3849 1777 3923 penitus
1806 3847 1983 3925 infixa
2010 3845 2151 3902 meis

1021 3931 1156 3987 Tute
1181 3929 1399 4006 saqittae
1425 3931 1693 3987 dexterce.

541 4111 838 4195 Sequenti
869 4110 970 4175 die
1000 4109 1349 4190 AEsculapii
1398 4108 1596 4172 nostri
1646 4128 1883 4171 summo
1912 4127 2051 4170 cum
2086 4105 2292 4171 dolore
2327 4127 2469 4172 suos
2503 4125 2713 4170 omnes
2746 4105 2959 4168 irritos

539 4214 826 4276 viderunt
859 4217 1138 4284 conatus,
1191 4227 1264 4271 ac
1315 4208 1595 4270 morbum
1647 4205 2075 4286 ingravescere
2109 4211 2365 4286 propter
2422 4214 2636 4273 κοιλίας
2694 4210 2961 4287 νάςκωσιν,

549 4321 648 4374 καὶ
681 4317 932 4385 σώματος
969 4314 1255 4394 ἅρξωστίαν
1273 4328 1290 4380 ;
1344 4305 1528 4368 Unde
1579 4304 1632 4367 Si
1686 4303 1763 4366 de
1792 4302 1988 4366 nostri
2024 4314 2331 4388 μακαρίτου
2361 4302 2494 4365 Vita
2520 4300 2790 4364 nondum
2824 4301 2961 4364 des-

545 4410 867 4494 perabant,
905 4407 1130 4482 exigua
1162 4411 1368 4468 tamen
1421 4425 1529 4484 spe
1578 4401 2009 4477 trahebantur,
2060 4408 2127 4465 et
2176 4401 2342 4464 inter
2393 4420 2563 4480 spem
2607 4405 2962 4478 metumque

547 4511 916 4572 fluctuantes
970 4524 1090 4584 quo
1141 4509 1424 4584 vergeret
1473 4502 1592 4565 iste
1648 4501 1894 4564 morbus
1950 4500 2344 4563 dubitabant.
2446 4496 2565 4560 Ille
2604 4517 2750 4560 vero
2786 4496 2961 4576 quasi

543 4625 853 4689 praesagus
875 4603 1070 4667 futuri
1095 4603 1174 4666 ad
1193 4608 1450 4666 mortem
1471 4623 1535 4664 se
1562 4599 1921 4682 accingebat
1935 4621 1950 4674 ;
1988 4598 2139 4662 Cum
2159 4597 2616 4676 lachrymantes
2642 4595 2963 4659 adstantes
