3300 5225
543 345 660 404 318
1481 361 1986 414 nocusounnrus.
2574 341 2831 423 [Quas-n
2860 366 2944 406 xi.

1463 583 1854 658 QUAESTIO
1896 583 2017 642 XI.

537 741 632 801 An
659 743 878 802 Electio
899 746 1069 818 facta
1093 743 1166 801 sit
1189 763 1265 801 ex
1297 744 1634 819 proevsst’one
1664 744 1827 822 fidei,
1858 752 1961 801 aut
1984 761 2257 818 operum3
2294 741 2395 799 An
2418 761 2554 801 vero
2580 761 2655 802 a
2680 745 2805 801 sola
2826 745 2951 802 Dei

1133 823 1346 884 Gratia
1361 826 1389 882 3
1471 824 1642 882 Prius
1671 823 1728 881 N
1730 843 1840 900 eg„
1868 823 2097 880 Poster.
2122 819 2353 878 Affirm.

619 982 670 1040 Ι.
713 981 832 1040 Hic
872 981 1195 1058 praecipuus
1245 981 1432 1040 Cardo
1475 989 1566 1040 cst
1615 979 2039 1040 Controversia
2082 979 2455 1056 ·Pelaginnae;
2498 979 2576 1038 ad
2622 1000 2792 1058 quem
2835 1003 2943 1042 eeu

537 1079 898 1120 communem
927 1061 1241 1137 Scopulum
1269 1061 1650 1138 impegerunt,
1682 1069 1967 1138 quotquot
2006 1059 2510 1136 Pelsgisnismum,
2540 1061 2639 1119 vel
2685 1061 2939 1140 Semipe-

499 1167 504 1172 ·
538 1140 946 1218 lagianismum
973 1141 1084 1199 hoc
1111 1141 1308 1199 seculo
1335 1149 1704 1200 renovarunt.

1131 1221 1222 1278 ΙΙ.
1254 1220 1356 1280 Ad
1381 1221 1719 1298 quaestionis
1744 1221 1971 1279 Statum
1988 1219 2235 1278 observa
2263 1223 2315 1278 1.
2334 1219 2468 1277 Non
2485 1221 2697 1296 quaeri3
2726 1220 2823 1280 An
2843 1223 2937 1281 de-

593 1285 953 1389 Sst‘tffglgu‘*
1052 1309 1264 1358 cretum
1283 1300 1590 1360 Electiom's
1607 1303 1683 1359 sit
1696 1302 2008 1359 ahsolutum⁴
2020 1307 2413 1375 consequenter
2430 1309 2487 1357 et
2502 1321 2543 1358 a
2558 1302 2753 1358 mediis
2771 1324 2791 1358 .·
2820 1302 2935 1360 Fa·

844 1375 856 1389 ’
1053 1388 1242 1439 temur
1268 1381 1422 1438 enim
1447 1381 1718 1440 meritum
1748 1379 1977 1455 Christi,
2008 1379 2199 1454 fidem,
2251 1387 2311 1438 et
2353 1397 2543 1455 opera,
2574 1399 2702 1439 esse
2731 1380 2939 1440 media

541 1457 617 1516 ad
643 1457 801 1517 illius
829 1461 1228 1519 executionem
1257 1461 1581 1519 necessaria
1605 1483 1619 1520 z
1667 1459 1799 1534 Sed,
1830 1461 1925 1518 An
1950 1459 2025 1517 sit
2064 1461 2177 1517 tale
2202 1461 2605 1534 antecedenter,
2636 1480 2676 1518 a
2722 1461 2938 1518 motivis

535 1547 588 1596 et
613 1539 925 1598 conditione
940 1543 1340 1616 proecedauea,
1370 1559 1488 1616 qua
1531 1549 1837 1599 moveatur
1877 1540 2043 1599 Deus
2086 1537 2163 1596 ad
2205 1538 2359 1597 hune
2402 1538 2597 1617 potius
2639 1559 2815 1615 quam
2862 1540 2939 1599 sd

529 1617 697 1676 illum
723 1619 1056 1694 eligendum
1079 1643 1094 1697 3
1138 1620 1620 1697 quodnegsmus.

612 1697 731 1756 11-1.
777 1702 833 1756 2.
867 1699 1000 1757 Non
1026 1700 1316 1776 quaeritur,
1349 1700 1449 1758 An
1474 1700 1611 1759 ullas
1639 1699 1758 1758 sint
1802 1697 1971 1757 istius
2010 1697 2229 1757 decreti
2268 1717 2458 1756 causae
2498 1718 2677 1776 penes
2702 1699 2930 1776 Deum3

529 1785 597 1836 ut
623 1778 778 1836 enim
805 1779 1262 1856 sapientissimus
1300 1789 1405 1855 est,
1449 1779 1599 1838 nihil
1641 1779 1841 1850 «ἑλάνας
1888 1778 2042 1854 facit,
2090 1787 2150 1836 et
2187 1777 2443 1837 rationes
2488 1777 2931 1855 dispensationis

529 1875 649 1916 suae
675 1857 852 1916 habet
878 1858 1256 1935 proculdubio
1285 1859 1675 1936 gravissimas,
1704 1859 1843 1918 licet
1867 1857 1983 1916 illae
2030 1877 2139 1916 nos
2184 1857 2421 1916 lateant.
2508 1858 2641 1934 Sed,
2689 1857 2793 1916 An
2839 1879 2929 1918 rc-

527 1936 716 1995 tiones
743 1937 858 1994 illae
884 1938 1006 1996 sint
1029 1939 1091 1996 in
1116 1938 1349 1997 homine
1377 1948 1542 1998 extre.
1571 1939 1762 1998 Deum
1772 1961 1800 2014 -3
1844 1937 2329 2014 quodnegamus.

613 2016 724 2074 IV.
769 2021 825 2076 3.
869 2018 1003 2076 Non
1031 2019 1322 2095 quaeritur,
1354 2019 1455 2076 An
1469 2018 1628 2078 fides
1656 2019 1734 2077 sit
1786 2018 2045 2093 conditio,
2077 2016 2174 2075 vel
2220 2035 2395 2076 ma
2416 2015 2627 2076 saltem
2660 2018 2933 2094 organica

523 2098 721 2154 salutes
748 2099 984 2155 decreta
1009 2105 1176 2156 extra
1205 2098 1410 2173 Deum,
1429 2099 1552 2157 -hoc
1581 2099 1735 2157 enim
1762 2116 1931 2157 nemo
1959 2107 2219 2156 nostrum
2264 2103 2479 2172 negat:
2526 2096 2659 2172 Sed,
2706 2099 2807 2156 An
2854 2098 2932 2158 sit

526 2173 780 2234 conditio
807 2177 904 2235 vel
942 2197 1117 2237 causa
1161 2179 1342 2255 ipsius
1379 2178 1591 2237 decreti
1628 2177 1692 2236 in
1737 2178 1881 2236 Deo.
1962 2177 2141 2236 Unde
2186 2175 2441 2251 Quaestio
2490 2195 2560 2234 eo
2586 2176 2786 2251 ‚redit3
2831 2177 2931 2236 An

526 2255 652 2314 sola
685 2256 812 2314 ·Dei
859 2257 1064 2318 Gratis
1089 2269 1151 2317 et
1193 2254 1388 2316 εὐδοκῶ
1432 2258 1518 2317 ita
1560 2255 1637 2316 sit
1678 2277 1855 2316 causa
1904 2255 2237 2332 Electionis,
2284 2264 2353 2314 ut
2384 2273 2762 2332 *nequaquam
2804 2277 2929 2316 sus-

523 2335 824 2412 pendetur,
871 2338 968 2396 vel
1017 2357 1093 2396 ex
1137 2357 1390 2414 operum,
1438 2337 1536 2396 vel
1583 2357 1660 2396 ex
1702 2336 1841 2395 fidei
1882 2337 2243 2414 praevisione,
2276 2334 2420 2394 τεῖνε
2469 2355 2540 2394 ea
2581 2355 2755 2394 causa
2801 2337 2930 2413 ejus

525 2424 827 2492 statuatur,
877 2417 1000 2476 sive
1044 2424 1270 2477 tantum
1318 2417 1572 2477 conditio
1617 2417 2017 2496 proerequisita
2034 2419 2064 2475 Ρ
2104 2414 2449 2476 Adversarii
2492 2423 2746 2492 negant3
2802 2417 2928 2476 Nos

523 2495 1020 2635 affiaealffiinsiificii
1063 2575 1158 2634 hic
1202 2576 1264 2634 in
1289 2576 1455 2636 veria
1493 2576 1729 2636 abeunt.
1824 2576 1905 2635 Et
1949 2595 2023 2635 ne
2064 2583 2393 2653 repetamus
2440 2573 2925 2635 Scholasticorum

523 2654 913 2731 antiquiorum
942 2657 1270 2733 sententias,
1301 2658 1402 2733 qui
1429 2676 1632 2733 parum
1660 2656 1975 2715 concordes
2000 2657 2153 2714 inter
2184 2676 2247 2714 se
2296 2654 2815 2733 deprehenduntur,
2866 2663 2927 2714 et

523 2752 768 2811 quorum
796 2734 1054 2812 plerique
1081 2744 1276 2813 aperte
1323 2736 1400 2795 sd
1449 2736 1753 2813 Pelagium
1800 2736 2187 2809 deflectentes,
2238 2734 2799 2811 praedestinationem
2848 2754 2925 2795 ex

521 2814 865 2891 praevisione
893 2816 1242 2891 meritorum,
1273 2824 1333 2875 et
1357 2814 1512 2875 bono
1538 2814 1957 2875 liberi-arbitrii
1984 2834 2095 2874 usu
2132 2814 2525 2893 suspendunt:
2568 2822 2786 2874 certum
2834 2822 2926 2873 est

523 2894 854 2971 -Theologos
885 2894 1220 2954 Pontificios
1245 2895 1308 2953 in
1335 2894 1595 2955 Concilio
1632 2894 1974 2955 Tridentino
2000 2894 2213 2953 abiisse
2256 2895 2317 2952 in
2359 2904 2585 2973 partes3
2628 2894 2923 2953 nonnullis

521 2974 835 3049 gratuitam
879 2974 992 3033 Dei
1037 2974 1394 3034 Electionem
1436 2992 1568 3035 eum
1609 2975 1945 3052 Augustino
1987 2975 2393 3051 asserentibus,
2434 2973 2567 3031 aliis
2604 2992 2747 3031 vero
2786 2992 2921 3033 cum

523 3052 854 3130 Pela-gianis
881 3062 942 3113 et
971 3054 1448 3132 Semipelagianis
1475 3074 1602 3113 eam
1631 3074 1707 3114 ex
1748 3053 2011 3133 praevisis
2050 3055 2347 3114 hominum
2386 3053 2624 3126 meritis,
2668 3061 2727 3111 et
2766 3052 2921 3111 bono

519 3132 689 3190 liberi
713 3132 938 3191 arbitrii
962 3154 1074 3193 usu
1103 3134 1604 3212 suspendentibus.
1689 3134 1831 3209 Quae
1858 3134 2151 3194 contentio
2178 3134 2511 3193 continuata
2535 3132 2663 3207 fuit,
2693 3141 2753 3191 et
2778 3132 2921 3191 acri·

519 3219 611 3269 ter
649 3212 868 3289 agitata
907 3214 1135 3289 exinde,
1181 3215 1331 3274 inter
1373 3214 1785 3274 Dominicanos
1824 3224 1885 3274 et
1914 3214 2381 3291 -Franciscanos3
2426 3214 2506 3271 Et
2542 3231 2699 3271 nunc
2739 3211 2925 3271 fervet

519 3290 712 3349 adhuc
739 3292 890 3352 inter
914 3292 1283 3353 Jansenistss
1310 3303 1370 3354 et
1395 3294 1440 3354 J
1441 3294 1675 3372 esuitas,
1706 3294 1823 3353 illis
1849 3314 1953 3372 pro
1974 3294 2228 3371 gratilita
2248 3294 2362 3351 Dei
2390 3291 2918 3366 Praedestinatione,

521 3370 650 3429 istis
677 3380 891 3448 contra,
921 3394 1026 3450 pro
1051 3373 1395 3451 praevisione
1424 3394 1661 3451 operum
1689 3373 2134 3434 decertantibus.
2219 3372 2767 3431 Fatendumtcmen
2814 3371 2918 3430 Je-

521 3450 702 3510 suitas
731 3452 888 3530 ipsos
913 3472 1032 3511 non
1063 3454 1233 3532 plane
1261 3472 1389 3513 esse
1431 3454 1781 3531 concordes;
1829 3455 1977 3513 Nam
2059 3452 2255 3511 uidam
2294 3453 2501 3511 volunt
2539 3451 2805 3511 homines
2843 3450 2921 3509 ad

518 3531 784 3609 primam
807 3532 1038 3609 quidem
1088 3534 1334 3611 gratiam
1381 3534 1563 3611 gratis
1610 3534 1784 3611 eligi3
1828 3532 1932 3593 sed
2017 3553 2021 3555 ·
2098 3533 2360 3610 gloriam,
2406 3552 2525 3590 non
2568 3532 2765 3607 gratis,
2818 3529 2922 3589 sed

517 3620 751 3689 propter
775 3614 1022 3690 praevise
1047 3622 1108 3673 et
1133 3613 1327 3673 futura
1351 3613 1572 3689 merita,
1601 3616 1963 3689 ut‘StapletO.
1992 3610 2055 3669 in
2082 3612 2325 3672 Antido.
2362 3612 2427 3669 in
2462 3632 2515 3670 c.
2542 3611 2625 3669 ix.
2664 3609 2745 3669 ad
2786 3608 2916 3685 Ro„

475 3714 480 3719 ·
519 3694 783 3751 Becanus
809 3692 882 3751 'de
905 3692 1181 3753 Proedest.
1209 3708 1268 3770 q.
1297 3696 1354 3769 4,
1385 3713 1444 3753 n.
1473 3696 1529 3769 8,
1559 3692 1825 3752 Petoem'm
1849 3693 1952 3752 lib.
1982 3710 2041 3751 x.
2070 3691 2274 3752 Theol.
2304 3692 2500 3767 dogm.
2530 3710 2580 3750 c.
2622 3690 2703 3765 ii.,
2734 3697 2794 3748 et
2818 3688 2921 3748 elii

475 3796 480 3799 ·
515 3772 714 3847 plures
740 3792 818 3830 ex
847 3792 915 3831 eo
938 3772 1258 3833 ⁸Sodalitio.
1342 3771 1468 3831 Alii
1494 3790 1650 3849 vero,
1694 3774 1959 3832 homines
1996 3791 2115 3831 non
2138 3772 2345 3831 ‘solum
2384 3771 2461 3829 ad
2508 3769 2771 3847 gratiam,
2816 3767 2921 3827 sed

516 3849 692 3908 etiam
713 3852 788 3908 ad
805 3852 1048 3927 gloriam
1066 3853 1299 3910 omnino
1321 3851 1502 3929 gratis
1519 3853 1659 3929 eligi
1672 3851 2037 3930 pertendunt,
2058 3860 2124 3911 ut
2143 3851 2527 3911 Reum-mem
2540 3869 2661 3927 prae
2676 3847 2917 3924 caeteris,

515 3929 619 4005 qui
646 3929 773 3988 fuse
801 3939 859 3987 et
883 3931 1145 4009 proxime
1165 3930 1242 3990 ad
1269 3940 1520 3991 montem
1547 3941 1803 3991 nostram
1830 3940 2016 3991 totum
2032 3932 2145 3991 hoc
2170 3938 2577 4009 argummtum
2590 3928 2917 4006 exequitur,

497 4008 619 4065 ‘lib.
648 4008 708 4067 ii.
739 4008 812 4066 de
841 4008 1044 4067 Gratia
1069 4019 1130 4069 et
1168 4011 1352 4070 libero
1381 4011 1572 4069 Arblt.
1603 4032 1653 4069 c.
1702 4014 1757 4087 6,
1808 4016 1863 4087 7,
1920 4012 2011 4087 10,
2064 4014 2155 4086 11,
2208 4019 2268 4070 et
2314 4030 2495 4087 seqq„
2538 4008 2645 4067 ubi
2688 4008 2913 4083 asserit,

514 4088 674 4163 quod
703 4090 740 4121 “
771 4088 1299 4149 Praedestinationis
1325 4089 1538 4147 divinae
1559 4089 1721 4149 nulla
1734 4091 1883 4149 ratio
1902 4110 1978 4149 ex
1998 4099 2161 4168 parte
2188 4090 2372 4150 nostri
2385 4088 2683 4165 assignari
2708 4094 2916 4164 potest.

516 4164 837 4241 Dicimus,”
879 4167 1085 4244 inquit,
1131 4171 1170 4201 “
1189 4168 1409 4227 nullam
1433 4169 1717 4229 rationem
1743 4171 2025 4249 assignari
2066 4190 2253 4249 posse,
2284 4178 2350 4228 ut
2376 4168 2771 4242 excludamus,
2802 4186 2919 4243 non

515 4246 704 4305 solum
731 4246 935 4306 merite
959 4246 1189 4325 proprie
1217 4249 1429 4324 dicta,”
1461 4246 1588 4325 &c.,
1623 4252 1661 4283 “
1690 4250 1793 4309 sed
1820 4252 1993 4309 etiam
2021 4252 2073 4310 si
2096 4270 2217 4310 non
2242 4251 2469 4309 dicutur
2495 4267 2622 4306 esse
2650 4247 2917 4305 meritum

471 4348 478 4355 ·
511 4325 628 4385 nisi
655 4326 728 4384 de
757 4344 1028 4403 congruo,
1059 4336 1120 4386 et
1145 4328 1370 4387 etiamsi
1409 4348 1528 4387 non
1568 4328 1795 4389 dicatm·
1832 4348 1972 4389 vere.
2011 4348 2203 4407 causa,
2248 4330 2353 4389 sed
2392 4336 2621 4387 tannim
2660 4325 2915 4385 conditio

513 4406 638 4465 sine
692 4424 810 4483 qua
861 4425 978 4465 non
1021 4407 1526 4485 praedestinaretur
1571 4410 1675 4486 qui
1720 4408 2218 4487 praedestinatur,”
2278 4411 2357 4469 Et
2410 4428 2537 4485 cap.
2570 4409 2664 4481 11,
2716 4404 2917 4464 statuit

515 4487 552 4519 “
581 4486 738 4563 quod
764 4487 888 4545 haec
918 4486 1202 4546 sententia
1225 4508 1344 4547 non
1371 4490 1709 4565 quorumvis
1741 4490 2057 4548 Doctorum
2086 4489 2297 4566 opinio,
2328 4488 2432 4547 sed
2459 4486 2605 4545 fides
2636 4484 2915 4545 Ecclesiae

512 4565 825 4625 Catholicae
853 4566 968 4625 dici
995 4567 1261 4642 debeat,”
1291 4587 1464 4645 quam
1491 4568 1700 4646 probet
1726 4568 1902 4627 variis
1928 4568 2301 4646 argumentis,
2327 4588 2377 4627 c.
2413 4570 2505 4643 10,
2536 4571 2627 4642 11,
2654 4570 2746 4639 12,
2772 4562 2913 4641 &c.;

506 4652 573 4705 ut
600 4654 756 4707 totus
781 4655 979 4707 noster
1003 4647 1100 4707 hic
1120 4647 1416 4727 videatur;
1461 4668 1791 4727 quanquam
1816 4648 1957 4709 alibi
1982 4669 2054 4709 ea
2072 4656 2289 4711 statuat
2314 4647 2389 4708 de
2416 4646 2601 4709 libero
2628 4644 2909 4721 Arbitrio,
