3300 5225
380 362 599 411 QUAEST.
631 341 727 423 ιι.]
1336 362 1414 404 ns
1444 362 1787 407 sommum.
2711 344 2786 405 55

1319 582 1712 658 QUAESTIO
1752 582 1842 641 11.

1138 757 1217 799 ns
1246 758 1641 805 secessurus
1670 758 2030 803 sommam.

674 898 769 957 An
795 918 1009 958 necesse
1030 898 1221 973 fuerit
1245 898 1365 957 Dei
1398 900 1637 961 Verbum
1661 900 1874 977 scripto
1898 898 2230 977 consiqnari
2241 901 2270 959 3
2357 897 2479 959 Aff.

457 1056 512 1150 J.
558 1057 643 1118 Ut
666 1054 1015 1149 praecedenti
1042 1056 1362 1151 qua-stione
1386 1057 1788 1152 necessitatem
1816 1057 2000 1152 Verbi
2025 1056 2416 1151 probavimus,
2437 1056 2558 1151 ..Ita
2582 1056 2644 1116 in
2671 1058 2781 1117 hac

322 1231 341 1251 ·
374 1144 572 1277 iffi?
581 1135 2781 1294 Qff‘sm‘'<1²⁰35022332'3’533332333fflfflofiffifflffttfaeiffi
2835 1245 2840 1249 -

376 1294 741 1355 Traditiones
768 1314 903 1357 suas
928 1295 1209 1376 ἇγςιίφους,
1239 1303 1300 1356 et
1325 1314 1656 1374 supremum
1683 1296 1812 1355 Pon
1839 1295 1854 1309 ‘
1899 1296 1984 1357 cis
2011 1295 2104 1357 sui
2142 1296 2422 1355 Tribunal
2447 1296 2777 1372 stabiliant3

376 1374 475 1435 Ita
500 1374 703 1435 eadam
729 1374 803 1435 (16
830 1394 1006 1435 causa
1031 1376 1433 1435 necessitatem
1460 1376 1589 1454 ejus
1632 1394 1752 1434 non
1793 1395 1914 1435 una
1955 1374 2177 1435 ratione
2219 1375 2450 1435 elevare
2475 1375 2686 1450 solent,
2712 1382 2781 1435 ut

376 1454 649 1515 evincant
673 1455 875 1515 utilem
902 1454 1137 1533 quidem
1180 1454 1359 1517 fuisse
1386 1454 1686 1531 Ecclesiae,
1723 1454 1828 1515 sed
1871 1474 1990 1514 non
2031 1454 2432 1529 necessariam,
2459 1463 2528 1515 ut
2553 1456 2776 1514 Bellar.

374 1534 582 1612 probat
624 1534 726 1595 lib.
754 1537 813 1611 4,
842 1534 917 1595 de
944 1534 1143 1595 Verbo
1188 1534 1319 1611 Dei,
1364 1554 1415 1595 c.
1444 1537 1502 1611 4,
1534 1534 1653 1594 imo
1678 1534 1893 1595 Hosius
1921 1533 2246 1595 cardinalis
2287 1552 2358 1593 eo
2401 1533 2778 1612 blasphemiae

374 1614 636 1693 prorupit
660 1621 729 1674 ut
753 1614 988 1690 dixerit,
1014 1613 1209 1673 melius
1232 1616 1541 1675 consulum
1550 1614 1738 1689 fiant-rae
1763 1613 2050 1691 Ecclesia,
2092 1613 2146 1673 εἰ
2166 1615 2328 1673 nulla
2351 1632 2604 1691 unquam
2629 1613 2773 1674 exti-

375 1694 527 1754 tisset
546 1695 853 1771 Scrzpwsa
865 1718 891 1769 ;
931 1702 993 1755 et
1008 1692 1295 1770 Valentia,
1326 1694 1666 1755 commodius
1675 1694 1861 1770 fiai-‘tce
1883 1714 2002 1753 non
2024 1692 2211 1753 scribi.

978 1772 1064 1832 11.
1106 1771 1210 1831 Ad
1250 1772 1589 1850 quaestionis
1631 1781 1848 1833 statum
1891 1772 2156 1849 observa,
2199 1772 2562 1849 Scriptus-mn
2603 1792 2778 1851 posse

494 1837 855 1943 Stssffissw·
895 1852 1247 1913 considerari
1271 1852 1566 1930 bifariam
1596 1853 1694 1913 vel
1719 1852 2090 1913 mata-zama·
2108 1851 2331 1913 rationo
2357 1852 2627 1913 doctr-sm
2653 1862 2775 1913 cra-

712 1928 727 1943 ‘
896 1931 1043 2007 ditm,
1074 1930 1171 1991 vel
1198 1932 1530 2007 fomilaaer
1570 1932 1793 1993 ratione
1832 1931 2150 2009 emptionis
2193 1939 2254 1992 et
2284 1932 2444 1991 modi
2469 1930 2774 1993 tradendi:

378 2007 565 2067 Priori
590 2028 766 2069 sensu
791 2008 1053 2086 fatemur,
1084 2018 1151 2069 ut
1176 2019 1347 2071 antea
1371 2011 1607 2087 dictum,
1642 2012 2024 2071 necessariam
2067 2030 2195 2073 esse
2223 2010 2561 2088 simpliciter
2587 2019 2647 2070 et
2672 2010 2773 2070 ab·

374 2086 581 2163 soluto,
626 2087 710 2147 ita
733 2095 800 2147 ut
841 2107 1137 2166 nunquam
1180 2108 1252 2149 ea
1292 2110 1485 2151 carere
1528 2090 1714 2167 possit
1741 2090 2038 2149 Ecclesiat
2084 2090 2202 2149 Sed
2227 2090 2532 2167 posteriori
2557 2088 2632 2148 (16
2658 2109 2776 2167 quo

374 2184 529 2225 nunc
544 2166 787 2243 quaestio
813 2177 929 2245 est;
959 2167 1327 2245 agnoscimus
1352 2188 1470 2228 non
1496 2188 1623 2229 esse
1644 2168 2026 2227 necessariam
2052 2168 2316 2229 absolute
2343 2178 2612 2246 respectu
2629 2168 2772 2246 Dei;

374 2245 513 2321 quia
537 2254 604 2305 ut
632 2246 809 2305 Deus·
836 2255 969 2306 ante
998 2247 1227 2306 Mosem
1270 2266 1375 2325 per
1414 2247 1508 2306 bis
1550 2247 1711 2306 mille
1737 2266 1920 2306 annos
1945 2246 2086 2305 viva
2110 2266 2256 2307 voce
2299 2246 2424 2307 sola
2451 2246 2774 2307 Ecclesiam

374 2343 539 2385 suam
564 2324 906 2400 instituerat,
938 2325 1034 2387 Ita
1057 2334 1119 2386 et
1142 2332 1370 2405 poterat
1396 2326 1449 2385 si
1474 2326 1758 2385 voluisset
1799 2344 1928 2385 eam
1969 2345 2041 2384 eo
2083 2324 2257 2385 modo
2285 2326 2492 2385 docere
2533 2336 2771 2404 postea3

374 2403 480 2464 sed
494 2405 841 2487 lqypothctice
866 2413 1093 2471 tantum
1124 2414 1359 2483 propter
1386 2404 1744 2465 voluntatem
1787 2403 2064 2479 divinam,
2093 2412 2380 2481 quatenus
2425 2404 2553 2465 Deo
2577 2404 2772 2465 visum

372 2491 464 2543 est
504 2483 783 2561 gravibus
825 2483 899 2543 (16
943 2484 1133 2543 causis
1174 2484 1435 2545 Verbum
1480 2503 1649 2544 suum
1697 2484 1910 2561 scripto
1954 2483 2320 2561 consignari:
2386 2482 2542 2543 unde
2583 2484 2776 2562 posita

374 2562 733 2624 ordinatione
759 2562 962 2624 divina
987 2562 1143 2623 facta
1182 2572 1273 2628 66ι
1303 2562 1448 2624 adeo
1475 2562 1800 2624 necessaria
1827 2561 2122 2640 Ecclesiae,
2154 2571 2221 2622 ut
2245 2582 2364 2622 non
2390 2570 2614 2624 tantum
2641 2583 2770 2643 per-
2819 2574 2822 2577 ’

372 2643 552 2702 tineat
578 2643 655 2702 ad
680 2643 827 2704 b'ene
853 2663 983 2703 esse
1011 2643 1307 2720 Ecclesiae,
1338 2643 1444 2704 sed
1468 2643 1643 2703 etiam
1669 2641 1747 2704 ad
1773 2643 1964 2721 ipsum
1989 2662 2136 2720 6666,
2166 2652 2234 2707 ιιι
2259 2641 2528 2702 Ecclesia
2552 2643 2772 2722 absque

370 2741 443 2781 ea
466 2721 639 2780 hodie
664 2742 783 2781 non
808 2723 995 2802 possit
1036 2723 1386 2783 subsisteret
1428 2722 1523 2782 Ita
1550 2722 1714 2784 Deus
1739 2722 1974 2801 quidem
2000 2741 2119 2783 non
2145 2731 2236 2784 est
2273 2721 2548 2802 alligatus
2577 2722 2769 2802 Scrip-

371 2808 532 2875 turas,
562 2800 669 2861 sed-
693 2821 802 2862 nos
828 2802 1097 2881 alligavit
1125 2802 1455 2881 Scriptura.

452 2879 573 2939 ΙΙΙ.
618 2881 751 2940 Νοιι
794 2902 935 2959 ergo
977 2883 1269 2960 quieritur,
1321 2879 1423 2940 An
1476 2879 1713 2959 scriptio
1756 2879 1940 2941 Verbi
2000 2879 2264 2942 absolute
2317 2889 2380 2941 et
2432 2879 2772 2960 simpliciter

368 2961 693 3020 necessaria
717 2960 905 3037 fuerit,
937 2961 1042 3022 sed
1067 2960 1385 3022 secundum
1410 2960 1554 3038 quid
1577 2970 1639 3021 et
1680 2980 1759 3020 ex
1800 2959 2144 3038 hypothesi;
2187 2980 2305 3021 non
2332 2959 2407 3020 ab
2435 2961 2595 3021 omni
2621 2981 2711 3021 sev

366 3038 473 3098 sed
496 3039 671 3099 hodie
694 3041 808 3100 hoc
834 3060 1025 3101 rerum
1052 3049 1240 3118 statu3
1283 3061 1392 3100 nec
1416 3040 1595 3102 relate
1622 3039 1699 3100 ad
1725 3039 1840 3100 Dei
1865 3039 2180 3118 potentiam
2207 3049 2267 3100 et
2291 3039 2634 3116 libertatem,
2665 3059 2728 3100 se

365 3117 445 3178 ad
490 3119 829 3196 sapientiam
883 3129 945 3182 et
988 3120 1365 3180 oeconomiam
1418 3120 1548 3198 ejus
1600 3139 1734 3180 cum
1785 3118 2018 3178 homine
2070 3119 2316 3196 agentis.
2397 3119 2550 3179 Nam
2595 3127 2664 3182 ut
2707 3121 2770 3180 in

366 3199 687 3258 oeconomia
712 3199 961 3258 naturali
985 3209 1251 3278 parentes
1278 3199 1656 3263 institutionis
1680 3198 1959 3259 rationem
1981 3218 2112 3259 cum
2138 3206 2432 3258 crescente
2456 3198 2769 3260 liberorum

368 3284 541 3338 aetate
568 3277 812 3354 variant,
842 3286 909 3338 ut
932 3279 1183 3340 infantes
1209 3279 1350 3340 viva
1374 3297 1519 3340 voce
1599 3277 1746 3338 rimo
1785 3277 2118 3354 formentur,
2149 3286 2274 3338 tum
2300 3297 2445 3338 voce
2474 3279 2764 3356 Magistri,

369 3364 431 3416 et
456 3355 733 3418 librorum
774 3357 1021 3418 lectione
1064 3359 1393 3434 doceantur,
1424 3378 1493 3418 ac
1577 3376 1770 3418 emum
1811 3357 2097 3418 subducta
2139 3377 2314 3417 manu
2350 3357 2547 3418 ferulae
2573 3377 2678 3436 per
2704 3377 2768 3419 se

370 3435 662 3500 doctrinas
688 3457 765 3496 ex
790 3436 955 3497 libris
981 3438 1283 3499 hauriant:
1326 3438 1421 3498 Ita
1449 3437 1623 3498 Pater
1649 3436 1919 3512 coelestis,
1948 3437 2050 3514 qui
2077 3436 2268 3498 erudit
2291 3437 2570 3514 populum
2598 3457 2768 3497 suum

368 3525 436 3576 ut
466 3525 629 3593 pater
654 3515 856 3592 filium,
889 3517 1063 3578 Deut.
1092 3517 1214 3577 viii.
1244 3519 1301 3594 5,
1333 3516 1657 3577 Ecclesiam
1697 3515 1972 3575 infantem
2007 3523 2070 3574 et
2106 3514 2523 3576 balbutientem
2555 3515 2764 3592 adhuc,

368 3615 500 3654 cum
527 3615 599 3654 ea
635 3596 965 3656 balbutiens
991 3597 1131 3656 viva
1156 3616 1317 3671 voce,
1347 3596 1451 3673 qui
1492 3593 1950 3672 simplicissimus
1993 3602 2084 3653 est
2125 3593 2496 3652 revelationis
2538 3591 2763 3670 modus,

366 3673 652 3736 instituit:
694 3675 842 3735 Mox
870 3675 1293 3736 adolescentem
1320 3683 1379 3734 et
1404 3675 1467 3732 in
1491 3673 1680 3765 prima
1711 3672 2022 3748 juventute
2049 3672 2156 3730 sub
2187 3672 2347 3748 Lege
2375 3671 2762 3749 constitutam,

366 3752 593 3845 etyiya
618 3773 760 3814 voce
788 3754 1001 3848 docuit,
1032 3763 1266 3847 propter
1306 3752 1582 3828 reliquias
1622 3749 1904 3808 infantilis
1949 3749 2152 3826 aetatis,
2189 3758 2251 3809 6ι
2293 3749 2507 3826 scripto
2530 3758 2766 3828 propter

364 3834 1267 3990 {fffi‘ffig‘ffffpess‘f‘ssffiffi
1303 3829 2111 3970 “rffvgiapsssffissffiffffi
2131 3827 2642 3987 ·„„3Tffgg{⁰ssfiss³g¹
2633 3838 2763 3970 1332

363 3997 692 4048 contentam
719 4010 847 4050 6666
861 3990 1066 4051 voluit.
1152 3990 1246 4049 Ita
1274 3988 1571 4068 Scriptura
1594 3987 1917 4048 necessaria
1936 3987 2089 4046 facta
2112 3994 2204 4048 est
2228 4005 2345 4048 non
2364 3987 2538 4047 modo
2563 4007 2762 4050 neces-

364 4068 535 4128 sitate
562 4069 835 4146 mandati,
867 4071 971 4130 sed
998 4090 1073 4130 ex
1098 4069 1409 4148 hypothesi
1434 4067 1768 4128 oeoonomiae
1793 4065 2026 4144 divinae‚
2057 4085 2232 4143 quam
2261 4067 2422 4128 Deus
2448 4087 2554 4145 pro
2581 4067 2762 4128 variis

362 4147 631 4208 aetatibus
660 4147 956 4226 Ecclesiae,
986 4149 1173 4210 voluit
1198 4169 1324 4210 6666
1351 4147 1571 4208 variam
1598 4155 1659 4208 et
1684 4149 2064 4216 πολυποίκιλον,
2095 4145 2246 4223 Eph.
2277 4146 2358 4207 iii.
2393 4149 2486 4207 10.

444 4226 555 4287 IV.
598 4227 761 4288 Hinc
803 4237 931 4288 orta
972 4227 1267 4290 distinctio
1303 4229 1472 4290 Verbi
1508 4227 1571 4286 in
1611 4226 1846 4309 ἔγραφον
1885 4237 1946 4287 6ι
1987 4224 2273 4318 &gesom
2333 4245 2464 4303 quse
2507 4244 2625 4284 non
2669 4233 2761 4286 est

362 4305 575 4366 divisio
598 4307 830 4384 generis
856 4308 917 4366 in
946 4309 1181 4386 specieS,
1212 4315 1279 4368 ut
1294 4306 1584 4368 Pontificii
1610 4313 1905 4382 statuunt;
1947 4324 2116 4383 quasi
2141 4304 2299 4364 aliud
2327 4311 2481 4364 esset
2497 4303 2758 4364 Verbum

360 4405 477 4444 non
506 4387 782 4464 scriptum
810 4407 848 4446 a
872 4388 1123 4464 scripto:
1164 4387 1268 4448 sed
1294 4397 1383 4448 est
1410 4385 1704 4446 distinctio
1732 4385 1980 4464 subjecti
2019 4385 2082 4443 in
2121 4403 2229 4444 sua
2254 4382 2589 4458 accidentia,
2622 4383 2759 4458 quia

360 4464 547 4524 eidem
576 4465 775 4526 Verbo
802 4467 1029 4541 accidit,
1059 4475 1128 4526 ut
1168 4465 1341 4526 fuerit
1382 4485 1499 4526 non
1527 4465 1804 4543 scriptum
1833 4464 1989 4540 olim,
2036 4471 2096 4523 et
2137 4482 2292 4522 nunc
2337 4463 2417 4521 sit
2444 4463 2717 4538 scriptum
2741 4482 2756 4520 ε

358 4542 589 4624 οἴγςιφοι
624 4565 764 4624 ergo
791 4546 1019 4620 dicitur,
1048 4565 1169 4606 non
1195 4553 1458 4622 respectu
1485 4544 1759 4622 temporis
1801 4542 2119 4622 praesentis,
2168 4541 2273 4602 sed
2313 4539 2606 4618 praeteriti,
2637 4558 2756 4616 quo

360 4623 551 4684 visum
577 4634 667 4686 est
695 4627 822 4686 Deo
852 4624 1174 4686 Ecclesiam
1202 4623 1327 4684 sola
1352 4624 1490 4684 viva
1515 4643 1662 4684 voce
1687 4632 1748 4685 et
1772 4644 1890 4684 non
1918 4621 2131 4701 scripto
2159 4619 2421 4682 edocere.
