3300 5225
572 354 693 414 610
1512 369 1696 414 Locus
1723 367 2000 413 oremus.
2613 343 2878 431 [cums-r.
2909 367 3000 410 rr.

577 533 861 592 aquarum
888 513 1120 590 origine,
1150 531 1281 591 quae
1310 533 1385 573 ex
1410 513 1704 592 lapidibus
1731 511 1979 591 exprimi
2019 529 2137 572 non
2177 515 2423 590 possunt
2459 509 2572 569 nisi
2613 529 2718 589 per
2747 511 3010 572 miracu-

578 595 736 672 lum3
781 594 907 654 sive
948 595 1023 653 ab
1063 594 1464 674 arttflcialt'bus,
1494 603 1561 655 ut
1588 595 1664 655 ab
1700 603 1828 654 arte
1853 591 2076 669 fabrili,
2107 593 2246 669 quia
2284 591 2434 669 lapis
2475 611 2594 649 non
2621 601 2710 651 est
2737 592 3004 668 ductilis,

578 691 688 734 nee
716 675 945 734 'malleo
992 672 1163 750 cedit,
1208 674 1311 734 sed
1353 673 1533 735 durus
1574 681 1681 751 est,
1726 674 1828 752 qui
1875 674 2068 752 potius
2109 672 2396 749 frangitur
2431 691 2605 750 quam
2647 673 3009 732 emolliatur.

580 755 733 814 Nam
772 755 923 815 sicut
960 755 1111 832 lapis
1150 775 1263 814 nec
1304 756 1631 834 subjectum
1669 764 1759 814 est
1799 750 2014 813 δεκτικὴ
2038 754 2192 830 vitae,
2231 773 2342 811 nec
2383 753 2595 812 sentire
2634 752 2733 811 vel
2773 753 3012 812 moveri

580 834 679 894 vel
704 833 861 893 flecti
888 841 990 894 aut
1028 835 1277 894 emolliri
1301 843 1508 913 potest,
1540 834 1643 894 sed
1671 834 2024 909 inflexibilis,
2053 832 2424 910 insensibilis,
2455 840 2515 892 et
2541 833 3014 911 impenetrabilis

580 923 706 974 est:
751 914 847 974 Ita
886 933 988 974 eor
1027 914 1469 992 irregenitorum
1511 915 1844 975 induratum
1887 916 1948 974 in
1993 921 2248 992 peccatO,
2292 933 2400 971 nec
2427 913 2609 971 vitam
2638 911 3009 991 spiritualem

580 993 775 1070 habet,
804 1013 913 1053 nec
938 993 1017 1054 ad
1044 1015 1171 1054 eam
1200 1015 1263 1054 se
1288 1003 1481 1074 potest
1508 994 1832 1074 disponere,
1863 995 1966 1055 sed
2007 993 2326 1053 inflexibile
2365 1002 2455 1052 cst
2499 993 2757 1070 Spiritui,
2800 993 3006 1052 insen-

582 1073 751 1134 sibile
772 1074 991 1152 Verb0,
1014 1083 1073 1134 et
1092 1075 1331 1152 judiciis
1356 1074 1483 1153 Dei,
1514 1075 1950 1154 impenetrabile
1979 1075 2198 1153 gratiae,
2223 1072 2381 1151 quod
2407 1093 2526 1131 non
2546 1072 2717 1132 modo
2747 1073 3008 1149 gratiam

580 1171 701 1214 non
726 1155 947 1232 recipit,
980 1154 1084 1215 sed
1124 1155 1211 1212 illi
1252 1157 1470 1216 resistit
1496 1163 1555 1215 et
1582 1156 1898 1215 reluctatur
1925 1173 2056 1214 cum
2086 1153 2491 1214 obstinatione.
2576 1152 2776 1230 Atque
2815 1152 3010 1230 hujus

580 1235 668 1293 rei
712 1235 1041 1312 symbolum
1080 1255 1199 1295 non
1239 1236 1547 1296 obscurum
1589 1235 1726 1294 dare
1754 1235 1942 1295 voluit
1985 1236 2146 1294 Deus
2189 1234 2252 1292 in
2291 1231 2664 1310 inscriptione
2713 1233 2892 1309 Legis
2938 1234 3008 1291 in

582 1313 800 1375 tabulis
825 1314 1089 1394 lapideis,
1118 1323 1185 1374 ut
1210 1315 1475 1377 innueret
1504 1317 1725 1394 Legem
1753 1315 1912 1375 cordi
1951 1315 2186 1392 lapideo
2211 1313 2365 1389 ferri,
2395 1332 2520 1389 nec,
2551 1313 2690 1390 quia
2716 1313 3008 1372 destituta

584 1403 675 1458 est
706 1395 940 1474 Spiritu,
970 1394 1119 1454 illud
1158 1415 1329 1472 posse
1369 1395 1617 1472 flectere,
1650 1396 1754 1456 sed
1781 1395 2169 1473 Evangelium
2201 1395 2265 1452 in
2291 1393 2506 1452 tabulis
2533 1394 2756 1452 carneis
2783 1393 3004 1469 cordis,

582 1475 722 1615 qucip
770 1475 977 1554 spiritu
1014 1475 1250 1536 vivifico
1290 1477 1606 1537 animatum
1657 1475 1834 1536 corda
1877 1482 2136 1552 renovat,
2188 1482 2248 1534 et
2290 1473 2367 1533 ad
2413 1472 2753 1550 obsequium
2795 1472 3004 1550 flectit,

584 1558 623 1614 2
702 1575 786 1615 or.
816 1555 899 1614 iii.
928 1559 985 1616 3.

667 1635 815 1694 XV.
860 1636 1102 1696 Frustra
1140 1635 1217 1695 ad
1256 1635 1597 1696 elevandam
1638 1638 1760 1696 vi'm
1801 1633 1970 1696 istius
2006 1633 2333 1713 argumenti
2368 1633 2692 1712 opponitur,
2727 1635 2780 1692 1.
2808 1632 3010 1694 C‘oecos

585 1731 687 1774 eos
714 1713 889 1774 etiam
916 1715 1129 1790 vocari,
1160 1716 1262 1794 qui
1284 1717 1525 1778 credunt
1553 1719 1896 1795 Evangelio,
1927 1725 1993 1776 ut
2011 1715 2415 1790 Laodicenses,
2441 1713 2628 1790 Apoc.
2647 1713 2727 1770 iii.
2763 1715 2854 1790 17,
2881 1733 3006 1772 non

586 1795 725 1871 quia
759 1794 921 1853 nullo
968 1795 1143 1855 modo
1185 1797 1510 1874 intelligere
1557 1805 1841 1875 poterant,
1891 1797 1997 1856 sed
2041 1795 2181 1874 quia
2227 1794 2680 1873 negligentiores
2723 1804 2889 1853 erant
2937 1794 3006 1852 in

586 1873 773 1933 officio
802 1874 1083 1934 faciendo.
1168 1877 1241 1936 R.
1274 1877 1423 1952 Quia
1448 1877 1563 1936 alia
1603 1885 1694 1937 est
1733 1879 1951 1936 eaecitas
1991 1883 2343 1952 comparata,
2375 1883 2434 1934 et
2475 1872 2790 1932 secundum
2833 1873 3002 1950 quid,

585 1971 715 2031 quse
740 1954 1015 2014 tribuitur
1042 1954 1278 2034 Angelo
1306 1957 1670 2035 Laodicensi,
1695 1959 1771 2017 ob
1791 1959 2022 2017 inanem
2044 1955 2463 2034 gloriationem,
2495 1973 2612 2032 qua
2640 1973 2701 2014 se
2713 1953 2998 2031 jactabat,

584 2034 754 2111 quasi
780 2034 947 2094 dives
975 2043 1129 2095 esset
1154 2042 1214 2096 et
1241 2038 1522 2114 oculatuS,
1554 2059 1688 2099 cum
1727 2047 1924 2098 tamen
1964 2046 2171 2096 natura
2212 2055 2274 2095 sc
2314 2053 2643 2112 pauperem,
2674 2034 2898 2094 nudum
2939 2043 3004 2094 et

586 2131 801 2174 caecum
844 2113 1140 2176 debuisset
1179 2117 1475 2195 profiteri:
1517 2119 1659 2178 Alia
1697 2137 1839 2190 yero
1879 2119 2134 2177 absoluta
2175 2125 2234 2175 et
2261 2116 2463 2190 totalis,
2495 2133 2624 2192 quae
2667 2115 3004 2190 irregenitis

584 2195 876 2272 tribuitur,
923 2213 1054 2273 quse
1096 2217 1328 2256 omnem
1376 2198 1766 2278 cognitionem
1815 2199 2126 2258 salutarem
2174 2196 2293 2256 illis
2341 2195 2564 2254 adimit.
2667 2199 2726 2253 2.
2757 2193 3002 2254 Fideles

582 2275 783 2334 vocari
822 2275 1010 2334 lucem
1030 2276 1091 2334 in
1120 2277 1390 2355 Domino,
1423 2279 1575 2358 Eph.
1598 2299 1658 2339 v.
1688 2281 1744 2356 8,
1775 2278 1878 2356 qui
1903 2287 2097 2338 tamen
2127 2277 2248 2336 suis
2275 2275 2529 2335 tenebris
2563 2274 3000 2335 obnubilantur.

584 2355 660 2413 R.
691 2355 841 2429 Quia
868 2371 905 2413 a
929 2355 1041 2433 piis
1070 2357 1145 2414 ad
1171 2358 1381 2436 impios
1407 2378 1525 2419 non
1551 2360 1712 2419 valet
1739 2356 2168 2437 consequentia.
2255 2356 2356 2414 Illi
2382 2356 2522 2413 Lux
2546 2352 2834 2428 dicuntur,
2875 2373 2998 2414 non

582 2434 645 2492 in
673 2451 753 2512 se,
786 2434 890 2494 sed
916 2437 977 2494 in
1007 2438 1276 2513 Domino,
1308 2438 1531 2500 scilicet
1556 2448 1845 2518 quatenus
1875 2446 2009 2499 sunt
2033 2457 2202 2496 novae
2231 2446 2507 2496 creaturae
2535 2436 2610 2494 ab
2637 2435 2764 2512 ipso
2805 2434 2996 2510 factae,

580 2513 721 2574 lieet
746 2533 864 2574 non
891 2515 1015 2574 sine
1041 2516 1314 2595 tenebris,
1346 2521 1483 2597 quia
1509 2519 1766 2580 nondum
1794 2520 2045 2598 perfecte
2073 2517 2320 2596 regeniti
2347 2523 2500 2576 sunt.
2584 2515 2672 2574 At
2697 2515 2760 2573 in
2800 2515 3000 2592 impiis

581 2612 701 2654 non
727 2602 817 2656 est
838 2596 1056 2674 duplex
1080 2597 1273 2675 home,
1306 2598 1410 2659 sed
1436 2601 1609 2662 unica
1633 2607 1842 2661 natura
1866 2607 1992 2661 tota
2016 2598 2344 2677 irregenita,
2375 2604 2434 2656 et
2461 2616 2634 2655 merse
2662 2595 2938 2655 tenebrae.

664 2676 848 2735 XVI.
893 2677 1027 2736 Non
1072 2678 1315 2739 solidius
1358 2688 1449 2743 est
1492 2682 1652 2761 quod
1699 2680 1936 2741 affertur
1977 2680 2257 2739 adversus
2311 2676 2749 2737 similitudinem
2803 2674 3000 2734 cordis

580 2755 813 2834 lapidei,
840 2756 1149 2834 figuratam
1177 2778 1305 2819 esse
1330 2762 1684 2823 locutionem
1710 2780 1841 2841 quae
1861 2780 1979 2821 non
2007 2760 2084 2819 sit
2109 2758 2387 2837 urgenda.
2474 2748 2548 2815 R.
2569 2756 2718 2831 Quia
2731 2755 3000 2833 figuratae

580 2836 905 2913 locutiones
932 2836 1052 2897 vim
1078 2840 1296 2899 habent
1334 2840 1712 2921 propriarum,
1743 2842 1976 2920 quando
2023 2841 2098 2899 ab
2127 2840 2252 2917 ipsa
2283 2838 2579 2915 Scriptura
2605 2845 2994 2915 exponuntur,

583 2922 644 2976 et
686 2917 919 2994 quando
968 2919 1188 2977 clarum
1228 2929 1316 2979 cst
1356 2924 1419 2981 in
1458 2942 1634 2999 quem
1676 2942 1911 2981 sensum
1951 2929 2011 2980 et
2037 2920 2210 2979 finem
2238 2918 2639 2978 adhibeantur.
2725 2916 2810 2978 Ut
2837 2916 2995 2993 apud

584 2996 951 3057 Ezechielem
999 2997 1197 3057 multae
1244 3018 1420 3060 voces
1461 3001 1754 3080 simplices
1797 3009 2121 3076 occurrunt,
2153 3020 2282 3079 quae
2324 2998 2569 3076 figuram
2598 2997 2783 3074 ipsam
2813 3016 2992 3073 expo-

583 3083 748 3150 nunt,
796 3085 862 3135 ut
908 3076 1065 3153 quod
1107 3077 1325 3137 ibidem
1370 3082 1533 3140 Deus
1578 3082 1865 3159 promittit
1911 3101 1974 3141 se
2017 3080 2285 3140 daturum
2326 3098 2426 3137 cor
2463 3096 2668 3137 novum
2707 3085 2767 3136 et
2792 3096 2998 3137 novum

582 3155 859 3231 spiritum,
889 3173 995 3234 per
1018 3174 1191 3234 quem
1230 3158 1455 3236 efficiat,
1486 3162 1640 3220 utin
1681 3162 1796 3221 viis
1835 3162 1948 3221 Dei
1987 3158 2338 3219 incedamus.
2425 3158 2669 3217 Frustra
2707 3176 2848 3216 vcro
2876 3156 2995 3215 Ar·-

582 3233 795 3327 noldus
821 3234 996 3294 anxie
1022 3237 1286 3313 congerit
1310 3238 1647 3301 discrimina
1671 3240 1824 3301 inter
1849 3262 1950 3302 cor
1975 3250 2036 3301 et
2061 3239 2347 3318 lapidem;
2393 3238 2544 3314 Quia
2569 3258 2687 3297 una
2712 3238 2774 3295 in
2814 3256 2876 3295 re
2919 3237 2996 3296 de

582 3332 702 3393 qua
727 3313 823 3373 luc
850 3314 1045 3393 agitur
1063 3317 1360 3393 aptissima
1386 3330 1477 3381 est
1493 3323 1882 3400 comparatio:
1919 3322 2190 3381 nimirum
2217 3340 2336 3379 non
2364 3337 2530 3379 secus
2552 3338 2620 3377 ac
2643 3336 2848 3377 saxum
2876 3336 2996 3375 non

581 3400 776 3471 potest
802 3396 1057 3473 seipsum
1082 3396 1323 3478 mollire,
1354 3401 1452 3461 vel
1480 3422 1613 3462 caro
1640 3424 1746 3481 per
1772 3422 1834 3463 se
1862 3403 2004 3479 fieri,
2035 3402 2118 3461 ita
2143 3420 2252 3459 nee
2294 3419 2393 3460 cor
2418 3398 2794 3475 irregenitum
2821 3416 2997 3474 posse

581 3474 603 3534 i
647 3492 774 3534 sum
822 3494 885 3536 se
928 3486 1264 3539 convertere
1311 3488 1412 3543 aut
1453 3483 1761 3561 disponere
1802 3483 1880 3543 ad
1917 3481 2428 3560 regenerationem,
2470 3478 2574 3539 sed
2613 3478 2678 3536 id
2715 3476 2842 3537 fieri
2869 3477 2998 3537 sola

630 3555 839 3634 piritus
868 3556 981 3617 Dei
1008 3557 1279 3620 efficacia.

598 3674 603 3679 ·
1150 3638 1367 3701 XVII.
1398 3640 1633 3719 Quart0,
1667 3642 1817 3719 Quia
1857 3642 2153 3721 Scriptura
2192 3640 2406 3718 passim
2439 3636 2848 3698 Peccatoribus
2888 3638 3012 3696 tri--

582 3713 747 3785 4·.E¹
796 3714 916 3785 ¹⁰⁶¹?
1000 3730 1074 3761 ¹¹⁸·
1114 3718 1244 3781 buit
1282 3718 1561 3801 ἐδυναμίιιν
1593 3722 1671 3783 ad
1709 3724 1942 3800 bonum,
1974 3740 2154 3800 quum
2194 3722 2535 3797 figmentum
2576 3717 2997 3795 cogitationum

602 3854 607 3857 .
640 3776 1076 3879 ξᾞζῗωῗξξζῖωῗ
1117 3800 1367 3863 hominis
1395 3804 1606 3863 dicitur
1640 3803 1858 3862 malum
1900 3804 2058 3862 omni
2099 3810 2358 3878 tempore
2406 3820 2443 3859 a
2475 3801 2803 3878 juventute,
2835 3798 2992 3859 Gen.

718 3954 734 3969 ·
1114 3880 1195 3941 vi.
1226 3884 1281 3958 5,
1312 3883 1479 3962 cujus
1504 3882 1622 3943 loci
1659 3884 1780 3942 vim
1821 3900 1997 3961 supra
2036 3882 2354 3961 attigimus.
2438 3880 2534 3939 Ita
2567 3878 2832 3939 Christus
2871 3878 2996 3937 sine

580 3970 685 4029 ’Μ’
701 3956 922 4047 ,ΙΠΊῐιίὴ
951 3959 1093 4018 niba
1128 3964 1358 4039 potestis
1366 3966 1586 4039 facere,
1616 3964 1666 4025 J
1666 3964 1759 4023 oh.
1790 3983 1890 4024 xv.
1923 3966 1996 4041 ὅς
2039 3982 2158 4020 non
2195 3960 2352 4039 dicit,
2385 3960 2510 4019 sine
2535 3978 2628 4017 me
2655 3976 2860 4036 parum
2887 3976 2992 4035 po·

582 4041 767 4126 testis,
794 4036 893 4094 vel
922 4038 1229 4101 difficulter
1253 4043 1497 4121 potestis
1524 4043 1746 4122 aliquid
1772 4043 1978 4119 facere,
2000 4042 2103 4103 sed
2125 4041 2248 4101 sinc
2269 4060 2362 4100 me
2389 4039 2537 4099 nihil
2563 4038 2840 4118 potestis3
2871 4057 2992 4097 non

581 4112 741 4188 dicit,
774 4114 897 4173 sine
938 4134 1033 4178 me
1075 4120 1221 4181 nihil
1261 4123 1467 4199 facitis,
1498 4124 1595 4183 vel
1636 4124 1845 4183 facturi
1885 4124 2043 4200 estis,
2075 4121 2179 4181 sed
2217 4121 2365 4180 nihil
2405 4120 2664 4199 potestis,
2685 4116 2844 4198 quod
2871 4136 2989 4177 non

582 4199 809 4252 tantum
836 4202 1047 4274 actum,
1078 4201 1183 4259 sed
1206 4202 1393 4280 ipsam
1433 4204 1754 4280 potentiam
1795 4204 2073 4264 excludit.
2159 4200 2257 4261 Sic
2287 4202 2523 4276 Paulus,
2570 4202 2608 4233 ‘⁴
2627 4200 2822 4257 Homo
2864 4198 2986 4257 ani-

580 4272 752 4331 malis
798 4292 915 4370 non
944 4276 1099 4369 capit
1124 4298 1195 4338 ea
1218 4301 1349 4358 quae
1377 4290 1513 4342 sunt
1542 4283 1672 4359 Dei,
1703 4302 1812 4344 nec
1838 4293 2032 4364 potest
2071 4302 2143 4343 ea
2181 4300 2550 4360 cognoscere,
2593 4280 2732 4357 quia
2772 4278 2988 4338 discer-

578 4362 796 4413 nuntur
822 4356 1255 4436 spiritualiter,”
1290 4364 1322 4420 1
1355 4361 1614 4423 Corinth.
1642 4364 1704 4423 ii.
1738 4366 1831 4425 14.
1919 4367 1954 4399 “
1977 4365 2111 4422 Non
2139 4382 2338 4422 sumus
2374 4360 2570 4421 idonei
2610 4359 2686 4418 ad
2727 4358 2988 4437 cogitan-

579 4432 735 4529 dum·
762 4434 986 4513 aliquid
1027 4458 1103 4497 ex
1150 4441 1318 4501 nobis
1360 4442 1520 4520 ipsis,
1550 4453 1617 4503 ut
1665 4464 1740 4504 ex
1781 4445 2010 4521 nobis,''
2039 4447 2077 4501 2
2108 4443 2368 4502 Corinth.
2391 4442 2472 4501 iii.
2495 4442 2552 4501 5.
2611 4444 2648 4474 “
2669 4439 2988 4497 Prudentia

578 4531 769 4573 earnis
784 4534 903 4575 non
923 4517 1228 4597 subjicitur
1244 4521 1409 4600 Legi,
1428 4528 1489 4583 et
1502 4524 1814 4602 nequidem
1829 4524 2080 4604 potest,”
2105 4524 2274 4583 Rom.
2287 4520 2413 4581 viii.
2427 4526 2484 4580 7.
2507 4522 2543 4554 ‘⁶
2557 4518 2753 4579 Arbor
2771 4518 2986 4593 mala,”

577 4592 782 4671 quales
802 4604 937 4656 sunt
955 4598 1219 4661 homines
1238 4610 1461 4679 natura,
1488 4606 1654 4663 “non
1673 4612 1868 4684 potest
1883 4606 2071 4664 bonos
2089 4603 2314 4663 fructus
2341 4602 2550 4678 ferre,”
2577 4601 2747 4659 Matt.
2759 4598 2864 4658 vii.
2879 4600 2984 4675 183

575 4688 694 4730 non
718 4680 946 4739 tantum
970 4698 1091 4740 non
1116 4682 1243 4761 fert,
1274 4682 1379 4744 sed
1404 4702 1521 4743 non
1547 4692 1743 4763 potest
1769 4682 1933 4764 ferre,
1961 4684 2100 4763 quia
2123 4682 2317 4763 qualis
2345 4700 2538 4759 causa,
2565 4680 2702 4741 talis
2727 4678 2986 4754 effeetus,
