3300 5225
285 372 506 425 Qus-8¹1⁹.
537 350 718 435 xvn.]
1160 372 1240 413 nr.
1267 372 1857 416 ramnes-nummus.
2570 358 2686 415 363

281 514 474 573 locum
503 512 663 573 Tit.
647 512 710 570 ιι.
739 514 838 583 11,
873 514 964 588 12,
995 510 1096 571 ubi
1123 512 1335 573 dicitur
1355 515 1553 592 qratia
1577 515 1850 575 saltaturis
1874 513 2213 607 apparuisse
2238 512 2487 573 omm'bus
2512 513 2685 607 homi:-

279 594 457 668 ηῶω,
487 591 567 651 id.
597 590 920 669 quibusvis,
948 592 1346 671 cujuscunque
1373 594 1491 653 sint
1516 594 1881 671 conditionis,
1912 594 2040 652 sive
2067 593 2319 668 Domini,
2361 592 2485 651 sive
2513 592 2685 668 servi,

281 673 356 732 de
381 638 476 731 hi’s
501 670 656 731 enim
681 670 1027 748 loquebatur
1051 691 1110 730 v.
1138 673 1504 750 praecedenti,
1535 683 1596 733 et
1619 682 1927 767 postquam
1946 673 2208 733 hortatus
2235 680 2360 731 erat
2386 672 2685 748 Dominos,

281 772 356 811 ne
385 770 585 811 servos
612 750 1016 810 inclementius
1041 751 1338 829 haberent,
1381 754 1540 813 illico
1567 753 1818 830 subjicit,
1865 753 2071 813 Gratia
2095 752 2249 811 enim
2292 752 2559 812 salutaris
2586 772 2686 830 ap·

282 831 480 909 paruit
505 830 788 905 omnibus,
819 830 898 889 id.
927 838 1046 889 tam
1075 831 1192 891 illis
1218 852 1391 910 quem
1419 834 1606 893 vobis.
1668 833 1764 892 Ita
1786 833 2005 892 Coloss.
2035 832 2115 891 iii.
2150 835 2179 890 1
2192 835 2243 891 1.
2306 832 2437 890 “In
2460 831 2691 891 Christo

283 930 471 987 neque
499 910 875 985 circumcisio,
903 928 1092 987 neque
1118 913 1480 989 praeputium,
1500 932 1707 1005 neque
1735 932 1953 987 servus,
1984 931 2171 989 neque
2197 912 2360 988 liber,
2404 930 2512 970 nec
2546 911 2689 987 Scy-

283 991 404 1065 tha,
433 1009 541 1049 nec
569 989 879 1082 Barbarus,
925 988 1028 1047 sed
1056 990 1320 1049 Christus
1361 992 1556 1051 omnia
1593 994 1657 1050 in
1697 992 2021 1066 omnibus,’'
2064 1011 2180 1049 non
2220 992 2283 1049 in
2324 990 2591 1050 omnibus
2631 998 2692 1049 et

285 1068 548 1147 singulis,
574 1069 720 1128 sed
703 1088 766 1127 ιιι
793 1068 1062 1128 omnibus
1089 1070 1606 1147 indiscriminatim,
1637 1073 2031 1148 cujuscunque
2058 1070 2293 1145 ordinis,
2324 1090 2517 1145 sexus,
2549 1090 2688 1147 gen-

284 1150 380 1225 tis,
423 1157 485 1208 et
523 1148 888 1209 conditionis.
972 1152 1030 1208 3.
1073 1149 1408 1226 Aliquando
1449 1152 1781 1209 unum-sitas
1820 1151 2159 1209 credentium
2198 1160 2251 1209 et
2288 1153 2527 1209 mundus
2552 1153 2688 1209 eke-

288 1309 504 1367 Omnes
417 1229 818 1369 m’gpggiiilrs
831 1231 1461 1385 ‘Piilngohr'igogiz’essz
1489 1231 2065 1403 {Zemodmmi‘n
2092 1230 2561 1369 ἒέιέιιιὲἓιιιιιιιοζ.
2570 1234 2691 1367 1121?-

285 1388 568 1463 riuntur,''
598 1407 718 1447 non
743 1387 902 1465 quod
927 1387 1130 1447 eadem
1171 1388 1248 1448 sit
1273 1389 1520 1448 latitudo
1546 1390 1886 1465 viventium,
1930 1408 2062 1482 quas
2087 1388 2471 1465 morientium,
2511 1388 2695 1447 multo

287 1466 442 1525 enim
466 1467 664 1544 plures
691 1468 1014 1526 moriuntur
1039 1467 1102 1525 ιιι
1129 1467 1378 1543 Adamo,
1409 1488 1582 1547 quam
1611 1477 1919 1527 servantur
1944 1468 2007 1527 in
2035 1468 2297 1544 Christ03
2342 1468 2446 1527 sed
2472 1468 2695 1527 ratione

285 1545 682 1605 universitatis
695 1546 982 1622 fidelium3
1013 1547 1150 1623 quia
1172 1555 1242 1607 ιιι
1268 1556 1554 1626 quotquot
1579 1556 1823 1625 pereunt
1848 1556 1906 1607 et
1925 1547 2263 1622 moriuntur,
2294 1548 2651 1607 moriuntur
2634 1566 2697 1605 ιιι

287 1625 556 1703 Adamo3
601 1626 698 1685 Ita
744 1634 1028 1719 quotquot
1067 1626 1454 1704 vivificantur,
1497 1628 1869 1687 vivificantur
1913 1626 1975 1685 in
2021 1627 2285 1686 Christo:
2328 1627 2695 1686 conferuntur

288 1704 444 1765 enim
475 1705 589 1765 ista
615 1704 732 1765 duo
761 1706 964 1783 Capita
989 1706 1140 1764 inter
1167 1724 1246 1782 se,
1290 1727 1410 1766 non
1436 1707 1630 1784 quoad
1670 1706 2095 1784 amplitudinem
2134 1706 2328 1781 objecti
2361 1706 2466 1765 sed
2505 1704 2699 1783 quoad

287 1786 618 1862 analoyiam
637 1786 795 1845 modi
817 1786 1343 1846 communicationis.
1427 1786 1578 1863 Quia
1603 1794 1672 1846 ιιι
1699 1786 1967 1845 Adamus
1994 1785 2262 1853 omnibus
2290 1786 2411 1845 suis
2450 1786 2700 1864 posteris

288 1873 606 1942 peccatum,
652 1873 712 1925 et
749 1884 853 1959 per
897 1876 1198 1942 peccatum
1243 1874 1490 1927 mortem
1533 1867 1953 1943 communicat3
2003 1866 2085 1925 ita
2127 1866 2390 1925 Christus
2430 1865 2699 1925 omnibus

288 1944 565 2003 membris
592 1944 713 2004 suis
747 1944 1052 2022 justitiam,
1095 1953 1154 2004 et
1193 1964 1298 2023 per
1330 1946 1618 2024 justitiam
1645 1948 1825 2005 vitam
1852 1946 2116 2023 largitur.
2200 1945 2295 2003 Ita
2322 1944 2701 2023 explicandus

291 2032 382 2083 est
409 2024 590 2116 locus,
637 2024 806 2082 Rom.
835 2044 893 2081 v.
927 2027 1019 2099 18,
1067 2027 1162 2099 19,
1207 2024 1308 2084 ubi
1347 2026 1580 2085 collatio
1619 2025 1689 2085 fit
1716 2025 1933 2083 Adami
1974 2034 2033 2084 et
2074 2024 2306 2100 Christi,
2350 2043 2469 2084 non
2509 2023 2703 2102 quoad

293 2103 708 2196 extensionem,
753 2101 857 2161 sed
883 2102 1076 2180 quoad
1103 2070 1539 2164 similitudinem
1568 2104 1936 2182 operationis.
2021 2104 2115 2162 Ite,
2143 2103 2401 2163 Mundus
2440 2124 2546 2182 pro
2572 2104 2700 2163 uni-

291 2183 567 2243 versitate
595 2183 907 2243 electorum
933 2191 993 2242 et
1023 2182 1282 2242 fidelium
1309 2184 1570 2260 sumitur,
1615 2188 1653 2242 2
1685 2184 1815 2243 Cor.
1843 2204 1903 2242 v.
1936 2184 2029 2257 19,
2073 2202 2189 2261 quo
2230 2202 2405 2242 sensu
2440 2125 2547 2242 {Aa

295 2262 392 2321 Tr.
450 2264 546 2323 87.
589 2261 652 2319 in
693 2262 736 2321 J
739 2262 908 2321 ohan
950 2261 1099 2323 duos
1146 2263 1394 2323 mundos
1445 2263 1508 2321 in
1546 2263 1766 2322 mundo
1824 2263 2027 2341 ponit3
2100 2264 2137 2296 ‘⁶
2164 2262 2349 2321 Totus
2394 2282 2533 2321 mun
2574 2264 2703 2339 us,’'

293 2342 392 2417 ait,
441 2343 478 2375 “
500 2342 766 2401 Ecclesia
792 2350 898 2416 est,
927 2350 988 2404 et
1013 2350 1172 2401 totus
1197 2342 1449 2402 mundus
1477 2341 1602 2402 odit
1629 2342 1992 2403 Ecclesiam·
2037 2341 2296 2401 Mundus
2322 2341 2503 2419 igitur
2530 2343 2703 2401 Mun-

293 2421 434 2481 dum
479 2420 620 2496 odit,
664 2421 931 2481 inimicus
971 2421 1422 2497 reconciliatum,
1453 2422 1760 2482 damnatus
1788 2422 2134 2498 salvatum,'’
2166 2419 2275 2481 Sco.
2320 2421 2403 2481 sic
2444 2430 2503 2481 et
2532 2422 2702 2481 Pros-

293 2520 398 2579 per
423 2500 484 2560 li.
513 2501 553 2561 i.
584 2500 656 2561 de
685 2500 832 2560 Voc.
865 2501 1060 2561 Genti.
1091 2521 1141 2561 c.
1172 2504 1229 2561 3.

375 2580 708 2642 XXXIII.
753 2580 918 2642 Licet
947 2581 1126 2657 Deus,
1159 2581 1372 2641 Ezech.
1415 2580 1626 2642 xxxiii.
1661 2584 1753 2658 11,
1798 2588 2147 2660 protestetur
2184 2600 2248 2640 ee
2286 2582 2433 2641 nolle
2470 2588 2708 2640 mortem

283 2663 619 2740 peccator-122,
647 2663 752 2722 sed
771 2663 888 2738 ejus
915 2663 1326 2722 conversionem
1352 2671 1407 2721 et
1429 2663 1618 2738 vitam,
1662 2682 1781 2722 non
1810 2661 2072 2739 sequitur
2098 2681 2229 2720 eum
2256 2661 2333 2720 ab
2360 2669 2575 2720 esterno
2601 2681 2705 2720 vo-

295 2743 472 2802 luisse
501 2750 560 2802 et
587 2741 904 2802 intendisse
945 2742 1056 2802 sub
1083 2742 1202 2819 aliq
1201 2761 1279 2802 ua
1305 2741 1636 2801 conditione
1676 2741 1935 2801 omnium
1962 2749 2022 2802 et
2060 2741 2423 2818 singulorum
2466 2760 2705 2800 conver·-

295 2822 518 2882 sionem
545 2829 604 2880 et
631 2822 848 2898 vitam3
889 2821 1042 2880 Nam
1067 2830 1452 2900 praeterqusm
1481 2822 1637 2900 quod
1666 2822 1967 2881 conversio
1994 2841 2112 2880 non
2138 2829 2331 2900 potest
2348 2821 2570 2880 intendi
2598 2821 2708 2880 sub

293 2902 418 2962 ulla
444 2901 789 2978 conditione,
834 2901 972 2979 quia
1011 2911 1104 2962 est
1141 2902 1268 2979 ipsa
1309 2902 1597 2977 conditio3
1642 2910 1863 2960 certum
1904 2912 1994 2962 est
2032 2901 2130 2960 hic
2168 2901 2269 2979 agi
2308 2901 2383 2960 de
2422 2903 2708 2960 volzmtate

293 2983 588 3063 ωιςιπίικ,
619 2991 678 3042 et
705 2983 1132 3076 complacentia,
1177 3001 1296 3040 non
1323 2981 1396 3042 de
1423 2985 1706 3042 voluntate
1732 2977 1964 3056 εὐδοκίας,
2009 2980 2168 3059 quod
2207 2980 2425 3040 evincit
2464 2981 2708 3040 verbum

295 3078 400 3140 τιν-ι
427 3063 584 3140 quod
610 3063 825 3139 passim
853 3061 1135 3138 delectari,
1163 3070 1227 3121 et
1266 3070 1494 3139 gratum
1534 3061 1749 3120 habere
1790 3061 2095 3140 significat,
2124 3068 2192 3121 ut
2215 3060 2491 3122 innuatur
2518 3062 2709 3120 Deum

298 3142 576 3202 delectari
603 3142 978 3201 conversione
1005 3150 1066 3202 et
1091 3142 1215 3200 vite,
1252 3143 1590 3218 peccatoris,
1631 3150 1909 3219 tanquam
1936 3161 1999 3200 re
2035 3141 2149 3200 sibi
2176 3149 2358 3236 grata,
2403 3149 2463 3200 et
2488 3149 2709 3200 natum

297 3243 420 3282 suae
447 3241 668 3282 summe
696 3219 1052 3280 misericordi
1077 3221 1473 3297 conveniente,
1503 3222 1697 3299 potius
1724 3241 1899 3298 quam
1926 3221 2163 3281 interitu
2191 3221 2333 3299 ejus,
2364 3229 2539 3298 atque
2574 3220 2709 3280 ideo

297 3321 427 3360 eam
455 3301 690 3377 exigere
717 3299 792 3360 ab
817 3299 1050 3360 homine
1091 3308 1366 3377 tanquam
1393 3299 1641 3360 officium
1671 3301 1947 3376 debitum,
1990 3309 2057 3360 ut
2096 3320 2161 3360 se
2202 3308 2502 3360 convertat
2541 3301 2593 3359 si
2620 3300 2708 3358 vi-

299 3401 438 3440 vere
465 3379 676 3458 cupiat.
763 3379 882 3440 Sed
907 3379 1176 3456 quamvis
1202 3379 1364 3455 nolit,
1395 3379 1474 3439 id.
1496 3400 1614 3438 non
1633 3380 1953 3440 delectetur
1969 3388 2152 3439 morte
2178 3381 2514 3458 peccatoris,
2538 3387 2711 3458 prout

299 3467 464 3520 notat
491 3467 766 3520 creaturae
795 3458 1262 3552 destructionem,
1292 3478 1410 3518 non
1437 3459 1650 3518 desinit
1676 3469 1869 3519 tamen
1897 3479 2025 3518 eam
2050 3460 2203 3517 velle
2233 3468 2292 3519 et
2318 3460 2615 3518 intendere
2643 3467 2709 3519 ut

299 3539 640 3599 exercitium
675 3538 920 3616 jusfitiae
949 3557 1085 3631 sues,
1129 3546 1192 3598 et
1229 3545 1297 3598 ut
1323 3538 1683 3598 occasionem
1723 3537 2159 3598 manifestandae
2200 3539 2417 3614 gloriae,
2464 3538 2637 3598 Prov.
2668 3539 2707 3596 i.

307 3622 406 3696 26,
441 3622 470 3677 1
509 3619 663 3679 Sam.
693 3619 754 3678 ii.
784 3621 894 3694 343
936 3625 1002 3678 ut
1027 3617 1159 3696 pius
1187 3616 1586 3694 Magistratus,
1617 3618 1719 3695 qui
1744 3637 1863 3676 non
1890 3617 2211 3676 delectatur
2235 3625 2421 3676 morte
2462 3636 2706 3694 reorum,

301 3719 422 3759 non
463 3698 675 3760 desinit
715 3707 910 3758 tamen
949 3717 1148 3757 eorum
1188 3717 1418 3774 poenam
1460 3717 1537 3756 ex
1577 3697 1837 3774 Legibus
1871 3697 2031 3774 juste
2072 3696 2398 3755 decernere.
2482 3696 2622 3772 Nec,
2660 3695 2711 3756 si

303 3780 465 3840 Deus
491 3798 610 3838 non
635 3777 884 3838 intendit
909 3777 1136 3856 proprie
1163 3797 1364 3836 eorum
1389 3775 1845 3854 resipiscentiam
1872 3784 1931 3835 et
1958 3776 2219 3870 salutem,
2264 3775 2477 3835 frustra
2500 3775 2714 3836 dicitur

301 3859 580 3938 improbis
607 3857 707 3937 qui
733 3857 1054 3916 invitantur
1079 3857 1154 3915 ad
1180 3857 1596 3934 poenitentiam,
1620 3875 1802 3933 quare
1826 3855 2171 3914 moriemini.
2164 3858 2188 3900 ²
2228 3855 2367 3933 quia
2384 3864 2539 3914 recte
2566 3857 2710 3934 ipsis

301 3939 626 4000 ostenditur
651 3938 746 3997 his
772 3937 967 3996 verbis
993 3936 1136 4014 quid
1161 3936 1412 3996 debeant
1437 3935 1632 4030 facere·
1652 3936 1729 3996 ad
1754 3943 1997 3994 mortem
2024 3935 2443 4011 declinandam,
2467 3944 2530 3995 et
2554 3937 2711 4012 quod

299 4039 408 4081 sue.
433 4017 852 4096 impoenitentia
876 4016 1220 4092 voluntaris,
1263 4016 1375 4075 soli
1401 4017 1522 4076 sint
1545 4015 1638 4075 sui
1664 4015 1929 4075 interitus
1968 4035 2159 4092 causa,
2190 4035 2307 4074 non
2338 4016 2531 4092 Deus3
2574 4016 2713 4076 licet

300 4099 456 4160 enim
497 4119 601 4176 per
625 4098 920 4159 decretum
944 4096 1364 4174 reprobationis
1403 4117 1504 4157 eos
1531 4097 1885 4174 praeterierit,
1930 4103 1989 4155 et
2025 4094 2387 4156 constituerit
2426 4115 2544 4154 ιιοιι
2571 4096 2709 4156 dare

299 4180 446 4258 ipsis
471 4178 663 4254 fidem,
707 4197 826 4237 non
851 4177 1042 4238 minus
1081 4185 1278 4236 tamen
1316 4177 1643 4237 voluntarie
1684 4183 1941 4254 peccant,
1985 4183 2157 4252 atque
2196 4175 2345 4234 adeo
2386 4195 2553 4234 suum
2596 4176 2709 4236 sibi

305 4259 552 4320 exitium
581 4257 944 4318 contumacia
971 4275 1077 4316 sua
1102 4265 1422 4316 accersunt.

387 4337 706 4398 XXXIV.
751 4337 942 4412 Quum
985 4335 1204 4396 Paulus
1243 4337 1341 4410 ait,
1378 4340 1407 4394 1
1449 4336 1598 4394 Tim.
1640 4334 1702 4394 ii.
1746 4337 1801 4409 4,
1832 4337 2021 4394 Deum
2058 4337 2197 4394 velle
2236 4354 2423 4394 omnes
2464 4335 2710 4396 homines

301 4419 542 4493 servari,
574 4428 630 4478 et
651 4421 736 4478 ad
757 4417 1094 4494 affinitionem
1119 4417 1372 4476 veritatis
1395 4417 1602 4516 venire,
1643 4434 1765 4473 ιιοιι
1804 4413 1963 4474 favet
2003 4415 2221 4474 Gratiae
2248 4415 2707 4492 universalitati,

309 4498 448 4558 Sive
473 4503 530 4556 τὶ
555 4502 694 4558 velle
719 4497 1032 4558 referamus
1059 4496 1136 4556 ad
1161 4496 1520 4556 voluntatem
1553 4494 1829 4588 ¹³⁸3·th
1858 4512 1989 4553 cum
2015 4494 2380 4573 quibusdam,
2410 4503 2477 4555 ut
2502 4495 2707 4554 docea-

306 4588 402 4637 tur
430 4579 621 4638 Deum
662 4587 885 4656 gratam
926 4577 1138 4636 habere
1173 4575 1416 4636 salutem
1457 4583 1518 4634 et
1559 4574 1993 4634 conversionem
2034 4574 2349 4650 hominum,
2380 4583 2439 4635 et
2466 4574 2542 4634 ad
2583 4594 2710 4632 eam

305 4658 554 4718 invitare
593 4658 751 4736 ipsos
792 4677 895 4735 per
923 4656 1106 4716 Verbi
1147 4656 1524 4733 proeconim3
1568 4675 1685 4732 quo
1724 4655 2011 4732 pertinere
2053 4655 2273 4730 volunt,
2304 4655 2461 4731 quod
2500 4653 2713 4712 dicitur
