3300 5225
542 326 658 386 160
1436 338 1969 383 mensunusum.
2529 316 2788 399 [Quaesr.
2817 337 2948 380 m.

539 485 743 547 limum
772 483 977 544 saltem
1005 490 1096 543 est
1120 482 1297 542 talem
1326 500 1672 543 eonsensum
1711 478 2140 559 deprehendere
2164 500 2182 539 τ
2219 496 2330 538 nee
2356 478 2458 537 via
2479 478 2584 537 illa
2608 477 2954 556 longissima

541 574 601 627 et
628 565 913 640 intricata,
942 572 1003 624 et
1028 570 1120 623 tot
1142 562 1504 622 voluminum
1543 559 1894 640 labyrinthis
1933 560 2211 635 involuta,
2241 558 2652 619 oontroversiis
2681 558 2955 618 finiendis

542 654 678 724 apta
704 652 896 706 esset:
980 642 1240 702 Maxime
1266 663 1400 702 eum
1419 642 1525 701 vix
1552 662 1621 701 ae
1645 662 1720 701 ne
1741 642 1845 700 vix
1865 640 2100 718 quidem
2127 647 2283 699 certo
2305 639 2571 715 dignosci
2596 647 2788 716 queat,
2810 638 2955 717 quid

543 746 716 803 super
740 724 953 783 nostris
994 724 1403 783 controversiis
1444 722 1730 782 senserint
1754 720 2034 780 Veteres:
2076 727 2200 779 tum
2241 716 2378 796 quia
2401 719 2750 797 paucissima
2774 718 2954 777 habe-

543 826 675 865 mus
703 806 982 864 Veterum
1024 803 1253 881 scripta,
1282 803 1601 881 praesertim
1628 821 1828 861 eorum
1867 800 1970 879 qui
2005 800 2193 879 primo
2219 799 2319 857 vel
2359 799 2614 859 secundo
2641 807 2743 859 aut
2781 798 2955 858 tertio

545 886 741 947 seculo
769 884 1058 960 vixerunt,
1089 903 1335 961 quorum
1361 892 1557 943 tamen
1581 882 1774 961 potior
1799 900 1973 959 quam
2013 880 2348 939 inferiorum
2376 878 2643 938 habenda
2669 884 2760 938 est
2785 879 2954 954 ratio,

542 974 744 1043 utpote
772 964 847 1023 ad
868 972 1097 1023 aetatem
1115 962 1529 1042 Apostolorum
1548 962 1812 1041 proxime
1833 960 2228 1019 accedentium
2253 981 2268 1019 ε
2310 967 2434 1019 ιιιιιι
2451 959 2589 1037 quia
2605 978 2734 1036 quae
2757 978 2954 1036 super·

545 1054 681 1105 sunt
708 1064 785 1104 ex
811 1044 997 1103 tribus
1024 1044 1233 1103 seculis
1260 1044 1489 1122 scripta,
1518 1052 1586 1102 ut
1609 1041 1921 1120 plurimum
1941 1040 2017 1101 de
2055 1040 2230 1099 rebus
2256 1038 2622 1099 alienissimis
2649 1058 2688 1099 a
2713 1038 2954 1098 Contro-

548 1125 755 1184 versiis
782 1124 995 1183 nostris
1021 1132 1219 1201 agunt,
1250 1134 1311 1183 et
1335 1124 1479 1183 istas
1498 1121 1730 1182 nonnisi
1745 1122 1933 1181 obiter
1951 1127 2011 1181 et
2030 1119 2190 1179 aliud
2216 1118 2443 1197 agendo
2470 1119 2803 1196 attingunt:
2829 1126 2958 1177 tum

544 1205 683 1284 quia
724 1204 927 1263 Patres
966 1212 1028 1263 et
1067 1204 1168 1261 alii
1208 1204 1282 1263 ab
1309 1204 1440 1263 aliis
1480 1220 1633 1281 saepe
1674 1200 1975 1276 dissident,
2021 1207 2082 1258 et
2121 1200 2234 1278 ips'i
2262 1218 2458 1259 seeum
2484 1198 2546 1258 in
2573 1199 2780 1257 iisdem
2819 1198 2958 1257 fidei

544 1284 829 1361 capitibus
856 1303 975 1343 non
1001 1302 1225 1361 semper
1251 1283 1407 1343 idem
1434 1283 1685 1343 sensisse
1725 1279 2249 1360 deprehenduntur,
2279 1298 2432 1357 saepe
2461 1280 2806 1339 sententiam
2829 1298 2956 1337 mu-

542 1372 684 1439 tant,
716 1372 887 1442 prout
926 1362 989 1421 in
1015 1363 1278 1424 veritatis
1306 1364 1634 1446 cognitione
1674 1380 1808 1421 cum
1849 1368 2018 1420 aetate
2056 1359 2382 1439 proficiunt,
2413 1366 2472 1419 et
2499 1378 2667 1419 senes
2694 1379 2766 1418 ea
2789 1378 2956 1417 revo-

544 1452 855 1583 mltl'ltflll?
870 1451 1718 1600 Jgggnpelslggxasggrzrgg.pam
1747 1517 2037 1580 contemni
2062 1528 2124 1579 et
2161 1519 2280 1579 illis
2305 1518 2576 1598 injuriam
2602 1516 2746 1594 fieri,
2776 1536 2956 1597 quum

546 1602 665 1662 illis
694 1622 965 1681 suprema
988 1603 1309 1663 detrahitur
1329 1601 1634 1683 judicandi
1673 1609 1950 1679 potestas.
2032 1599 2370 1659 Cavendum
2397 1598 2666 1676 equidem
2693 1618 2768 1657 ne
2793 1598 2955 1657 debi-

546 1692 643 1743 tus
670 1682 814 1761 ipsis
840 1682 1113 1759 eripiatur
1137 1682 1340 1759 honor,
1371 1682 1475 1742 sed
1513 1681 1698 1741 multo
1722 1681 1912 1759 magis
1951 1700 2026 1739 ne
2052 1680 2194 1758 ipsis
2221 1678 2462 1739 nimium
2489 1678 2793 1755 deferatur,
2824 1698 2956 1737 eum

547 1762 609 1821 in
636 1763 785 1821 hane
812 1771 1034 1841 partem
1060 1762 1439 1839 periculosius
1466 1780 1639 1840 quam
1667 1762 1728 1819 in
1755 1761 1916 1819 illam
1942 1759 2169 1839 peecari
2195 1760 2394 1819 soleat.
2480 1759 2608 1817 Imo
2637 1758 2688 1817 si
2713 1758 2955 1818 revivis-

548 1850 761 1918 cerent,
804 1842 981 1901 talem
1020 1842 1387 1902 autoritatem
1428 1841 1540 1902 sibi
1565 1841 1744 1901 tribui
1784 1840 1932 1900 ferre
1953 1858 2089 1923 ‘non
2115 1847 2367 1918 possent,
2398 1846 2459 1898 et
2483 1838 2642 1917 quod
2683 1837 2958 1916 Apostoli

549 1922 966 1999 Lystrensibns
1012 1922 1089 1980 ad
1127 1941 1327 1981 eorum
1367 1922 1587 1982 cultum
1627 1920 2034 1980 accedentibus
2079 1920 2486 1995 inclamabant,
2535 1919 2800 1978 homines
2849 1936 2958 1977 nos

548 2021 761 2141 affl
777 2000 2957 2161 33:32„32‘²510ssssrsssszpffidzdsffisstfflffiisss3³:2¹3}ss

546 2161 722 2239 tione,
752 2171 819 2222 ut
844 2162 1189 2241 legerentur,
1212 2180 1331 2222 non
1350 2180 1483 2223 eum
1510 2160 1784 2221 credendi
1803 2159 2162 2236 necessitate,
2187 2159 2290 2219 sed
2311 2178 2444 2219 eum
2455 2158 2760 2239 Judieandi
2785 2158 2957 2217 liber-

548 2249 705 2317 tate;
749 2249 811 2302 et
841 2242 1119 2319 opuscula
1158 2260 1265 2302 sua
1302 2242 1643 2321 profitentur
1683 2240 1846 2301 nullo
1875 2240 2050 2300 modo
2091 2239 2492 2299 sacratissime
2535 2238 2958 2318 Seripmrarum

546 2321 883 2381 authoritati
909 2323 1211 2400 coaequari,
1254 2332 1323 2384 ut
1360 2322 1537 2383 habet
1577 2319 1740 2400 Aug.
1767 2320 1870 2380 lib.
1897 2320 1980 2379 xi.
2021 2328 2176 2383 eont-
2215 2318 2499 2379 Faustum
2539 2338 2590 2379 e.
2634 2320 2690 2396 5,
2720 2326 2780 2379 et
2803 2318 2866 2377 li.
2893 2317 2956 2377 ii.

546 2407 703 2460 cont.
735 2400 1004 2461 crescon.
1032 2422 1083 2462 e.
1114 2405 1212 2463 31.

630 2480 883 2540 XVIII.
926 2481 1024 2540 Ex
1050 2483 1263 2559 quibus
1303 2481 1473 2540 facile
1514 2480 1825 2559 colligitur,
1854 2498 1973 2539 non
1997 2498 2171 2559 posse
2210 2498 2318 2539 nee
2346 2478 2556 2538 debere
2599 2474 2802 2537 Patres
2829 2485 2954 2537 tan-

547 2578 725 2638 quam
767 2560 812 2621 J
814 2560 1013 2621 udices
1056 2560 1319 2622 adhiberi
1344 2560 1407 2620 in
1434 2560 1859 2620 Controversiis
1885 2561 2114 2637 nostris,
2145 2558 2250 2620 sed
2285 2567 2562 2637 tanquam
2588 2558 2810 2635 Testes,
2853 2556 2955 2636 qui

548 2639 782 2700 veritati
810 2640 1233 2701 Christianismi
1272 2640 1598 2701 admirabili
1624 2659 1912 2700 consensu
1951 2659 2058 2700 suo
2095 2639 2488 2700 testimonium
2513 2638 2870 2717 perhibeant,
2901 2646 2961 2698 et

512 2735 517 2742 ·
548 2719 867 2779 vanitatem
893 2720 1229 2798 dogmatum
1256 2741 1293 2780 a
1321 2719 1641 2780 Pontifieiis
1668 2727 1878 2798 praeter
1895 2729 1956 2780 et
1981 2729 2182 2782 eontra
2205 2720 2558 2798 scripturam
2579 2719 2956 2795 invectorum,

550 2799 781 2859 silentio
810 2819 917 2859 suo
942 2800 1041 2859 vel
1068 2801 1271 2861 solidis
1310 2800 1485 2861 etiam
1512 2799 1833 2860 rationibus
1873 2801 2160 2861 evincant.
2245 2800 2332 2860 Ut
2357 2807 2424 2859 ut
2461 2815 2605 2876 ergo
2630 2806 2960 2858 reverenter

548 2879 916 2957 suscipienda
956 2879 1073 2938 sint
1115 2900 1313 2941 eorum
1358 2881 1587 2960 scripta,
1633 2889 1694 2940 et
1739 2899 1868 2940 eum
1909 2879 2102 2940 fructu
2125 2881 2247 2960 legi
2276 2879 2517 2958 possint,
2559 2897 2678 2937 non
2716 2887 2962 2956 possunt

550 2966 745 3018 tamen
784 2958 959 3018 aliam
998 2961 1421 3037 authoritatem,
1452 2979 1627 3039 quam
1671 2959 2138 3022 Ecclesiastieam
2169 2970 2231 3022 et
2269 2961 2578 3021 humanam
2604 2957 2836 3038 habere,
2876 2957 2957 3018 id.

551 3038 942 3100 subalternam
968 3046 1029 3100 et
1055 3038 1479 3118 dependentem
1504 3060 1542 3101 a
1571 3039 1885 3120 Scriptura.
