3300 5225
347 392 568 447 QUAEsT.
602 374 691 458 v.]
1300 390 1377 434 ns
1408 390 1752 435 scml’mnA.
2686 365 2760 423 69

280 504 311 531 ἃ
350 539 483 596 Non
511 556 651 614 ergo
678 555 910 595 necesse
950 534 1059 594 fuit
1104 522 1334 594 Scribas
1362 552 1560 593 omnes
1600 531 1936 592 infallibiles
1975 529 2232 603 reddere,
2264 525 2368 587 sed
2405 517 2628 584 tantum
2656 542 2756 583 eos

345 619 429 676 ita
455 618 720 693 dirigere,
750 625 815 675 ut
840 635 980 673 vera
1004 616 1176 674 lectio
1203 630 1427 692 semper
1452 614 1688 691 reperiri
1715 620 1906 691 queat,
1936 618 1995 671 et
2020 610 2170 669 liber
2193 608 2289 668 hic
2317 625 2491 683 supra
2516 603 2757 683 quosvis

349 697 495 755 alios
522 696 770 773 puritate
796 695 969 771 longe
997 695 1259 752 emineat.
2731 728 2736 733 ‚

431 776 552 833 XI.
598 774 874 849 Quamvis
906 792 1023 831 non
1062 792 1361 850 possemus
1402 772 1595 831 statim
1636 772 1896 831 invenire
1924 767 2385 830 conciliationem
2425 764 2656 843 planam
2697 770 2758 823 et

350 855 536 914 omnis
563 853 917 912 difficultatis
944 860 1236 929 expertem
1264 852 1413 909 inter
1437 851 1565 909 loca
1596 852 1922 929 Scripturas,
1942 868 2071 927 quae
2097 848 2195 907 vel
2212 848 2285 907 de
2311 845 2640 906 nominibus
2659 844 2758 901 vel

351 935 425 993 de
452 934 604 992 notis
631 933 956 1006 numericis,
1001 938 1059 989 et
1100 930 1521 1005 chronologicis
1564 938 1779 1007 agunt;
1822 950 1938 988 non
1983 929 2178 989 statim
2211 928 2362 986 inter
2387 924 2566 985 eiam«.
2589 942 2752 1000 repo-

351 1014 541 1073 nenda
568 1020 703 1071 sunt
727 1035 741 1071 :
770 1012 866 1069 vel
884 1012 934 1069 si
960 1009 1137 1069 ἄλυτα
1163 1009 1446 1083 dicuntur,
1477 1009 1617 1067 talia
1643 1017 1811 1067 erunt
1827 1018 2050 1069 tantum
2065 1012 2132 1088 τῇ
2156 1005 2410 1083 ἅδωαῳιία.
2423 1013 2512 1064 τοῦ
2539 1002 2753 1069 aberras,

350 1113 466 1151 non
492 1092 698 1169 reipsa,
729 1099 795 1150 ut
820 1091 915 1148 hic
944 1090 1125 1149 satius
1154 1089 1230 1148 sit
1256 1088 1636 1165 ignorantiam
1679 1096 1932 1147 nostram
1972 1107 2300 1165 agnoscere,
2332 1105 2505 1163 quam
2533 1092 2755 1143 contra-

350 1172 661 1231 dictionem
688 1171 867 1230 ullam
894 1170 1215 1227 admittere.
1300 1166 1577 1225 Historiae
1594 1166 1748 1225 enim
1764 1167 1880 1225 illae
1899 1168 2113 1227 nonita
2142 1166 2438 1243 sigillatim
2467 1162 2752 1239 conscrip-

352 1260 426 1310 tae
469 1258 618 1324 sunt,
662 1257 727 1308 ut
768 1268 967 1308 omnes
1010 1246 1453 1307 circumstantiae
1500 1254 1715 1305 notatae
1761 1246 2008 1322 fuerint3
2051 1245 2236 1304 multa
2274 1242 2653 1321 proculdubio
2697 1242 2758 1298 in

352 1331 641 1407 epitomen
680 1328 913 1388 redacta
952 1336 1103 1403 sunt,
1134 1328 1264 1385 aliis
1305 1326 1549 1401 omissiS,
1593 1345 1724 1401 quae
1750 1345 1867 1383 non
1907 1328 1990 1385 ita
2030 1324 2353 1403 necessaria
2378 1322 2757 1380 videbanmr:

350 1408 475 1467 fieri
504 1409 678 1467 etiam
704 1416 910 1486 potest,
940 1417 1006 1467 ut
1031 1407 1161 1466 loca
1193 1407 1305 1465 ista
1344 1405 1536 1463 varias
1564 1407 1753 1478 σχέσεις
1793 1405 2059 1478 habeant,
2091 1423 2220 1479 quae
2248 1398 2630 1479 scriptoribus
2658 1419 2755 1477 ap-

348 1489 533 1565 prime
560 1488 806 1565 cognitae
824 1496 1003 1564 erant,
1032 1488 1169 1546 licet
1190 1486 1313 1563 jam
1340 1504 1447 1543 nos
1464 1485 1698 1544 lateant.
1784 1484 1941 1542 Hinc
1958 1486 2028 1544 P.
2047 1485 2284 1558 Mar-tyr
2308 1482 2370 1539 in
2397 1484 2434 1539 2
2465 1480 2615 1555 Reg.
2634 1478 2755 1537 viii.

356 1571 447 1643 17,
473 1570 720 1646 optime3
750 1568 909 1626 Licet
933 1575 1248 1639 occurrant,
1280 1564 1483 1641 inquit,
1514 1566 1751 1624 obscura
1779 1566 1902 1623 loca
1917 1565 1976 1623 in
1993 1562 2405 1637 chronoloqieis,
2435 1562 2521 1619 ad
2543 1578 2613 1617 ea
2629 1579 2755 1617 con-

344 1649 601 1707 cilianda
644 1668 757 1707 non
800 1656 881 1705 est
921 1666 985 1705 eo
1028 1647 1434 1705 concedendum
1465 1653 1529 1701 ut
1554 1645 1806 1703 dicamus
1850 1644 2110 1704 Codicem
2150 1662 2376 1701 sacrum
2417 1641 2754 1698 mendosum.

350 1730 510 1786 Nam
536 1729 695 1785 Deus
722 1728 821 1803 qui
834 1747 952 1803 pro
977 1746 1083 1785 sua
1109 1724 1496 1783 misericordia
1523 1726 1744 1783 divinas
1770 1724 1998 1782 Literas
2024 1723 2178 1782 nobis
2198 1728 2552 1781 conservatas
2567 1720 2754 1794 voluit,

351 1826 447 1865 eas
474 1808 641 1865 etiam
669 1806 915 1883 integras
942 1815 995 1863 et
1018 1826 1131 1864 non
1157 1812 1456 1879 corruptas
1483 1805 1760 1863 concessit.
1849 1804 2224 1871 Quamobrem
2247 1802 2540 1877 siquando
2567 1800 2764 1875 quoad

350 1906 643 1944 numerum
670 1906 949 1944 annorum
978 1886 1265 1961 explicare
1290 1903 1403 1941 non
1428 1886 1732 1958 valeamus,
1747 1885 1998 1957 fatenda
2025 1892 2105 1941 est
2129 1880 2450 1959 iqnorantia
2467 1898 2584 1957 qua
2605 1879 2754 1937 labo-

350 1984 564 2039 ramus,
596 1974 649 2022 et
673 1968 1065 2023 attendendum
1090 1983 1287 2021 sacras
1315 1964 1543 2021 Literas
1569 1972 1686 2021 tam
1715 1964 1925 2021 concise
1953 1964 2118 2038 loqui,
2153 1971 2218 2019 ut
2239 1981 2353 2020 non
2363 1960 2546 2035 facile
2571 1978 2754 2034 appa·

350 2053 481 2102 reat
504 2046 651 2101 unde
675 2043 995 2119 supputatio
1022 2044 1338 2119 incipienda
1364 2043 1437 2099 sit
1450 2066 1469 2099 .-
1497 2051 1726 2100 maneat
1741 2044 1926 2118 itaque
1941 2043 2242 2118 Scriptura
2267 2043 2614 2115 incorrupta,
2635 2056 2761 2114 quae

348 2124 405 2181 si
428 2124 793 2197 labefactetur
820 2124 877 2181 in
903 2144 1015 2181 uno
1040 2125 1129 2181 vel
1152 2124 1331 2179 altero
1360 2124 1495 2197 loc0,
1526 2122 1585 2180 in
1612 2123 1741 2181 aliis
1762 2142 1978 2197 quoque
2003 2130 2257 2197 suspecta
2283 2120 2406 2177 erit.
2491 2118 2571 2175 Et
2597 2117 2673 2175 ad
2705 2119 2757 2174 1.

353 2202 502 2278 Reg.
534 2221 655 2278 cap.
692 2204 783 2260 15.
813 2221 871 2257 v.
906 2204 957 2259 l.
1042 2202 1142 2259 Fit
1179 2221 1291 2259 non
1331 2219 1489 2275 rar-0,
1520 2210 1584 2257 ut
1608 2201 1667 2259 in
1692 2202 1800 2258 bac
1839 2196 2072 2259 historia
2099 2199 2322 2258 numeri
2344 2216 2624 2256 annorum
2663 2197 2762 2271 qui

349 2282 591 2357 Reqibus
618 2282 935 2339 tribuuntur
964 2300 1181 2357 parum
1219 2281 1517 2338 videantur
1555 2279 1701 2337 inter
1725 2300 1842 2338 sese
1876 2281 2197 2338 consentire.
2290 2280 2498 2336 Verum
2543 2275 2758 2351 dubita-

348 2361 521 2419 tiones
565 2360 874 2418 istiusmodi
902 2369 1141 2435 possunt
1180 2359 1472 2434 multiplici
1508 2359 1730 2417 ratione
1766 2360 1996 2418 discuti:
2019 2361 2100 2438 fit
2141 2358 2286 2416 enim
2325 2358 2659 2433 quandoque
2700 2363 2765 2411 ut

348 2460 493 2497 unus
520 2440 771 2515 idemque
796 2459 980 2497 annus
1008 2440 1217 2497 duobus
1259 2438 1554 2513 tribuatur,
1586 2442 1744 2514 quod
1763 2460 1804 2497 a
1829 2449 2027 2497 neutro
2067 2439 2320 2513 impletus
2339 2436 2528 2513 suerit
2551 2443 2606 2492 et
2619 2454 2756 2509 per-

332 2522 538 2595 fectus.
564 2574 571 2579 ,
620 2520 946 2595 Aliquando
954 2519 1075 2597 filii
1098 2538 1222 2577 cum
1238 2518 1571 2594 parentibus
1609 2526 1926 2593 regnarunt
1961 2519 2179 2593 aliquot
2201 2536 2395 2589 annos,
2427 2523 2482 2573 et
2505 2514 2592 2572 illi
2613 2534 2760 2571 nunc

339 2608 664 2675 parentum,
722 2620 869 2657 nunc
910 2618 1042 2657 vero
1086 2598 1387 2657 liberorum
1428 2617 1601 2673 reqno
1646 2598 2059 2656 adscribuntur.
2147 2596 2552 2672 Continqebant
2590 2594 2759 2652 etiam

349 2679 657 2754 aliquando
698 2681 1035 2754 interreqna‚
1068 2687 1123 2736 et
1144 2697 1381 2736 vacuum
1409 2685 1620 2752 tempus
1660 2680 1827 2735 modo
1845 2679 2053 2753 priori,
2084 2679 2250 2734 modo
2279 2673 2590 2751 posteriori
2612 2674 2763 2748 Reqi

348 2760 687 2817 attribuitur.
769 2758 915 2817 Sunt
953 2758 1119 2816 etiam
1159 2776 1558 2832 nonnunquam
1584 2757 1802 2832 aliquot
1825 2758 1978 2832 anni,
2023 2757 2216 2833 quibus
2243 2754 2535 2830 Principes
2563 2762 2754 2828 tyran-

348 2839 467 2896 nice
494 2847 549 2896 et
572 2839 739 2914 impie
764 2847 1091 2913 reqnarunt,
1136 2837 1367 2913 ideoque
1382 2844 1820 2912 praetereuntur,
1865 2857 2041 2913 neque
2080 2835 2294 2894 coeteris
2332 2833 2498 2894 annis
2538 2831 2762 2908 imperii

348 2937 541 2975 eorum
568 2927 939 2976 accensentur.

338 3013 343 3017 ’
950 2996 1104 3054 XII.
1152 2997 1359 3070 LocuS,
1393 2995 1533 3054 Luc.
1564 2995 1643 3053 iii.
1677 2997 1771 3073 36,
1803 2997 1875 3056 de
1908 2997 2163 3057 Cainane
2191 2995 2438 3073 juniore,
2479 2992 2580 3070 qui
2608 2992 2756 3050 inse-

864 3076 1011 3135 ritur
1037 3077 1187 3134 inter
1214 3075 1535 3152 Arphaxad
1564 3084 1622 3135 et
1650 3077 1798 3152 Sala,
1830 3085 2028 3136 contra
2043 3077 2296 3134 historiae
2317 3075 2592 3132 Mosai‘eae
2608 3072 2758 3130 veri-

344 3161 538 3226 tatem,
572 3154 718 3212 Gen.
750 3155 830 3215 xi.
866 3158 957 3231 13,
998 3175 1199 3213 revera
1238 3164 1327 3214 est
1352 3152 1617 3224 δυστὸητος,
1646 3157 1748 3233 qui
1775 3156 2074 3215 doctorum
2114 3155 2348 3233 ingenia
2374 3152 2761 3212 diversimode

346 3233 637 3306 exercuit3
683 3253 799 3291 non
840 3243 1031 3294 tamen
1074 3235 1294 3292 censeri
1341 3234 1514 3293 debet
1556 3236 1726 3312 plane
1754 3234 1957 3310 ἅλωος,
2005 3255 2136 3294 cum
2179 3234 2325 3292 varii
2369 3233 2493 3291 dari
2536 3232 2760 3309 possint

346 3310 649 3370 solutionis
678 3313 849 3371 modi.
936 3314 1058 3372 Nos
1085 3313 1276 3371 missis
1304 3313 1433 3372 aliis
1462 3315 1778 3390 sententiiS,
1799 3315 2320 3374 commodissimam
2347 3322 2616 3389 putamus
2633 3329 2760 3369 eam

345 3409 475 3466 quae
505 3391 706 3450 statuit
734 3393 951 3450 Cainan
979 3413 1105 3451 esse
1136 3398 1493 3469 ὑποβολιμαῖὶν
1518 3401 1577 3453 et
1618 3395 1890 3470 spurium,
1936 3393 2036 3471 qui
2064 3414 2139 3453 ex
2168 3393 2432 3451 versione
2462 3391 2669 3449 LXX.
2700 3390 2762 3446 in

344 3488 463 3544 qua
490 3470 662 3528 etiam
691 3480 823 3531 ante
854 3472 1068 3531 Christi
1096 3480 1353 3550 tempora
1380 3473 1642 3532 extitisse
1674 3474 1954 3533 Demetrii
1983 3472 2371 3547 chronologia
2397 3469 2552 3546 apud
2579 3471 2759 3526 Euse-

343 3549 491 3606 bium
521 3549 747 3626 Evang.
778 3571 1016 3628 praepar.
1046 3551 1085 3610 l.
1116 3554 1173 3610 9.
1202 3560 1462 3625 testatur,
1496 3552 1788 3628 irrepserit
1810 3553 2248 3628 Exscriptorum
2277 3548 2512 3623 incuria,
2543 3547 2640 3604 vel
2665 3547 2764 3622 pio

342 3627 594 3703 quodam
624 3630 831 3705 studi0,
863 3650 935 3688 ne
964 3631 1416 3689 committeretur
1437 3631 1627 3688 Lucas
1648 3650 1781 3687 cum
1810 3631 2018 3688 LXX.
2049 3628 2350 3700 Versione,
2382 3645 2511 3702 quse
2538 3645 2764 3701 magnae

348 3713 472 3764 tum
494 3714 615 3764 erat
642 3708 1023 3768 authoritatis,
1110 3709 1242 3766 Hoc
1270 3717 1463 3766 autem
1490 3708 1792 3766 manifeste
1819 3709 2035 3767 evincit
2068 3711 2119 3766 1.
2149 3707 2480 3764 Autboritas
2507 3705 2686 3762 Mosis
2713 3713 2768 3762 et

349 3785 517 3842 Libri
553 3786 1048 3863 Paralipomenon,
1094 3787 1195 3863 qui
1237 3787 1298 3843 in
1347 3786 1829 3863 descriptionibus
1866 3785 2272 3864 genealogicis,
2304 3803 2450 3861 quas
2477 3782 2664 3843 tribus
2704 3783 2766 3841 in

349 3863 494 3921 locis
511 3863 899 3940 instituerunt,
922 3868 1071 3925 Gen.
1102 3887 1161 3924 x.
1192 3869 1288 3938 24,
1320 3873 1380 3923 et
1406 3864 1487 3924 xi.
1523 3868 1614 3939 13,
1646 3873 1706 3923 et
1727 3868 1756 3923 1
1785 3865 1973 3924 Paral.
2003 3866 2041 3925 i.
2077 3867 2168 3940 18,
2191 3864 2294 3923 ubi
2321 3883 2459 3923 sane
2481 3863 2553 3921 de
2582 3883 2652 3921 eo
2677 3863 2763 3920 lo-

334 3941 643 4018 'quendum
671 3943 795 4018 fuit,
825 3944 1045 4002 nullam
1062 3944 1409 4003 mentionem
1433 3944 1560 4021 ejus
1580 3944 1816 4003 faciunt.
1900 3949 1956 4004 2.
2000 3945 2400 4020 Parapbrases
2421 3943 2762 4018 Chaldaicoe,

350 4039 481 4097 quae
510 4030 840 4080 constanter
866 4031 984 4081 tam
1013 4024 1074 4080 in
1104 4023 1319 4082 Genesi
1348 4043 1520 4100 quam
1548 4023 1608 4081 in
1636 4023 1785 4082 libro
1817 4024 2100 4102 Paralip0.
2134 4024 2444 4082 Cainanem
2474 4023 2765 4082 omittunt.

350 4103 407 4158 3.
448 4101 729 4175 Joseplms
756 4101 919 4160 illum
948 4122 1065 4159 non
1093 4103 1371 4180 agnoscit,
1418 4123 1523 4161 nec
1550 4105 1800 4162 Berosus
1827 4104 1910 4162 ab·
1931 4104 2055 4181 ipso
2095 4102 2428 4180 productus,
2472 4121 2580 4160 nec
2606 4103 2764 4175 Afri-

349 4199 525 4237 canus
552 4179 719 4256 cujus
746 4181 926 4239 verba
944 4181 1083 4240 citat
1106 4181 1393 4240 Eusebius
1420 4183 1480 4240 in
1508 4182 1821 4242 Chronico.
1897 4187 1954 4241 4.
2003 4183 2099 4242 Sic
2117 4182 2491 4240 conturbatur
2512 4181 2767 4239 Chrono-

350 4258 509 4336 logia
537 4278 715 4334 sacra,
747 4267 805 4318 et
832 4259 892 4317 in
922 4259 1161 4319 dubium
1188 4271 1430 4320 vocatur
1456 4262 1517 4319 in
1542 4261 1784 4320 historia
1813 4262 2015 4337 MosiS,
2049 4262 2098 4320 si
2127 4261 2450 4320 inferuntur
2475 4261 2611 4318 anni
2641 4261 2768 4318 Cai-

349 4338 515 4396 nanis
542 4337 694 4397 inter
721 4338 1045 4416 Arphaxad
1073 4349 1132 4399 et
1163 4341 1334 4415 Sala;
1379 4349 1437 4400 et
1466 4340 1837 4400 Abrahamus
1865 4339 1996 4399 'non
2025 4341 2134 4400 erit
2161 4340 2419 4399 decimus
2447 4335 2488 4397 a'
2509 4339 2766 4414 NoachO,

316 4421 413 4475 ‘ut
441 4416 597 4493 apud
624 4418 851 4476 Mosem
882 4419 1173 4495 asseritur,
1207 4419 1309 4478 sed
1336 4419 1693 4478 undecimus.
1779 4422 1834 4480 5.
1881 4421 2014 4479 Non
2033 4428 2196 4479 extat
2223 4420 2283 4476 in
2306 4418 2571 4477 omnibus
2601 4417 2769 4491 Codi-

348 4495 529 4554 cibus.
613 4499 770 4556 Beza
798 4507 993 4557 noster
1021 4507 1267 4557 testatur
1292 4519 1409 4557 non
1438 4507 1635 4566 extare
1665 4499 1726 4557 in
1757 4500 1888 4568 MS.
1933 4499 2332 4576 antiquissimo
2363 4518 2484 4572 suo,
2515 4505 2574 4555 et
2610 4498 2768 4553 Usse-

348 4575 469 4632 rius
496 4574 724 4635 dissert.
755 4577 827 4635 de
858 4577 1112 4637 Cainane
1141 4597 1272 4655 pag.
1322 4581 1453 4653 196,
1486 4579 1691 4637 asserit
1733 4578 1846 4637 sibi
1874 4578 2066 4636 visum
2093 4579 2301 4636 librum
2335 4578 2508 4634 Lucae
2538 4575 2769 4632 Graeco-

352 4653 479 4713 Lat.
511 4655 571 4712 in
599 4657 1016 4733 antiquissimis
1044 4657 1409 4733 membraniS,
1440 4657 1622 4718 literis
1650 4658 1991 4735 majusculis
2013 4659 2136 4716 sine
2165 4653 2459 4734 spiritibus
2487 4662 2545 4712 et
2573 4672 2773 4712 accen-

436 3050 511 3097 De
532 3051 737 3098 Oainan.
