3300 5225
326 351 549 401 Qumsr.
578 332 699 413 111.]
1224 354 1305 395 ns
1334 354 1605 397 rol-:DEBE
1633 355 1916 396 numme.
2622 330 2738 399 519

324 492 639 551 minatione
663 515 678 569 3
710 492 790 553 Et
816 492 954 569 quia
978 501 1103 553 erat
1129 495 1205 553 ad
1230 495 1544 574 imaginem
1572 496 1896 555 sanctitatis
1925 495 2139 553 divinae
2157 492 2441 570 conditus,
2462 496 2634 555 etiam
2660 496 2738 557 ad

324 573 789 711 {tgrffirtimupionem
814 573 1107 633 beatitatis
1134 577 1277 654 ejus,
1308 595 1439 653 quae
1466 576 1771 635 individua
1798 575 2121 635 sanctitatis
2149 584 2238 634 est
2259 594 2470 651 comeS,
2500 577 2739 654 perduci

407 731 556 791 VII.
582 696 887 809 ’Secundo,
920 732 1070 809 Quia
1098 734 1227 793 Lex
1265 733 1497 794 Adamo
1538 735 1732 813 posita
1771 733 1898 811 fuit,
1929 754 2060 813 quse
2098 733 2425 793 necessario
2465 733 2740 812 importat

326 818 559 887 pactum
588 820 647 871 et
674 820 1031 872 contractum
1058 814 1309 891 aliquem
1341 814 1693 890 foederalem,
1725 816 1864 892 quia
1889 816 1992 892 qui
2017 834 2148 873 eam
2175 814 2400 891 accipit,
2432 834 2510 873 ex
2551 814 2739 875 officio

328 909 391 949 se
419 890 641 969 obligat
672 890 748 949 ad
775 892 1160 953 obedientiam
1188 895 1298 953 sub
1338 913 1514 971 poena
1548 914 1656 971 per
1693 894 1938 953 eandem
1979 894 2342 969 denunciata,
2367 902 2427 953 et
2467 894 2570 971 qui
2609 914 2739 953 eam

226 985 231 989 ·
328 967 455 1043 fert,
488 990 557 1029 eo
584 971 711 1047 ipso
738 972 897 1049 quod
924 973 1310 1032 obedientiam
1339 974 1541 1051 exigit,
1572 982 1804 1033 tenetur
1831 974 2124 1033 obedienti
2155 982 2428 1050 praestare
2455 974 2738 1033 indemni-

328 1057 526 1126 tatem,
550 1059 611 1110 et
633 1052 1017 1111 securitatem.
1100 1053 1267 1113 Licet
1292 1072 1435 1111 vero
1462 1054 1705 1113 alteram
1733 1062 1958 1113 tantum
1984 1062 2208 1130 partem
2230 1054 2545 1111 sanctionis
2572 1054 2742 1132 istius

330 1128 623 1189 foederalis
652 1132 938 1208 exprimat
967 1133 1180 1208 Moses,
1212 1152 1341 1210 quse
1368 1132 1615 1193 refertur
1640 1132 1718 1191 ad
1748 1152 1996 1211 poenam,
2029 1133 2243 1192 Genes.
2279 1133 2339 1191 ii.
2373 1136 2466 1207 17,
2491 1129 2778 1211 priorerih„

330 1216 525 1289 tamen
553 1209 626 1267 de
652 1211 1031 1286 promissione
1048 1231 1166 1271 non
1194 1232 1321 1271 esse
1348 1212 1773 1273 excludendam
1799 1213 2094 1290 probatur,
2113 1220 2239 1271 tum
2267 1232 2343 1269 ex
2369 1212 2740 1273 Sacramento
2801 1246 2828 1275 ι,

330 1286 579 1348 Arboris
606 1289 761 1364 vitae,
792 1310 909 1367 quo
926 1291 1357 1368 obsignabatur,
1387 1300 1511 1351 tum
1554 1312 1631 1351 ex
1671 1292 2116 1351 comminatione
2156 1291 2374 1366 mortis,
2408 1310 2536 1367 quse
2574 1312 2610 1350 a
2649 1312 2739 1351 ra·

330 1368 489 1431 tione
526 1370 942 1429 contrariorum
983 1370 1321 1447 implicitam
1358 1370 1565 1430 habuit
1602 1371 2044 1449 promissionem
2083 1370 2238 1445 vites,
2281 1378 2407 1429 tum
2447 1390 2524 1428 ex
2565 1372 2742 1431 variis

330 1443 475 1505 locis
514 1447 841 1524 Scripturas,
882 1468 1011 1525 quse
1055 1450 1205 1526 legis
1244 1457 1509 1509 naturam
1550 1459 1609 1509 et
1650 1451 2008 1509 sanctionem
2047 1450 2258 1509 clarius
2299 1450 2646 1526 exprimunt,
2675 1460 2743 1509 ut

334 1524 478 1585 Lev.
508 1526 675 1586 xviii.
706 1529 761 1586 5.
792 1528 1106 1604 quiseeen't
1130 1532 1261 1605 lawe,
1292 1531 1435 1589 vivet
1458 1530 1519 1589 in
1544 1530 1714 1606 ἱρείη
1757 1530 1996 1589 Denter.
2032 1529 2220 1587 xxvii.
2247 1532 2363 1605 263
2397 1529 2608 1587 Ezech.
2638 1551 2741 1591 xx.

338 1608 443 1679 11;
476 1606 689 1666 Matth.
718 1606 845 1666 xix.
880 1610 989 1684 1⁷3
1022 1609 1217 1668 Galat.
1245 1609 1327 1667 iii.
1362 1612 1455 1668 12.

414 1685 599 1745 VIII.
642 1686 858 1761 Tertio,
891 1687 1023 1745 Hoc
1050 1706 1169 1747 non
1195 1689 1440 1748 obscure
1478 1688 1712 1747 videtur
1750 1688 1991 1747 innuere
2029 1688 2196 1746 locus
2226 1687 2374 1746 Hos.
2418 1686 2498 1746 vi.
2544 1691 2598 1767 7,
2643 1687 2745 1745 ubi

336 1764 619 1824 Israelitae
646 1766 915 1826 dicuntur
964 1768 1313 1844 transgressi
1350 1768 1541 1827 foedus
1582 1770 1733 1827 sicut
1773 1767 1986 1843 Adam,
2027 1786 2173 1825 t-wu
2189 1786 2301 1826 τῆς,
2320 1786 2476 1827 :ne
2493 1787 2620 1841 πυτ-ι,
2665 1768 2748 1824 Et

336 1845 450 1920 ipsi
471 1845 613 1903 sieut
636 1846 827 1903 Adam
854 1847 1141 1905 violarunt
1147 1850 1363 1921 soedus.
1447 1847 1727 1921 Quamvis
1754 1848 1908 1905 enim
1935 1847 2060 1905 haec
2087 1847 2270 1905 verba
2309 1848 2534 1923 possint
2575 1846 2750 1905 etiam

334 1925 551 2001 exponi
560 1922 633 1983 de
646 1924 1032 1983 inconstantia
1047 1926 1363 2001 hominum,
1376 1934 1443 1987 ut
1460 1926 1728 1985 dicantur
1739 1927 2084 2003 transgressi
2099 1926 2306 2001 foedus,
2322 1927 2472 1985 sicut
2487 1926 2750 1985 homines

335 2002 523 2061 facere
552 2004 755 2079 solent,
795 2004 897 2082 qui
924 2023 1031 2064 sua
1056 2012 1264 2063 natura
1306 2004 1443 2063 vani
1488 2006 1764 2082 levesque
1807 2014 1958 2080 sunt„
2005 2014 2065 2063 et
2111 2006 2287 2063 fidem
2328 2025 2481 2083 saepe
2521 2005 2748 2065 fallunt.

338 2082 502 2140 Nihil
530 2082 721 2141 obstat
748 2092 942 2141 tamen
968 2103 1039 2142 ea
1066 2082 1141 2141 ad
1169 2083 1465 2142 Adamum
1494 2084 1668 2143 etiam
1686 2084 1903 2158 referri,
1922 2094 1989 2143 ut
2006 2084 2273 2143 dicantur
2293 2085 2544 2143 violasse
2563 2084 2750 2142 foedus

338 2160 415 2219 ad
441 2162 623 2221 instar
650 2160 869 2221 Adami
895 2163 1066 2241 primi
1106 2162 1379 2240 parentis,
1410 2162 1513 2239 qui
1550 2162 1743 2221 foedus
1783 2183 1916 2221 cum
1963 2163 2090 2239 ipso
2138 2183 2174 2221 a
2223 2164 2350 2222 Deo
2393 2171 2751 2221 contractum

339 2240 547 2299 misere
575 2240 782 2318 fregit;
812 2261 930 2300 non
960 2242 1243 2301 absimilis
1268 2242 1485 2301 locutio
1514 2243 1734 2301 occurit
1761 2242 1804 2301 J
1807 2242 1900 2300 ob.
1923 2242 2089 2302 xxxi.
2123 2245 2221 2301 33.
2304 2243 2375 2300 Se·
2387 2244 2518 2317 texi,
2543 2242 2748 2318 inquit,

338 2340 493 2380 :aas
518 2322 661 2379 sicut
684 2322 871 2379 Adam
902 2322 1221 2398 iniquitates
1245 2341 1417 2397 meas,
1448 2321 1548 2380 ubi
1577 2321 1880 2379 manifeste
1908 2321 2144 2397 respicit
2171 2320 2248 2379 ad
2289 2321 2508 2380 facmm
2536 2320 2754 2379 Adami

338 2409 640 2478 peccatum
668 2420 836 2459 suum
864 2420 1141 2461 excusare
1168 2410 1228 2460 et
1253 2409 1449 2477 tegere
1478 2402 1757 2477 conantis,
1784 2401 1932 2460 Gen.
1963 2400 2044 2459 iii.
2079 2404 2171 2459 12.

424 2480 544 2538 IX.
589 2479 823 2554 Quarto,
845 2480 985 2539 Tale
1013 2480 1203 2540 foedus
1222 2480 1571 2558 postulabat,
1590 2500 1708 2539 non
1735 2480 1908 2539 modo
1932 2480 2045 2539 Dei
2070 2481 2286 2539 bonitas
2312 2488 2370 2539 et
2385 2479 2752 2560 <pohwoges-la,

338 2578 469 2637 quse
496 2579 613 2618 non
640 2560 828 2637 potuit
856 2560 1294 2620 convenientius
1324 2579 1385 2620 se
1413 2580 1667 2637 exerere,
1697 2580 1871 2638 quam
1892 2559 2186 2619 hominem
2213 2579 2276 2620 se
2303 2569 2656 2638 quaerentem
2679 2558 2755 2618 ad

344 2657 406 2698 se
433 2641 669 2717 propius
697 2639 1026 2716 recipiendo
1054 2647 1113 2700 et
1152 2641 1557 2700 communione
1598 2637 1706 2700 sua
1746 2639 1972 2700 beando
1998 2663 2013 2699 ι
2055 2640 2159 2698 sed
2201 2649 2260 2699 et
2299 2640 2481 2718 ipsius
2523 2640 2757 2698 hominis

340 2728 535 2794 status,
576 2727 636 2778 et
668 2720 968 2794 felicitatis
1010 2721 1291 2796 appetitus
1338 2720 1522 2798 ipsius
1570 2720 1734 2778 cordi
1777 2738 1812 2778 a
1858 2720 1986 2778 Deo
2026 2719 2372 2796 impressus.;
2419 2719 2566 2777 Cum
2590 2720 2758 2790 ,enim

346 2797 601 2858 dubitari
628 2819 747 2857 non
772 2801 973 2876 possit,
1006 2800 1147 2877 quin
1174 2809 1367 2859 rectus
1408 2799 1581 2859 fuerit
1621 2807 1681 2858 et
1720 2799 2032 2876 legitimus,
2061 2819 2250 2874 varrus
2290 2807 2350 2857 et
2390 2799 2586 2857 irritus
2628 2817 2756 2857 esse

340 2897 458 2936 non
504 2879 727 2955 potuit3
780 2878 901 2949 sed,
930 2879 1157 2956 impleri
1202 2879 1406 2938 debuit
1450 2879 1641 2956 posita
1683 2878 1934 2937 hominis
1978 2872 2324 2953 obedientia,
2355 2877 2470 2956 nisi
2507 2878 2756 2936 velimus

348 2957 538 3016 Deum
565 2958 722 3015 inani
750 2957 1039 3018 desiderio
1066 2959 1321 3019 voluisse
1348 2959 1643 3018 hominem
1671 2977 1924 3036 pascere,
1955 2964 2014 3017 et
2054 2958 2143 3016 illi
2182 2957 2442 3034 illudere,
2473 2957 2632 3034 quod
2659 2957 2756 3015 vel

348 3036 610 3112 cogitare
639 3037 1058 3114 blasphemum.
2207 3029 2220 3043 ⁸

951 3119 1036 3178 X.
1080 3119 1155 3178 In
1218 3120 1331 3178 isto
1390 3119 1606 3179 foedere
1667 3117 2114 3194 consideramus,
2163 3121 2217 3176 1.
2257 3119 2589 3194 Subiectum,
2655 3135 2762 3178 seu

350 3189 412 3235 1¹²
428 3191 605 3262 foedere
620 3193 711 3237 ¹¹⁰⁰
727 3207 835 3236 0⁰¹²·
878 3201 1085 3256 Partes
1131 3200 1530 3258 contrahentes.
1613 3202 1670 3256 2.
1717 3200 2040 3258 Pactionem
2093 3199 2296 3275 ipsam,
2339 3219 2470 3276 quse
2518 3196 2764 3256 includit

406 3249 837 3352 fdssffissozffi
876 3296 971 3334 res
996 3277 1267 3352 utrinque
1293 3285 1511 3352 pactas,
1542 3285 1662 3335 tam
1689 3297 1726 3335 a
1751 3287 1912 3354 parte
1944 3279 2056 3337 Dei
2083 3279 2144 3336 in
2181 3277 2560 3355 promissione
2587 3276 2762 3334 bene·

406 3365 592 3419 houton,
624 3365 755 3410 Dens
784 3369 837 3410 et
877 3356 1011 3430 ficii,
1042 3373 1215 3431 qua-m
1244 3374 1279 3411 a
1304 3365 1470 3432 parte
1496 3355 1746 3413 hominis
1774 3357 1835 3412 in
1852 3359 2284 3434 restipulatione
2313 3357 2502 3416 officii.
2559 3358 2764 3414 Partes

406 3421 614 3525 gfff}
635 3423 838 3526 ngbss
878 3435 1261 3494 contrahentes
1304 3441 1441 3493 sunt
1486 3433 1664 3506 Deus,
1709 3442 1768 3491 et
1808 3434 2036 3493 Homo:
2079 3439 2240 3493 Deus
2275 3455 2391 3510 qua
2422 3436 2666 3493 Creator
2707 3443 2766 3492 et

404 3495 622 3596 gisfatgr.
652 3495 679 3526 ⁰
879 3514 1181 3588 Dominus,
1212 3513 1323 3572 sub
1349 3532 1466 3589 qua
1492 3512 1657 3587 σχίσει
1681 3510 1798 3570 duo
1835 3511 2226 3588 includuntur,
2267 3513 2623 3588 legislatoria
2662 3532 2764 3588 po-

872 3602 1069 3669 testas,
1104 3602 1163 3652 et
1188 3593 1419 3652 bonitas
1446 3591 1507 3650 in
1551 3589 2006 3666 remunerand03
2053 3591 2166 3648 Illa
2202 3591 2453 3667 quidem,
2483 3590 2624 3666 quia
2649 3610 2767 3666 qua
2831 3653 2838 3660 ,

350 3676 589 3735 Creator
623 3695 741 3735 non
778 3682 970 3754 potest
1008 3693 1125 3731 non
1166 3682 1485 3732 creaturam
1528 3671 1865 3748 gubernare,
1905 3689 2012 3728 nec
2053 3670 2375 3746 gubernare
2415 3677 2607 3746 potest
2653 3669 2768 3730 nisi

348 3765 739 3833 congruenter
766 3756 894 3833 ejus
922 3762 1160 3828 naturae,
1190 3752 1254 3811 id
1281 3761 1370 3812 est
1396 3754 1630 3822 ληιάς,
1661 3769 1764 3826 per
1788 3749 1986 3826 legum
2013 3748 2349 3808 idonearum
2374 3749 2759 3826 positionem:

355 3835 503 3894 Haec
524 3855 679 3912 vero,
700 3836 838 3912 quia
864 3852 981 3892 non
1008 3833 1199 3911 potuit
1224 3851 1341 3892 non
1358 3841 1679 3890 creaturam
1701 3848 1868 3888 suum
1885 3828 2136 3887 officium
2153 3836 2523 3906 praestantem
2543 3845 2757 3906 amare,

350 3924 415 3974 et
443 3916 797 3974 remunerari
819 3937 834 3950 ·

819 3960 833 3992 ’
961 3991 1083 4051 XI.
1126 3993 1315 4050 Homo
1344 3990 1450 4048 sub
1479 3989 1712 4066 gemina
1731 3990 1893 4064 σχίσει
1917 3987 2280 4064 spectandus,
2303 3988 2397 4046 vel
2427 3990 2764 4064 quajustus,

881 4072 980 4130 vel
1006 4091 1122 4148 qua
1139 4071 1381 4146 primus.
1466 4069 1654 4128 Priori
1693 4075 1975 4144 respectu,
2021 4067 2175 4126 vires
2213 4067 2418 4126 hab-uit
2455 4069 2768 4144 praestandi

357 4149 608 4210 officium
635 4153 1033 4230 praescriptum
1058 4174 1072 4210 z
1117 4149 1291 4210 Unde
1318 4149 1610 4208 oriebatur
1649 4147 1929 4223 obligatio
1966 4145 2114 4206 illud
2139 4146 2433 4224 implendi,
2465 4166 2596 4224 quse
2625 4149 2769 4207 alias

879 4230 1073 4289 locum
1100 4227 1314 4288 habere
1340 4247 1459 4286 non
1485 4227 1770 4305 potuisset
1793 4249 1808 4302 ς
1853 4246 1985 4286 cum
2013 4225 2090 4284 ad
2119 4225 2476 4303 impossibile
2505 4226 2768 4286 absolute

878 4329 1050 4368 nemo
1077 4316 1376 4383 teneatur3
1423 4307 1753 4380 Posteriori,
1797 4305 2063 4365 Adamus
2089 4305 2422 4365 universum
2452 4325 2636 4382 genus
2663 4308 2770 4366 hu-

356 4405 610 4462 manum,
642 4388 799 4464 quod
827 4411 904 4448 ex
930 4390 1058 4466 ipso
1086 4387 1439 4447 nasciturum
1466 4394 1605 4462 erat,
1619 4385 2044 4462 quodammodo
2072 4386 2322 4460 inclusit,
2343 4394 2466 4444 tum
2493 4393 2560 4444 ut
2573 4387 2769 4462 mdix,

354 4468 773 4544 etprinctpium
786 4469 1069 4544 seminale,
1090 4489 1125 4526 a
1144 4487 1259 4544 quo
1276 4467 1477 4526 debuit
1497 4465 1844 4525 descendere
1862 4474 2048 4524 totum
2075 4485 2260 4542 genus
2285 4466 2618 4538 humanum,
2632 4464 2770 4526 Act.

358 4547 504 4606 xvii.
534 4551 631 4623 26,
682 4555 806 4607 tum
833 4555 900 4608 ut
937 4568 1191 4626 persona
1226 4548 1474 4623 publiea,
1504 4553 1565 4605 et
1604 4554 1778 4622 eaput
1815 4545 2346 4622 repraesentativum,
2376 4543 2534 4620 quod
2571 4560 2772 4604 omnes

358 4627 623 4688 homines
651 4647 726 4688 ex
756 4649 819 4687 se
844 4628 1186 4689 naturaliter
1212 4625 1487 4686 oriundos
1512 4632 1967 4704 repraesentaret.
2054 4624 2226 4684 Unde
2253 4623 2442 4684 foedus
2470 4621 2627 4682 istud
2651 4641 2770 4680 non

356 4043 519 4091 Homo
548 4061 644 4104 qua
662 4048 840 4105 Justus.

394 4281 465 4330 Et
486 4297 582 4340 qua
600 4284 799 4342 primus.
