3300 5225
291 332 539 383 QUAEs‘r.
572 308 731 391 vnn]
1154 331 1232 370 ns
1261 330 1666 373 rnovmaurm
1697 334 1818 375 nm.
2595 320 2716 377 475

392 474 507 533 VI.
554 472 767 549 Primo,
799 470 966 531 Licet
994 470 1339 549 durioribus,
1369 481 1431 533 et
1456 492 1573 533 uon
1602 476 1744 535 satis
1771 474 2056 535 accuratis
2083 482 2142 536 et
2169 476 2490 535 commodis
2509 476 2602 537 usi
2629 496 2718 536 es·

294 562 444 615 sent
468 570 882 629 nonnunquam
896 552 1205 629 phrasibus
1232 552 1295 611 in
1322 573 1385 613 re
1412 554 1633 614 difficili
1661 556 2022 635 explicanda,
2043 570 2162 615 non
2187 564 2491 635 propterea
2517 557 2720 634 exagi-

296 635 480 695 tandi
507 641 716 708 essent,
747 632 846 691 vel
870 632 1165 693 vexandi:
1208 652 1341 693 cum
1368 644 1594 697 constet
1621 656 1822 696 sanam
1849 644 1908 695 et
1934 638 2091 715 piam
2117 654 2245 695 esse
2273 638 2530 715 ipsorum
2557 656 2720 695 men·-

296 724 450 791 tem‚
482 731 655 792 quam
684 730 837 790 saepe
864 721 923 771 et
950 731 1049 771 ore
1074 722 1135 771 ct
1162 714 1393 791 scriptis
1418 725 1555 775 sunt
1579 716 1841 795 professi,
1873 716 1946 775 de
1975 717 2104 776 Deo
2141 717 2315 776 unico
2356 717 2544 776 omnis
2582 716 2726 776 boni

300 796 575 869 authore,
605 801 665 852 et
691 792 970 851 acerrimo
996 793 1135 851 mali
1161 792 1411 853 vindice.
1472 796 1906 857 Calumniosum
1933 798 2146 875 quippe
2173 802 2264 855 est
2289 797 2352 855 in
2377 797 2572 856 verbis
2612 797 2721 855 fin-

302 894 454 953 gere
482 872 765 948 haeresim,
790 892 921 949 quse
942 873 1119 950 juxta
1146 872 1348 931 Hiero.
1378 882 1468 932 est
1494 876 1553 934 in
1579 878 1762 952 rebus,
1778 894 1892 935 non
1918 877 1979 935 in
2004 876 2198 952 verba,
2219 891 2337 953 quo
2364 875 2584 947 faciunt
2609 878 2723 935 ista

306 953 579 1029 Lutherh
608 955 940 1012 ecem-atum
960 961 1041 1011 cst
1064 951 1125 1010 in
1148 954 1328 1011 verbis
1346 962 1593 1013 statuere
1623 956 1896 1033 lav-esim,
1926 976 2052 1015 eum
2077 958 2202 1015 sola
2227 958 2300 1014 sit
2325 957 2384 1015 in
2409 976 2586 1033 sensu,
2609 977 2724 1016 non

304 1035 373 1093 in
394 1034 591 1093 verbis.
638 1031 923 1107 Secundo,
952 1032 1101 1089 nihil
1126 1040 1247 1091 tam
1274 1032 1483 1092 durum
1502 1034 1565 1092 in
1591 1052 1882 1113 quoquam
1910 1035 2141 1095 illorum
2167 1036 2432 1112 occurrit,
2463 1037 2558 1096 cui
2584 1056 2723 1095 ana·

304 1114 470 1191 logae
508 1112 830 1172 locutiones
866 1128 984 1170 non
1025 1120 1227 1171 extent
1266 1110 1329 1171 in
1360 1112 1673 1192 Scriptura,
1701 1122 1770 1176 ut
1796 1134 1974 1192 quum
2001 1116 2083 1174 ait
2112 1116 2303 1174 Deum
2329 1116 2593 1176 homines
2621 1136 2724 1175 ex-

308 1212 558 1269 coecam,
590 1191 877 1267 indurare,
902 1191 1193 1269 seducere,
1225 1190 1537 1252 efficaciam
1570 1195 1781 1254 erroris
1809 1195 2136 1271 immittere,
2166 1196 2226 1253 in
2255 1196 2564 1273 reprobum
2592 1215 2720 1255 sen-

310 1292 447 1332 sum
476 1272 720 1348 tradere,
754 1269 861 1329 &c.
934 1270 1103 1345 Quod
1130 1272 1181 1330 si
1206 1272 1445 1349 phrases
1469 1275 1599 1335 istae
1626 1274 1702 1334 ab
1729 1274 1873 1353 ipsis
1911 1274 2282 1335 Adversariis
2308 1276 2456 1335 bene
2485 1296 2560 1335 cx
2589 1295 2724 1333 ana-

308 1352 480 1430 logia
502 1352 643 1411 fidei
669 1351 1049 1429 explicantur,
1094 1360 1153 1411 et
1179 1350 1582 1433 vindicantur3
1642 1354 1761 1415 Gur
1799 1372 1916 1414 non
1943 1355 2159 1433 pariter
2185 1374 2262 1414 ex
2289 1356 2586 1415 charitatis
2615 1356 2725 1414 Ca·

309 1452 471 1491 none
515 1432 577 1489 in
622 1430 1021 1507 benigniorem
1066 1439 1127 1489 et
1168 1433 1615 1493 commodiorem
1661 1452 1912 1512 sensum,
1941 1434 2040 1494 vel
2084 1435 2318 1511 eaedem,
2361 1436 2462 1495 vel
2509 1435 2728 1495 similes

312 1513 577 1591 phrases,
608 1528 739 1588 quse
777 1508 931 1588 apud
961 1509 1245 1569 Doctores
1272 1520 1501 1573 nostros
1529 1524 1854 1591 occurrunt,
1885 1515 2288 1593 pertrahentur
2302 1518 2332 1574 Ρ
2373 1515 2498 1575 Nec
2523 1515 2727 1594 reponi

310 1592 415 1653 hic
443 1591 633 1666 debet,
664 1589 1137 1666 consequentiam
1162 1608 1279 1648 non
1306 1593 1519 1669 valere,
1548 1602 1674 1653 tum
1702 1594 1861 1672 quod
1887 1594 2152 1653 homines
2179 1595 2337 1653 varie
2363 1594 2724 1654 hallucinen-

312 1680 416 1731 tur
457 1679 517 1731 et
543 1679 750 1746 errent,
779 1670 1101 1747 praesertim
1128 1669 1285 1729 circa
1308 1670 1509 1732 divina
1534 1674 1852 1751 mysteria3
1915 1674 2077 1734 Deus
2104 1692 2243 1733 vero
2282 1674 2627 1733 hallucinari
2668 1682 2730 1733 et

316 1770 513 1811 errare
538 1769 657 1808 non
682 1749 903 1827 possit3
962 1749 1115 1807 Tum
1142 1751 1281 1827 quia
1310 1751 1607 1831 Scriptura
1633 1754 1804 1831 plene
1845 1762 1906 1814 et
1931 1755 2232 1833 perspicue
2261 1754 2510 1833 seipsam
2537 1754 2729 1813 decla·

316 1839 430 1907 rat,
458 1838 527 1889 ut
554 1828 941 1888 criminationi
980 1828 1079 1887 isti
1118 1848 1237 1888 non
1276 1832 1463 1909 possit
1502 1852 1631 1893 esse
1658 1834 1840 1894 locus.
1926 1834 2000 1894 R.
2045 1834 2243 1893 Firma
2283 1834 2497 1913 quippe
2537 1842 2734 1893 manet

319 1908 751 1987 consequentia,
800 1905 969 1985 cujus
1010 1908 1103 1967 vis
1146 1928 1265 1968 non
1302 1911 1507 1971 nititur
1548 1913 1813 1991 paritate,
1851 1914 1950 1972 vel
1993 1914 2322 1993 aequalitate
2367 1914 2734 1973 authoritatis

322 1990 670 2067 scriptorum
696 1988 1080 2047 humanorum
1108 1996 1167 2047 et
1194 1988 1540 2068 divinorum,
1572 1993 1678 2052 sed
1703 1992 2005 2065 identitate
2033 1994 2130 2053 vel
2159 1994 2535 2053 similitudine
2562 1994 2734 2072 phra-

322 2070 494 2145 sium,
518 2087 650 2147 quse
676 2067 982 2145 utrobique
1002 2076 1386 2147 usurpantur;
1441 2072 1526 2132 Ut
1552 2092 1693 2130 vero
1721 2072 1928 2131 merito
1954 2072 2069 2131 ista
2099 2074 2411 2150 Scripturas
2437 2072 2736 2132 veneratio

322 2150 584 2224 debetur,
614 2155 683 2209 ut
726 2166 856 2225 quae
894 2148 1194 2208 obscurius
1235 2158 1337 2210 aut
1376 2151 1553 2210 etiam
1592 2151 1794 2211 durius
1835 2150 1897 2209 in
1931 2170 2050 2211 uuo
2087 2152 2220 2212 loco
2248 2152 2406 2212 dicta
2443 2152 2733 2227 videntur,

316 2230 497 2307 juxta
523 2229 639 2287 alia
664 2227 910 2287 clariora
949 2227 1305 2306 accipiantur
1335 2239 1396 2290 et
1422 2230 1825 2309 explicentur:
1880 2230 2084 2309 quidni
2127 2232 2332 2291 similis
2373 2231 2618 2309 aequitas
2659 2250 2736 2290 ex

324 2310 460 2387 lege
500 2307 798 2369 charitatis
824 2307 989 2366 Viris
1018 2308 1129 2366 Dei
1170 2308 1479 2369 tribuenda
1516 2318 1623 2388 est,
1667 2311 1898 2389 quoties
1933 2328 2066 2370 cum
2098 2311 2394 2390 Scriptura
2419 2330 2536 2369 non
2563 2311 2738 2370 modo

328 2389 559 2464 sentire,
590 2386 695 2447 sed
721 2388 895 2447 etiam
922 2388 1085 2465 loqui
1112 2387 1347 2450 student
1364 2393 1394 2449 Ρ

408 2468 558 2529 VII.
600 2468 815 2543 Tertio,
860 2468 1023 2527 Nihil
1050 2486 1087 2527 a
1113 2469 1342 2529 Nostris
1368 2470 1586 2531 dictum
1628 2470 1692 2529 in
1717 2470 1830 2530 hoc
1856 2470 2110 2548 negotiO‚
2154 2469 2311 2549 quod
2338 2468 2512 2530 etiam
2539 2470 2742 2531 durius

326 2568 445 2609 non
466 2548 749 2608 exciderit
774 2548 953 2607 variis
980 2568 1056 2608 ex
1085 2548 1473 2627 Adversariis,
1503 2551 1620 2610 imo
1650 2551 1808 2629 quod
1833 2550 2038 2612 fortius
2066 2570 2184 2609 non
2211 2560 2470 2612 asserant
2499 2551 2740 2610 societa-

327 2638 419 2690 tes
445 2630 689 2708 integrae
714 2629 776 2687 in
804 2630 1205 2690 communione
1233 2631 1531 2708 Romana3
1577 2633 1796 2691 Notum
1837 2633 1990 2691 enim
2019 2632 2350 2692 Thomistas
2376 2641 2438 2692 et
2479 2632 2741 2690 Domini-

330 2729 508 2770 canos
534 2710 689 2770 idem
716 2708 1017 2769 nobiscum
1044 2710 1142 2770 hic
1169 2711 1399 2787 sentire,
1431 2718 1491 2772 et
1517 2712 1848 2773 durioribus
1876 2713 2050 2772 etiam
2077 2713 2388 2791 aliquando
2429 2711 2742 2790 phrasibus

328 2792 453 2868 uti3
496 2791 716 2850 Notum
742 2791 1045 2851 Occamum
1064 2797 1124 2850 et
1156 2789 1479 2852 Gabrielem
1503 2800 1652 2853 teste
1681 2793 1938 2870 Medius,
1967 2793 2030 2852 in
2061 2796 2114 2870 1,
2146 2797 2201 2869 2,
2233 2813 2290 2870 q.
2320 2795 2377 2868 9,
2409 2801 2514 2852 art.
2545 2796 2602 2868 2,
2625 2811 2744 2851 non

330 2871 549 2931 veritos
576 2889 705 2930 esse
734 2879 1001 2947 statuere,
1036 2873 1073 2904 “
1092 2871 1283 2931 Deum
1304 2872 1367 2930 in
1386 2872 1577 2950 rigore
1594 2880 1655 2932 et
1680 2873 2028 2952 proprietate
2051 2873 2332 2933 sermonis
2358 2891 2486 2931 esse
2509 2891 2744 2931 causam

331 2950 612 3030 peccati.”
700 2951 835 3028 Sed,
884 2959 951 3011 ut
994 2950 1141 3011 alios
1182 2952 1497 3030 mittamus,
1543 2954 1947 3030 Remmium,
1994 2954 2096 3032 qui
2142 2961 2306 3014 tanto
2353 2951 2746 3012 calumniandi

334 3039 509 3090 oestro
536 3031 790 3108 percitus
815 3029 877 3088 in
894 3031 1141 3091 Nostros
1167 3032 1476 3109 invehitur,
1507 3034 1770 3112 ejusdem
1790 3034 2106 3113 impietatis
2131 3041 2192 3094 et
2205 3033 2580 3112 blasphemiae
2609 3051 2744 3091 con-

334 3111 617 3169 vincetur.
704 3110 802 3184 δὴ
830 3109 982 3170 enim
1024 3111 1123 3170 ille
1150 3112 1253 3172 lib.
1282 3113 1344 3172 ii.
1373 3113 1447 3173 de
1474 3114 1670 3174 amisa.
1713 3133 1836 3192 gra.
1866 3135 1991 3194 cap.
2025 3116 2121 3174 13.
2205 3115 2244 3149 “
2272 3113 2493 3190 Deus,”
2536 3112 2744 3190 inquit,

338 3191 375 3225 ‘⁶
401 3208 519 3248 non
547 3189 735 3249 solum
775 3189 1055 3267 permittit
1081 3191 1289 3270 impios
1330 3211 1503 3271 agere
1543 3194 1728 3253 multa
1753 3194 1922 3271 mala,
1966 3214 2076 3254 nec
2116 3193 2304 3254 solum
2343 3193 2560 3253 deserit
2597 3193 2746 3272 pios,

334 3277 402 3329 ut
426 3269 547 3347 pati
576 3277 857 3346 cogantur
895 3289 1027 3348 quse
1053 3270 1128 3328 ab
1154 3271 1349 3349 impiis
1374 3273 1714 3349 inferuntur,
1747 3274 1850 3333 sed
1877 3275 2051 3334 etiam
2077 3275 2350 3353 praesidet
2374 3273 2518 3351 ipsis
2537 3272 2747 3331 volun·

338 3350 554 3409 tatibus
600 3349 787 3424 malis,
818 3365 1031 3426 easque
1078 3350 1247 3427 regit,
1278 3359 1339 3409 et
1380 3352 1684 3429 gubernat,
1717 3361 1938 3431 torquet
1973 3373 2044 3413 ac
2074 3354 2267 3430 flectit,
2297 3355 2358 3412 in
2397 3354 2467 3411 iis
2507 3353 2747 3412 invisibi-

341 3432 467 3488 liter
512 3431 819 3506 oper-ande,
866 3438 929 3487 ut
973 3428 1111 3488 licet
1154 3430 1299 3489 vitio
1338 3431 1570 3510 proprio
1608 3431 1779 3490 malsc
1823 3433 1956 3508 sint,
1998 3441 2195 3492 tamen
2239 3453 2274 3492 a
2314 3432 2514 3490 divina
2551 3432 2747 3509 provi-

342 3509 535 3569 dentia
560 3509 637 3568 ad
662 3527 843 3568 unum
868 3509 1063 3586 potius
1084 3509 1317 3586 malum,
1343 3529 1517 3588 quam
1544 3511 1621 3570 ad
1648 3511 1824 3588 aliud,
1850 3532 1966 3571 non
1992 3512 2259 3590 positive,
2279 3511 2383 3571 sed
2408 3511 2750 3589 permissive

342 3589 733 3651 ordinentur.''
818 3589 1043 3664 Quibus
1082 3590 1278 3649 verbis
1324 3591 1471 3650 nihil
1518 3591 1720 3650 durius
1760 3592 1916 3671 apud
1964 3592 2208 3651 Nostros
2253 3591 2517 3650 occurrit.
2603 3591 2749 3649 Oum

341 3691 475 3730 vero
502 3671 565 3729 id
594 3669 761 3729 addit
786 3669 912 3728 fieri
942 3669 1287 3748 permissive,
1318 3691 1435 3730 non
1466 3672 1725 3748 positive,
1770 3672 1882 3731 sibi
1907 3672 2154 3751 turpiter
2181 3669 2538 3746 contradicit,
2569 3669 2746 3746 siqui-

344 3751 471 3811 dem
499 3751 784 3811 actionem
812 3749 990 3827 anm,
1022 3769 1137 3828 qua
1162 3759 1409 3829 torquet,
1440 3761 1499 3812 et
1524 3751 1708 3811 flectit
1734 3751 2066 3812 voluntates
2091 3751 2482 3830 improborum
2511 3748 2753 3827 opponit

344 3831 509 3891 nudae
536 3829 933 3910 permissioni3
978 3839 1039 3891 et
1076 3849 1171 3890 res
1210 3831 1338 3909 ipsa
1378 3831 1604 3908 clamat,
1647 3831 1831 3892 verba
1869 3832 2126 3910 regendi,
2169 3829 2494 3909 torquendi,
2540 3829 2750 3907 guber-

345 3911 533 3986 nandi,
564 3909 851 3987 flectendi,
883 3919 1076 3970 actum
1102 3911 1417 3990 positivum
1446 3911 1790 3990 significare,
1821 3921 1881 3973 et
1895 3933 2013 3973 non
2034 3913 2250 3973 nudam
2276 3910 2748 3990 permissionem3

348 3991 468 4066 Quo
495 3990 746 4069 pertinet
773 3991 931 4068 quod
970 3991 1187 4050 ibidem
1228 3991 1395 4052 affert
1420 4013 1496 4053 ex
1525 3992 1767 4070 Thonis,
1814 3995 1853 4028 “
1881 3994 2072 4053 Deum
2098 4013 2218 4052 non
2246 3992 2432 4052 solum
2474 3991 2754 4049 inclinare

344 4070 669 4131 voluntates
696 4072 880 4130 malas
906 4070 983 4130 ad
1022 4091 1201 4130 unum
1227 4072 1437 4150 potius,
1469 4092 1642 4150 quam
1671 4073 1748 4132 ad
1775 4073 1950 4149 aliud,
1992 4072 2378 4152 permittendo
2403 4079 2471 4130 ut
2497 4071 2756 4130 ferantur

346 4151 403 4210 in
427 4169 626 4228 unum,
658 4159 716 4211 et
742 4171 861 4210 non
886 4151 1271 4230 permittendo
1298 4161 1363 4212 ut
1389 4152 1645 4212 ferantur
1673 4153 1734 4210 in
1761 4153 1937 4229 aliud,
1960 4162 2027 4213 ut
2045 4162 2200 4212 recte
2219 4152 2436 4223 docuit,
2458 4151 2560 4210 sed
2578 4152 2752 4211 etiam

348 4231 588 4309 positive
616 4232 948 4291 inclinando
976 4233 1037 4290 in
1064 4251 1260 4308 unum,
1291 4240 1351 4292 et
1378 4233 1693 4312 avertendo
1721 4232 1796 4292 ab
1823 4234 1998 4310 alio,”
2029 4231 2139 4293 8⁶0.
2204 4231 2298 4291 Ita
2318 4253 2443 4310 cap.
2467 4233 2589 4290 xiv,
2611 4231 2756 4290 dicit

351 4314 384 4344 ‘⁴
412 4311 601 4371 Deum
628 4329 809 4390 quum
836 4312 897 4369 in
930 4311 1225 4391 Scriptura
1251 4312 1465 4372 dicitur
1490 4313 1776 4390 indurare,
1808 4331 2122 4390 excoecare,
2153 4311 2216 4371 id
2235 4313 2423 4372 facere
2443 4319 2510 4372 ut
2527 4312 2753 4389 justum

350 4389 633 4466 Judicem,
679 4399 739 4450 et
778 4411 813 4450 a
856 4391 983 4451 Deo
1015 4411 1245 4468 poenam
1274 4401 1333 4452 et
1372 4394 1599 4452 ruinam
1638 4394 1994 4454 intercedere
2035 4413 2233 4453 eorum
2272 4393 2374 4470 qui
2411 4391 2757 4452 indurantur

352 4480 405 4530 et
442 4471 871 4532 excoecantur.”
960 4471 1059 4530 Sic
1087 4471 1258 4530 Corn.
1302 4493 1337 4530 a
1366 4473 1588 4551 Lapide
1614 4474 1677 4533 in
1706 4473 1899 4534 Exod.
1929 4495 1979 4534 c.
2009 4473 2113 4533 vii.
2150 4493 2208 4552 p.
2239 4476 2376 4533 762.
2463 4474 2500 4505 “
2531 4471 2754 4546 Deus,”

352 4551 550 4629 inquit,
596 4553 634 4587 “
662 4551 919 4610 omnium
958 4551 1257 4611 hominum
1300 4552 1631 4612 voluntates
1675 4553 1738 4611 in
1781 4573 1888 4614 sua
1925 4553 2104 4614 habet
2142 4573 2334 4630 manu,
2365 4557 2431 4612 ut
2472 4569 2570 4611 eas
2601 4570 2753 4626 qua-

354 4651 679 4708 quaversum
716 4634 949 4709 flectere
1001 4631 1204 4711 possit,
1261 4631 1533 4692 voluntas
1602 4641 1794 4693 autem
1847 4634 2100 4694 hominis
2155 4632 2276 4692 sine
2327 4632 2447 4690 Dei
2495 4639 2650 4705 nune,
2695 4631 2755 4687 iu
