3300 5225
487 330 604 387 302
1439 342 1624 383 Locus
1652 342 1928 392 me'rus.
2515 320 2779 401 [Quas-r.
2810 326 2904 381 πὶ.

489 487 683 566 risque
701 506 818 546 non
838 485 1039 564 ignota
1057 484 1166 545 fuit
1186 483 1388 544 mundi
1407 484 1729 563 productio.
1775 484 1939 543 Licet
1966 490 2157 543 autem
2175 500 2291 543 non
2312 482 2605 561 potuerint
2625 502 2693 541 eo
2715 502 2909 543 assur-

493 587 649 645 gere,
675 576 740 626 ut
769 566 1130 625 creationem
1149 586 1225 624 ex
1251 564 1434 624 nihilo
1461 584 1564 643 per
1590 565 1853 624 Verbum
1882 570 2279 642 agnoscerent,
2309 562 2467 640 quod
2486 557 2703 621 Paulus
2730 570 2910 621 testa-

492 657 590 707 tur
616 646 849 706 demum
876 645 990 704 fide
1017 645 1252 723 percipi,
1285 646 1470 704 Hebr.
1487 645 1568 704 xi.
1594 648 1650 704 3.
1685 648 1721 678 “
1744 645 1891 704 Fide
1918 642 2205 703 credimus
2234 650 2533 720 compacta
2558 662 2685 701 esse
2714 643 2915 702 secula

494 727 694 787 Verbo
726 726 854 801 Dei,
885 734 952 785 ut
978 745 1108 803 quae
1135 725 1408 784 videntur
1434 745 1552 784 non
1580 725 1698 784 sint
1738 744 1813 785 ex
1854 724 2263 803 apparentibus
2304 722 2460 781 facta
2480 723 2537 799 ;’'
2584 723 2662 782 Et
2690 722 2741 781 si
2777 742 2911 799 quse

494 827 564 867 eo
591 806 938 885 pertinentia
964 806 1237 883 leguntur
1265 805 1419 883 apud
1449 805 1767 880 Platonem,
1813 804 2165 863 Mercurium
2206 802 2510 880 Trismeg.,
2556 810 2615 860 et
2642 802 2789 861 alios
2815 822 2911 861 sa-

494 887 702 962 niores,
745 906 817 945 ea
841 905 960 944 non
987 904 1062 943 ex
1089 884 1307 943 lumine
1334 893 1553 944 naturae
1596 883 1933 963 simpliciter
1957 884 2298 958 habuerunt,
2331 882 2434 941 sed
2462 902 2537 940 ex
2564 882 2914 947 testimoniis

498 966 898 1025 Chaldaeorum
927 974 986 1024 et
1015 964 1452 1043 AEgyptiorum,
1474 964 1574 1042 qui
1601 984 1671 1023 ea
1698 984 1733 1023 a
1761 965 1928 1023 Mose
1952 972 2010 1023 et
2032 962 2315 1023 Israelitis
2334 970 2673 1039 acceperant
2698 984 2713 1020 t
2758 962 2909 1021 Con·

499 1053 617 1105 stat
643 1056 835 1106 tamen
864 1043 1017 1123 apud
1058 1044 1216 1122 ipsos
1256 1065 1361 1123 pro
1403 1052 1558 1104 certo
1599 1044 1876 1104 traditum
1920 1043 2207 1102 Mundum
2250 1040 2487 1118 aliquod
2536 1041 2764 1100 initium
2804 1042 2911 1100 ha-

493 1126 709 1185 buisse.
792 1124 1150 1184 Testimonia
1175 1126 1458 1183 Mercurii
1486 1125 1775 1202 Tn'smeq„
1812 1124 2039 1200 Orphei,
2064 1124 2421 1199 Pythaqorae,
2452 1122 2723 1196 Platonis,
2754 1122 2903 1180 Pro-

495 1206 585 1281 cli,
617 1206 872 1281 Homeri,
915 1204 1170 1280 Hesiodi,
1215 1213 1274 1264 et
1316 1205 1576 1280 aliorum,
1621 1224 1751 1282 quae
1791 1203 2095 1263 brevitatis
2137 1201 2328 1262 studio
2356 1201 2693 1269 omittimus,
2723 1201 2913 1259 videri

495 1294 740 1363 possunt
767 1284 921 1363 apud
948 1286 1172 1343 Plessae.
1202 1284 1276 1343 de
1302 1285 1470 1345 verit.
1503 1284 1696 1362 Relig.
1728 1284 1939 1343 Christ.
1970 1304 2020 1342 c.
2050 1285 2106 1359 9,
2137 1290 2196 1342 et
2222 1284 2438 1341 Zanch.
2467 1281 2569 1340 lib.
2598 1282 2638 1340 i.
2668 1302 2718 1341 c.
2749 1284 2807 1341 3.

499 1406 738 1452 Mundum
780 1408 920 1453 mer·
1144 1363 1326 1425 VIII.
1372 1365 1458 1425 Ut
1501 1374 1693 1423 autem
1735 1362 1993 1423 Mundus
2030 1372 2278 1422 aeternus
2317 1382 2435 1420 non
2477 1360 2617 1437 fuit;
2665 1362 2757 1421 Ita
2804 1381 2913 1421 nec

556 1478 673 1509 unm
694 1478 798 1511 esso
827 1478 922 1509 non
1023 1462 1150 1503 esse
1177 1444 1383 1522 potuit,
1415 1444 1693 1522 quicquid
1724 1443 2066 1503 scholastici
2107 1441 2377 1520 garriant.
2464 1440 2913 1519 Impossibilitas

619 1522 772 1569 tuisse
815 1537 922 1581 pro-
1024 1543 1086 1583 se
1113 1530 1274 1583 tenet
1300 1532 1424 1583 tum
1465 1544 1542 1583 ex
1581 1533 1744 1602 parte
1784 1524 1917 1599 Dei,
1962 1532 2077 1582 tum
2104 1542 2177 1582 ex
2218 1530 2380 1599 parte
2412 1520 2743 1597 Creationis,
2786 1530 2913 1579 tum

591 1584 719 1631 ‘¹⁷⁰¹'
1023 1622 1099 1661 ex
1135 1611 1298 1679 parte
1351 1604 1669 1664 Oreaturoe.
1754 1604 1967 1679 Prim0‚
2020 1623 2097 1661 ex
2134 1610 2308 1679 parte
2353 1602 2473 1660 Dei
2484 1624 2509 1674 ‚·
2551 1600 2701 1675 Quia
2751 1600 2913 1661 Deus

499 1700 618 1740 non
678 1689 870 1760 potest
908 1681 1224 1759 producere
1264 1682 1485 1760 aliquid
1533 1682 1644 1742 sibi
1689 1692 2053 1759 coaeternum,
2104 1682 2246 1741 alias
2286 1680 2403 1740 duo
2444 1688 2639 1739 essent
2678 1689 2909 1757 aeterna,

497 1770 558 1820 et
601 1760 684 1819 sic
721 1761 1012 1821 aeternitas
1051 1762 1392 1823 attributum
1438 1763 1976 1822 incommunicabile
2028 1762 2140 1821 Dei
2186 1781 2261 1821 ex
2313 1760 2624 1839 Scriptura,
2655 1779 2908 1820 commu-

493 1840 789 1901 nicaretur
830 1850 1124 1901 creaturae.
1169 1845 1226 1902 2.
1258 1842 1409 1918 Quia
1449 1862 1623 1901 causa
1663 1842 1837 1902 debet
1877 1862 2004 1902 esse
2045 1842 2201 1919 prior
2242 1860 2346 1900 suo
2388 1839 2631 1917 effectu;
2676 1860 2785 1899 nec
2825 1839 2907 1900 ef-

497 1920 715 1979 fectum
763 1927 954 1998 potest
1001 1940 1128 1981 esse
1184 1941 1444 1981 coaevum
1493 1942 1681 1982 causae
1726 1942 1863 1982 suae.
1968 1924 2210 1981 Frustra
2250 1921 2348 1979 hic
2394 1920 2741 1996 obtenditur,
2794 1920 2909 1981 Vel

493 2000 785 2077 generatio
833 2010 1047 2060 oetema
1092 2002 1248 2077 Filii,
1289 2022 1419 2079 quae
1465 2022 1583 2061 non
1625 2002 1817 2062 obstat
1872 2002 2180 2080 quominus
2224 2001 2299 2060 sit
2340 2009 2659 2059 coaeternus
2708 2000 2906 2075 Patri;

499 2080 639 2157 quia
684 2080 1020 2158 longissime
1063 2080 1255 2140 differt
1295 2082 1508 2141 creatio
1549 2081 1624 2140 ab
1665 2082 1778 2141 ista
1818 2082 2225 2160 generatione;
2284 2080 2431 2139 Haec
2474 2080 2626 2139 actio
2666 2090 2757 2141 est
2799 2080 2910 2139 Dei

499 2159 577 2219 ad
602 2160 754 2219 intra
780 2180 909 2238 quae
937 2160 1129 2220 reddit
1158 2161 1373 2220 Filium
1415 2160 1658 2239 ὅμοοῦσ-ων
1693 2162 1853 2221 Patri
1892 2182 1995 2239 per
2035 2160 2609 2219 communicationem
2649 2160 2909 2238 ejusdem

499 2259 738 2299 numero
781 2241 1078 2317 essentiae3
1127 2241 1240 2299 Illa
1286 2261 1427 2300 vero
1468 2250 1557 2301 est
1600 2243 1751 2301 actio
1796 2242 2081 2301 transiens
2124 2250 2289 2300 extra
2332 2241 2520 2299 Deum
2570 2240 2631 2297 in
2672 2240 2908 2300 Crestu-

498 2339 640 2395 ram,
671 2340 802 2397 quae
830 2320 1282 2381 diversissimam
1321 2330 1586 2381 naturam
1626 2323 1690 2380 in
1729 2322 1857 2399 ipsa
1895 2321 2195 2400 producit:
2238 2320 2355 2379 Vel
2394 2321 2674 2379 emanatio
2714 2322 2909 2380 radio-

497 2420 629 2458 rum
653 2401 817 2476 Solis,
849 2401 950 2477 qui
978 2410 1113 2485 sunt
1140 2402 1324 2460 cooevi
1369 2402 1525 2479 Soli;
1572 2401 1723 2477 Quia
1761 2402 1876 2460 alia
1917 2410 2007 2461 est
2042 2401 2188 2461 ratio
2228 2401 2510 2477 ayentium
2548 2420 2653 2479 per
2678 2420 2907 2460 emana-

500 2482 717 2556 tionem,
750 2481 864 2538 alia
890 2483 1173 2557 agentium
1190 2502 1304 2558 per
1331 2483 1850 2541 transmutationem
1868 2507 1893 2556 ;
1935 2480 2051 2541 alia
2074 2482 2357 2559 ayentium
2382 2481 2747 2557 naturalium,
2792 2479 2909 2540 alia

498 2560 824 2635 liberorum5
852 2560 913 2618 in
939 2560 1056 2620 illis
1077 2560 1317 2622 effectus
1343 2571 1586 2640 possunt
1613 2581 1740 2623 esse
1769 2562 1951 2622 eoaevi
1973 2582 2177 2640 causae,
2202 2561 2305 2622 sed
2331 2561 2531 2620 nonin
2558 2560 2718 2639 istis;
2754 2560 2907 2621 Solis

497 2639 646 2698 radii
673 2648 943 2699 emanant
978 2643 1316 2702 naturaliter
1354 2662 1391 2700 a
1434 2642 1586 2720 Sole,
1630 2651 1690 2703 et
1730 2652 1865 2703 sunt
1906 2643 2165 2720 ejusdem
2206 2663 2337 2701 cum
2378 2661 2447 2702 eo
2488 2651 2741 2719 naturae3
2788 2641 2909 2702 Sed

500 2731 777 2778 creaturae
803 2719 984 2779 libere
1011 2741 1047 2779 a
1076 2722 1202 2782 Deo
1231 2721 1626 2800 producuntur
1652 2731 1711 2782 et
1740 2731 1874 2782 sunt
1902 2722 2311 2781 diversissimae
2337 2722 2411 2781 ab
2438 2722 2583 2799 ipso·

579 2798 700 2859 IX.
748 2799 1032 2877 Secund0,
1062 2810 1347 2880 repugnat
1373 2823 1409 2860 a
1438 2812 1614 2879 parte
1645 2803 1977 2877 (Ji-cationis,
2009 2802 2147 2880 quia
2182 2821 2313 2861 cum
2354 2801 2566 2861 creatio
2608 2801 2685 2860 sit
2710 2820 2784 2859 ex
2814 2801 2902 2858 ni-

498 2879 637 2954 hilo,
669 2879 730 2938 in
757 2900 873 2958 qua
899 2901 992 2939 res
1018 2882 1225 2940 transit
1252 2903 1288 2941 a
1313 2902 1430 2941 non
1458 2903 1584 2942 esse
1612 2881 1690 2941 ad
1730 2902 1873 2960 esse,
1917 2882 2242 2941 necessario
2268 2881 2441 2940 infert
2466 2881 2785 2940 novitatem
2814 2899 2903 2940 es·

500 2959 682 3036 sendi,
713 2960 852 3036 quia
875 2980 969 3019 res
991 2959 1163 3020 debet
1197 2962 1422 3039 concipi
1447 2982 1565 3021 non
1593 2961 1789 3037 fuisse,
1832 2962 2167 3041 priusquam
2194 2960 2474 3038 producta
2500 2959 2687 3036 fuerit,
2732 2968 2905 3038 atque

498 3038 582 3097 ita
609 3047 824 3098 aeterna
851 3059 976 3098 esse
1004 3059 1121 3098 non
1147 3041 1352 3118 potuit.
1436 3041 1561 3101 Nec
1595 3043 1768 3120 juvat
1795 3041 1985 3101 dicere
2026 3062 2130 3119 per
2156 3046 2210 3100 τὶ
2240 3061 2313 3099 ex
2351 3042 2523 3099 nihilo
2550 3041 2737 3100 notari
2776 3049 2903 3099 tan-

497 3125 624 3178 tum
651 3119 998 3195 neqationem
1023 3122 1292 3196 mater-im,
1339 3141 1439 3181 seu
1467 3121 1973 3199 independentiam
2000 3142 2035 3181 a
2062 3122 2340 3199 subject0,
2386 3140 2516 3180 cum
2543 3129 2705 3181 notet
2730 3121 2905 3180 etiam

499 3198 731 3256 nihilum
759 3199 995 3274 termini,
1024 3208 1203 3259 utres
1231 3209 1423 3260 creata
1449 3201 1761 3279 aliquando
1788 3221 1907 3261 non
1933 3201 2121 3278 fuerit,
2154 3211 2212 3262 et
2238 3207 2440 3279 postea
2466 3219 2592 3260 esse
2622 3201 2874 3277 coeperit.

586 3277 670 3336 X.
715 3277 928 3355 Tertio,
957 3279 1392 3357 impossibilitas
1417 3281 1521 3340 illa
1549 3301 1610 3340 se
1652 3289 1811 3340 tenet
1838 3301 1873 3340 a
1890 3291 2065 3357 parte
2108 3281 2420 3357 Creaturae,
2470 3284 2521 3339 1.
2564 3281 2702 3358 quia
2740 3279 2899 3357 quod

501 3356 680 3417 habet
707 3376 851 3434 esse,
883 3366 943 3418 et
969 3358 1332 3420 durationem
1360 3361 1751 3420 successivam
1778 3369 1837 3420 et
1863 3361 2102 3437 finitam,
2135 3361 2221 3419 illi
2264 3369 2550 3439 repugnat
2594 3360 2901 3419 aeternitas.

503 3435 590 3496 At
618 3437 807 3496 omnis
835 3438 1111 3498 Creatura
1153 3460 1270 3518 qua
1315 3441 1450 3500 talis
1492 3441 1671 3501 habet
1713 3460 1859 3516 esse,
1907 3449 1966 3500 et
2010 3440 2369 3500 durationem
2414 3440 2800 3500 successivam
2844 3447 2904 3499 et

501 3516 740 3594 finitam,
770 3537 880 3578 nec
905 3527 1099 3596 potest
1125 3520 1352 3598 concipi
1378 3521 1582 3597 aliter;
1629 3521 1807 3597 Ergo,
1838 3524 1894 3578 2.
1930 3521 1994 3580 Si
2023 3520 2300 3579 Creatura
2336 3528 2551 3578 aeterna
2590 3528 2760 3595 esset,
2804 3518 2905 3578 de-

501 3596 664 3657 beret
692 3597 958 3674 existere,
988 3598 1086 3658 vel
1116 3600 1244 3676 Dei,
1275 3601 1373 3660 vel
1401 3620 1506 3661 sua
1532 3601 1767 3679 propria
1793 3600 2145 3675 aeternitate;
2194 3599 2256 3658 Si
2296 3601 2601 3677 posterius,
2653 3599 2769 3658 duo
2814 3618 2902 3658 es⁵

503 3687 633 3737 sent
661 3687 891 3754 aeterna,
923 3679 1038 3739 duo
1067 3679 1307 3757 infinita,
1342 3681 1568 3758 Deique
1598 3690 1657 3739 et
1684 3689 1959 3739 creaturae
1989 3678 2215 3738 duratio
2242 3688 2396 3738 esset
2424 3680 2679 3757 aequalis,
2710 3687 2770 3738 et
2796 3680 2905 3738 erit

499 3759 790 3818 aeternitas
817 3767 984 3820 extra
1013 3759 1219 3836 Deum,
1251 3760 1346 3820 cui
1373 3761 1674 3821 coexistet.
1734 3760 1798 3819 Si
1823 3759 2001 3838 prius,
2033 3767 2419 3818 creaturarum
2461 3759 2769 3818 existentia
2796 3757 2905 3818 erit

501 3837 812 3896 existentia
841 3838 986 3914 Dei;
1031 3859 1162 3898 cum
1189 3839 1479 3900 aeternitas
1519 3839 1632 3898 Dei
1659 3859 1777 3898 non
1804 3837 2032 3898 differat
2059 3839 2134 3897 ab
2160 3839 2289 3916 ejus
2314 3839 2657 3914 existentia3
2702 3839 2905 3914 Atque

497 3915 582 3972 ita
612 3915 724 3974 Dei
751 3918 1042 3977 aeternitas
1069 3927 1127 3977 et
1153 3919 1406 3978 infinitas
1434 3920 1543 3978 erit
1570 3919 1891 3978 communis
1919 3927 2210 3993 creaturae,
2241 3917 2398 3996 quod
2424 3919 2719 3977 εἰσ-ὑπατων.
2775 3917 2904 3978 Imo

503 4001 696 4052 creata
725 3996 1012 4056 aeternitas
1041 3996 1182 4056 dicit
1209 3997 1722 4057 contradictionem
1749 3998 1812 4056 in
1839 3997 2083 4075 adjecto,
2114 4006 2180 4057 ut
2206 3996 2369 4057 finita
2390 3998 2713 4057 infinitudO.
2786 3998 2903 4057 De·

501 4071 678 4149 nique
707 4072 780 4133 de
807 4075 1026 4135 ratione
1054 4076 1280 4135 formali
1307 4087 1582 4136 creaturae
1611 4085 1701 4135 est
1727 4087 1795 4136 ut
1821 4077 2142 4155 dependeat
2168 4076 2553 4137 essentialiter
2590 4098 2625 4136 a
2655 4078 2799 4152 Dec,
2846 4085 2907 4136 et

502 4159 569 4210 ut
595 4152 940 4230 principium
966 4154 1178 4214 habeat
1205 4175 1324 4214 suae
1351 4155 1696 4215 existentiae.
1780 4157 1866 4215 At
1894 4156 2051 4234 quod
2078 4155 2365 4234 dependet
2392 4157 2465 4215 ab
2494 4157 2627 4232 alio,
2667 4156 2729 4215 id
2772 4175 2905 4233 pos-

503 4231 684 4290 terius
709 4232 837 4308 ipso
865 4241 970 4308 est,
1002 4243 1060 4292 et
1088 4235 1171 4294 sic
1200 4243 1475 4294 aeternum
1505 4255 1632 4294 esse
1660 4237 1888 4313 nequit;
1932 4237 2029 4293 ubi
2050 4237 2191 4312 quid
2204 4237 2554 4313 principium
2579 4236 2776 4296 statuis
2803 4237 2904 4294 ha-

501 4311 631 4369 bere
655 4313 747 4370 sui
769 4331 900 4387 esse,
929 4333 1100 4390 neqas
1127 4334 1241 4374 esse
1267 4335 1332 4374 eo
1359 4316 1480 4392 ipso
1507 4323 1791 4392 oeternum,
1822 4324 1889 4376 ut
1915 4315 1997 4374 ait
2023 4317 2265 4374 Lactan.
2298 4315 2490 4374 Instit.
2518 4316 2619 4376 lib.
2640 4316 2742 4375 vii.
2765 4335 2815 4374 c.
2850 4318 2904 4375 1.

1105 4393 1226 4453 XI.
1269 4394 1476 4473 Agens
1503 4403 1781 4456 aeternum
1810 4395 1967 4473 quod
1995 4395 2117 4472 agit
2159 4403 2327 4454 extra
2370 4415 2431 4455 se
2480 4397 2543 4453 in
2590 4395 2767 4470 aliud,
2813 4414 2907 4454 re-

1023 4473 1200 4550 quirit
1225 4475 1452 4552 petiens
1481 4484 1861 4551 coaeternum3
1906 4474 2010 4534 sed
2040 4475 2202 4534 Deus
2229 4495 2348 4534 non
2376 4484 2465 4534 est
2508 4494 2691 4552 agens
2739 4481 2902 4534 aeter-

1021 4571 1161 4612 num
1189 4554 1299 4614 hoc
1327 4574 1517 4632 sensu,
1549 4555 1686 4633 quia
1712 4554 1944 4614 demum
1994 4554 2054 4612 in
2102 4563 2359 4632 tempore
2406 4556 2580 4633 eoepit
2628 4563 2795 4614 extra
2840 4573 2903 4614 se

499 4653 688 4709 agere.
775 4633 896 4693 Nec
927 4632 976 4692 si
1002 4631 1215 4694 dicitur
1233 4655 1417 4712 purus
1443 4645 1614 4712 actm,
1646 4635 1783 4714 quia
1810 4633 1919 4694 fuit
1946 4653 2173 4712 semper
2199 4643 2473 4694 actuosus
2500 4635 2560 4694 in
2588 4653 2669 4710 se,
2700 4641 2759 4694 et
2800 4653 2901 4694 ex-

571 4454 752 4502 Fontes
775 4419 912 4501 Sain-

639 4515 846 4560 tionum.
