3300 5225
512 397 625 453 118
1171 454 1185 467 ‚
1452 412 1633 454 Locus
1663 412 1987 454 secuunus
2529 388 2778 471 [Quaes‘r.
2809 409 2912 451 xv.

510 560 665 613 esset
692 552 1053 628 contractior,
1084 551 1239 630 apud
1267 552 1505 612 Graecos
1533 573 1666 613 cum
1692 552 1980 631 prioribus
2025 570 2172 629 pene
2214 558 2350 609 sunt
2385 568 2570 627 pares,
2601 568 2732 629 quse
2771 551 2916 609 refe-

512 641 719 693 runtur
745 640 813 691 ut
836 631 1149 710 plurimum
1176 630 1252 689 ad
1277 634 1540 693 an.130.

596 711 789 771 XIII.
836 710 1119 787 Secundo,
1144 731 1275 807 quae
1322 710 1615 773 adduntur
1661 710 1738 771 ad
1775 710 2132 805 probandam
2171 709 2396 768 Textus
2437 708 2630 769 Graeci
2675 712 2922 769 εὐδικίαν

514 792 654 871 quia
688 811 797 851 nec
844 810 985 853 casu
1031 792 1365 869 contingere
1404 793 1595 870 potuit
1632 792 1769 851 telis
1815 790 2123 885 corruptio,
2163 788 2449 883 siquidem
2489 790 2784 851 multoties
2831 800 2922 850 est

514 872 685 948 facta,
714 891 823 931 nec
866 870 1125 947 consilio,
1156 872 1295 949 quia
1336 870 1453 931 dici
1492 890 1610 930 non
1650 878 1843 948 potest
1882 871 1976 930 cui
2013 870 2170 929 bono
2196 868 2350 928 facta
2376 870 2468 944 sit,
2512 869 2687 947 longe
2713 869 2921 929 fortius

518 952 822 1045 stringunt·
850 971 955 1029 pro
996 950 1326 1028 integritate
1356 950 1587 1011 Codicis
1621 950 1877 1026 Hebraei,
1919 949 2016 1010 cui
2055 949 2279 1027 caeteris
2317 949 2571 1027 paribus,
2614 968 2732 1008 non
2773 950 2924 1009 solet

516 1031 904 1111 prarogativa
928 1030 1223 1108 denegari.
1306 1030 1474 1091 Licet
1512 1050 1653 1090 vero
1694 1029 1890 1089 dedita
1929 1048 2104 1123 opera
2127 1030 2255 1088 haec
2295 1029 2586 1106 corruptio
2612 1028 2764 1089 facta
2803 1049 2922 1087 non

518 1119 689 1187 esset,
720 1130 823 1170 cur
846 1130 964 1169 non
990 1111 1180 1203 potuit
1202 1110 1329 1169 fieri
1355 1110 1776 1188 exscriptormn
1801 1110 2040 1186 incuria,
2065 1109 2161 1168 vel
2187 1106 2429 1187 128th
2443 1113 2473 1168 ?
2522 1108 2748 1168 Deinde
2775 1128 2921 1185 prae-

518 1198 717 1250 textus
758 1190 899 1249 satis
938 1189 1263 1268 plausibilis
1288 1191 1479 1267 potuit
1514 1208 1660 1265 esse,
1690 1197 1760 1248 ut
1785 1190 2006 1249 scilicet
2031 1188 2382 1267 AEgyptiis
2363 1209 2426 1247 ιιι
2453 1187 2674 1248 ratione
2701 1196 2920 1265 tempo·—

518 1269 1489 1427 ffimssssfflffissfffflfflmffi
1492 1270 1826 1426 ἕὲἳὲἕιῗω
1833 1268 2313 1427 «12²¹.ssquss
2301 1268 2580 1408 πῗιῖἶῗὲ
2585 1268 2924 1425 ἛΝΤΞἮΞ

522 1428 599 1489 sit
625 1430 751 1489 haec
777 1429 942 1505 ratio,
972 1429 1173 1505 magni
1198 1438 1393 1490 tamen
1420 1450 1548 1489 eam
1572 1430 1716 1489 iacit
1742 1430 2008 1505 Vossius,
2029 1436 2088 1488 et
2115 1447 2190 1488 ex
2217 1428 2375 1487 hoc
2357 1447 2484 1507 ipso
2505 1428 2776 1487 Graecum
2799 1427 2920 1486 He·

520 1508 677 1568 braeo
703 1508 951 1587 praefert,
982 1508 1141 1586 quod
1164 1508 1267 1567 ille
1294 1530 1467 1587 quam
1508 1510 1618 1569 iste
1646 1508 2068 1587 AEgyptiorum
2092 1508 2533 1585 antiquitatibus
2557 1507 2747 1585 magis
2785 1527 2922 1567 con-

521 1596 723 1649 sonet:
751 1608 885 1647 nam
912 1608 1016 1667 per
1040 1588 1282 1648 istorum
1308 1588 1469 1647 mille
1495 1597 1556 1648 et
1580 1598 1984 1648 sexcentorum
2006 1608 2289 1647 amorum
2317 1587 2670 1646 additionem
2691 1588 2926 1665 AEgyp·

524 1669 737 1729 tiorum
767 1668 1071 1745 Dynastiae
1100 1668 1269 1727 facile
1310 1669 1463 1727 intra
1488 1670 1798 1729 creationis
1836 1669 2113 1728 terminos
2153 1671 2501 1743 coercentur,
2531 1667 2648 1727 imo
2677 1688 2713 1726 a
2743 1668 2921 1727 Scali-

524 1767 666 1825 gero
694 1756 753 1807 et
782 1748 857 1808 G.
887 1747 1104 1806 Vossio
1142 1747 1301 1807 modi
1340 1746 1672 1824 afferuntur,
1704 1748 1915 1827 quibus
1943 1749 2094 1808 intra
2119 1747 2326 1807 diluvii
2359 1748 2638 1807 terminos
2677 1756 2923 1827 possunt

528 1828 739 1887 restrin
802 1827 901 1904 ,si
928 1826 1319 1887 additamenta
1347 1828 1684 1888 Graecorum
1711 1848 1843 1888 cum
1873 1828 2126 1887 Hebraeo
2152 1828 2546 1887 admittantur.

606 1907 709 1966 XI
773 1907 998 1968 .Licet
1046 1908 1311 1967 Ecclesia
1358 1908 1581 1985 Graeca,
1632 1917 1694 1968 et
1738 1909 1998 1986 plerique
2051 1908 2371 1985 Scriptores
2400 1906 2593 1967 Graeci
2639 1906 2926 1965 calculum

526 1987 738 2047 LXX.
769 1995 1103 2065 sequautur,
1147 1996 1207 2047 et
1246 2008 1363 2047 non
1392 1988 1725 2065 Hebraeum,
1761 1988 1909 2046 nihil
1947 1988 2084 2047 inde
2109 1986 2382 2065 ponderis
2421 1994 2613 2065 potest
2653 1986 2926 2045 accedere

525 2067 749 2126 calculo
777 2068 1129 2143 Graecorum,
1161 2068 1297 2147 quia
1322 2069 1432 2127 hoc
1460 2069 1649 2146 potuit
1687 2068 1813 2127 fieri
1840 2088 1917 2127 ex
1943 2087 2150 2145 errore,
2181 2068 2280 2126 vel
2312 2068 2530 2144 lingum
2558 2066 2853 2126 Hebreae'
2835 2086 2924 2144 lg-

524 2147 803 2223 notantia,
850 2167 956 2224 per
992 2166 1167 2224 quarn
1194 2148 1369 2207 fiebat
1410 2157 1475 2208 ut
1514 2149 1798 2227 neglectis
1839 2147 2096 2208 fontibus
2135 2147 2462 2207 versionem
2499 2146 2672 2205 istem
2710 2146 2926 2224 ubique

522 2235 818 2326 receptam
846 2234 1363 2303 sequerentur.-

604 2306 750 2367 XV.
794 2306 1017 2387 ’.Αυιχς
1018 2312 1186 2384 cepe&
1232 2307 1335 2385 qui
1383 2308 1633 2367 occurrit
1679 2308 1835 2387 apud
1877 2308 2084 2367 LXX.
2133 2308 2196 2365 in
2243 2306 2468 2366 calculo
2505 2305 2645 2364 vitae
2687 2306 2926 2365 Patrum

520 2386 1099 2465 postdiluvianorum,
1130 2388 1231 2447 ubi
1256 2407 1559 2447 numerum
1588 2408 1869 2448 annorum
1911 2408 2085 2466 snpra
2109 2388 2270 2447 mille
2311 2385 2706 2464 septingentos
2741 2404 2941 2462 usque

522 2466 599 2525 ad
625 2467 988 2526 nativitatem
1018 2466 1341 2525 Abrahami
1366 2468 1708 2543 extendunt,
1753 2488 1885 2527 cum
1915 2468 2202 2528 Hebraeus
2227 2467 2440 2527 habeut
2471 2474 2698 2526 tantum
2737 2485 2924 2524 annos

521 2544 803 2606 ducentos
838 2547 1157 2625 nonaginta
1182 2546 1347 2625 duos,
1376 2548 1515 2625 quia
1550 2548 1625 2606 ad
1663 2548 2126 2607 Pati-iarcharum
2167 2546 2525 2626 singulorum
2549 2546 2721 2622 vitas,
2751 2546 2852 2623 qui
2891 2566 2932 2603 a

526 2626 765 2687 Diluvio
806 2627 885 2686 ad
911 2628 1309 2686 Abrahamum
1351 2629 1641 2704 vixerunt,
1673 2627 1894 2687 addunt
1933 2647 2116 2687 annos
2155 2629 2456 2688 minimum
2497 2635 2766 2703 centum3
2809 2646 2936 2684 non·

522 2714 717 2784 potest
744 2707 1016 2766 Versioni
1055 2707 1154 2766 isti
1194 2708 1551 2766 authentiam
1578 2708 1921 2768 conciliare:
1965 2709 2094 2766 Iino
2115 2727 2362 2767 errorem
2391 2709 2520 2785 ejus
2546 2706 2930 2784 undecunque

524 2793 685 2846 ortus
713 2786 791 2847 sit
816 2786 1182 2845 manifestum
1210 2787 1599 2864 demonstrat3
1644 2787 1768 2847 Nec
1795 2808 1925 2865 quae
1947 2807 1983 2846 a
1999 2788 2212 2848 Vossio
2239 2796 2299 2847 et
2316 2788 2593 2847 Waltono
2613 2785 2932 2846 afferuntur

524 2865 600 2924 ad
627 2866 757 2944 ejus
784 2866 1275 2926 confirmationem
1304 2867 1444 2926 satis
1466 2867 1661 2927 valida
1689 2877 1824 2928 sunt
1851 2868 1926 2926 ad
1941 2868 2166 2928 Textus
2193 2868 2340 2927 sacri
2365 2869 2609 2927 ιῦοιηυιι
2627 2874 2932 2945 propterea

524 2946 979 3086 convellcrffiam,
1010 2956 1077 3006 ut
1112 2947 1239 3007 fuse
1270 2955 1329 3008 et
1366 2947 1547 3007 solide
1578 2948 1802 3006 Bae'liue
1836 2948 1938 3008 lib.
1968 2948 2005 3007 i.
2047 2949 2252 3027 Operis
2281 2948 2474 3008 Histo.
2513 2957 2572 3007 et
2600 2949 2847 3007 Chron0.
2875 2967 2936 3006 c.-

528 3045 591 3084 1v
640 3035 805 3086 osten
869 3035 894 3086 t

1441 3267 1830 3343 QUAEs‘rlo
1873 3267 2019 3328 xv.

1364 3446 1443 3485 DE
1472 3445 1766 3487 VERSIONE
1793 3445 2094 3489 VULGATA.

762 3585 858 3646 An
895 3586 1089 3647 Venio
1126 3587 1371 3665 Vulyata
1395 3587 1469 3646 sit
1492 3587 1810 3648 authentica
1826 3589 1855 3647 ,²
1935 3588 2085 3664 Neg.
2115 3595 2316 3646 contra
2343 3583 2695 3645 Pontificios.

604 3745 654 3805 Ι.
699 3745 832 3806 Νοιι
859 3746 1150 3840 quaeritur,
1182 3745 1284 3806 An
1310 3745 1521 3807 Versio
1548 3747 1810 3826 Vulgata
1845 3747 2007 3808 utilis
2033 3746 2127 3824 sit,
2163 3754 2224 3806 et
2249 3745 2553 3824 aliquoties
2579 3745 2753 3805 etiam
2779 3745 2930 3804 veri-

522 3833 701 3884 tatem
726 3827 983 3904 apprime
1010 3826 1231 3902 reddat,
1262 3827 1420 3904 quod
1459 3847 1629 3887 nemo
1662 3827 1971 3903 diffitetur3
2017 3827 2150 3886 Non
2191 3827 2346 3903 item,
2381 3826 2479 3886 An
2508 3825 2584 3886 sit
2611 3826 2847 3904 antiqua
2872 3833 2936 3884 et

521 3904 701 3980 longo
740 3913 996 3982 tempore
1036 3907 1099 3964 in
1128 3907 1392 3966 Ecclesia
1416 3907 1647 3984 usitata,
1678 3908 1837 3985 quod
1877 3908 2052 3968 etiam
2077 3907 2233 3985 apud
2261 3927 2460 3967 omnes
2487 3915 2746 3983 constat3
2793 3905 2930 3981 Sed,

525 3981 628 4041 An
668 3983 745 4042 sit
784 3985 1129 4045 authenticis
1156 3986 1418 4046 veritatis
1457 3995 1525 4046 ut
1564 3987 1822 4048 fontibus
1862 3988 2005 4065 ipsis
2033 3988 2109 4047 sit
2135 3988 2433 4066 aequanda,
2464 3996 2524 4047 et
2549 3986 2934 4047 versionibus

526 4061 751 4122 coeteris
780 4063 1046 4122 omnibus
1074 4065 1505 4142 anteponenda;
1548 4066 1708 4143 quod
1739 4083 2036 4145 negamus,
2067 4076 2334 4128 asserunt
2362 4066 2651 4128 Pontificii
2677 4087 2753 4126 ex
2779 4065 2930 4125 Con-

524 4141 659 4201 cilio
688 4141 1025 4202 Tridentino
1066 4143 1221 4204 Sese.
1250 4147 1307 4220 4,
1340 4145 1570 4205 Decret.
1605 4149 1657 4221 1,
1687 4148 1760 4205 Si
1794 4149 1917 4224 quis
1944 4148 2113 4207 libros
2147 4149 2300 4225 ipsos
2335 4149 2578 4226 ἕπεσθ’-οε
2604 4168 2730 4206 ctam
2756 4146 2930 4205 onmi-

525 4223 623 4282 lm
648 4221 763 4280 suis
784 4223 1065 4298 partibus,
1099 4231 1281 4299 prout
1304 4224 1364 4282 in
1389 4225 1647 4284 Ecckeia
1677 4225 1970 4286 Catholica
1997 4229 2109 4305 lcqi
2131 4238 2542 4306 consueverunt,
2573 4228 2712 4288 etin
2747 4226 2938 4286 Veteri

536 4303 781 4378 Vulqata
819 4302 1091 4362 Editionc
1128 4303 1419 4380 habentem
1453 4325 1572 4382 pro
1604 4305 1800 4365 Sacris
1839 4317 1896 4366 ct
1933 4308 2234 4368 canoniae
2273 4329 2386 4368 non
2423 4275 2740 4385 mccpent,
2769 4308 2930 4365 Ana-

526 4383 711 4442 thema
748 4382 835 4440 eit.
920 4381 999 4442 Et
1026 4402 1182 4458 mox,
1225 4385 1471 4461 Insuper
1512 4387 1710 4445 eadem
1749 4387 1810 4446 S.
1853 4389 2114 4464 Synodm
2153 4390 2528 4463 comederam,
2572 4409 2686 4447 non
2715 4407 2934 4464 parum

524 4462 779 4524 utilitatis
804 4465 1069 4522 accedere
1085 4483 1254 4540 posce
1268 4466 1537 4525 Ecclesia
1557 4467 1688 4544 Dei,
1717 4468 1771 4526 ei
1793 4487 1867 4528 cx
1893 4470 2140 4530 omnffius
2167 4470 2389 4528 Latinis
2403 4434 2776 4540 Editiom‘bus,
2807 4487 2934 4542 quw

523 4544 995 4618 circumferuntur
1034 4564 1329 4604 sacrorum
1368 4546 1689 4624 Librorum,
1733 4569 1991 4625 quamam
2031 4571 2151 4627 pro
2191 4550 2507 4608 authentica
2546 4549 2802 4605 habenda
2841 4546 2928 4622 sit,

522 4625 840 4700 mnotacat,
882 4625 1075 4684 statuit
1100 4634 1154 4684 ct
1178 4627 1449 4704 declarat,
1478 4637 1542 4687 ut
1565 4629 1734 4688 koec
1709 4650 1834 4705 tpea
1859 4639 2010 4689 vetus
2037 4639 2090 4689 et
2113 4633 2344 4706 vulyata
2371 4629 2584 4702 Editio,
2615 4645 2742 4704 quoe
2769 4629 2932 4702 lonyo

525 4713 603 4763 tot
626 4707 934 4765 seculorum
962 4726 1081 4783 usu,
1113 4707 1170 4765 in
1199 4707 1323 4784 ipsa
1350 4709 1605 4769 Ecclesia
1622 4712 1872 4786 probata
1899 4720 1992 4786 est,
2025 4711 2082 4768 in
2101 4711 2336 4787 publicis
2364 4709 2691 4784 lectio-nibus,
2713 4707 2929 4784 proedz‘-
