3300 5225
516 363 637 421 588
1562 377 1746 420 Locus
1775 375 1986 418 sonus.
2524 351 2778 436 [Quas-r.
2809 371 2954 415 m.

512 541 693 600 spem,
725 541 857 600 quse
882 521 945 579 in
963 519 1229 580 sacrificii
1256 519 1549 580 oblatione
1576 520 1812 580 demum
1833 517 2144 579 fundatur:
2191 515 2276 577 Ut
2301 516 2640 594 desperatus
2659 524 2752 575 est
2779 516 2951 576 illius

512 603 767 678 morbus,
816 602 917 679 qui
944 602 1137 659 omnia
1163 600 1419 660 remedia
1460 601 1674 677 quibus
1717 600 1911 660 sanari
1936 605 2130 677 potest
2169 596 2376 674 rejicit,
2428 603 2487 656 et
2525 597 2589 654 in
2631 595 2944 656 Medicum

513 682 706 760 ipsum
747 681 1017 759 insurgit.
1103 681 1241 740 Huc
1280 681 1547 758 pertinet,
1580 680 1740 759 quod
1783 678 2105 758 Apostolus
2145 677 2382 755 ibidem,
2413 699 2464 736 c.
2494 677 2575 736 vi.
2605 680 2660 754 6,
2707 680 2746 710 ‘⁶
2777 677 2945 736 Fieri

514 783 631 821 non
659 763 889 840 posse,”
920 763 1019 836 ait,
1068 763 1105 794 ‘⁴
1134 763 1279 820 tales
1307 761 1575 819 renovari
1604 760 1681 820 ad
1707 760 2126 840 poenitentiam,
2157 767 2222 818 ut
2236 759 2340 836 qui
2365 776 2567 818 rursus
2594 757 2946 835 crucifigant

517 843 631 902 sibi
660 843 877 902 Filium
909 842 1039 917 Dei,
1071 850 1131 900 et
1172 841 1506 919 ignominiae
1535 851 1832 920 exponant
1848 842 1905 918 ;''
1950 839 2089 918 quia
2125 839 2280 898 enim
2321 838 2418 898 isti
2447 857 2774 897 emansores
2801 859 2941 916 pro-

518 931 681 982 terve
710 922 1053 982 sacrificium
1084 922 1299 982 Christi
1326 922 1625 1000 abjiciunt,
1657 922 1894 999 aliquod
1921 919 2082 980 aliud
2123 919 2468 978 sacrificium
2493 921 2751 977 ἱλιιπικὶν
2791 919 2945 997 ipsis

518 1001 894 1080 quaerendum
922 1011 1076 1062 esset
1101 1022 1217 1079 quo
1248 1011 1629 1079 servarentur,
1661 1002 1821 1080 quod
1845 1022 1978 1062 cum
2007 1008 2174 1060 extra
2195 999 2487 1058 Christum
2515 999 2642 1058 dari
2659 1019 2778 1057 non
2803 1019 2946 1077 pos-

521 1085 613 1159 sit,
647 1103 793 1161 opus
834 1084 985 1142 foret
1012 1093 1077 1144 ut
1106 1083 1399 1142 Christum
1428 1083 1619 1142 denuo
1662 1082 2082 1160 crucifigerent,
2128 1088 2189 1139 et
2215 1079 2380 1140 illum
2409 1079 2714 1158 opprobrio
2756 1099 2942 1157 expo·

521 1173 757 1241 nerent;
802 1164 961 1241 quod
986 1183 1123 1222 cum
1150 1163 1227 1223 sit
1252 1163 1627 1241 impossibile,
1665 1162 2022 1241 impossibile
2051 1169 2140 1220 est
2165 1160 2382 1238 pariter
2407 1180 2509 1219 eos
2547 1159 2626 1218 ad
2648 1160 2943 1238 poeniten·

524 1245 667 1303 tiam
694 1245 980 1304 renovari.

605 1325 787 1384 XVI.
832 1325 967 1384 Hoc
1009 1345 1149 1384 vero
1178 1323 1392 1383 clarius
1418 1323 1609 1384 adhuc
1656 1329 1816 1400 patet
1857 1341 1934 1380 ex
1961 1319 2300 1379 diversitate
2344 1319 2760 1398 operationum,
2803 1340 2942 1396 quae

522 1404 771 1482 singulis
814 1405 1088 1465 Personis
1130 1413 1465 1482 competunt
1492 1404 1553 1462 in
1580 1401 1903 1462 oeconomia
1931 1401 2154 1460 salutis.
2240 1400 2390 1460 Nam
2419 1408 2485 1460 ut
2528 1399 2702 1458 Pater
2727 1400 2942 1477 majes-

522 1494 699 1544 tatem
730 1485 999 1546 Numinis
1026 1485 1151 1544 laesi
1178 1483 1369 1561 refert,
1400 1493 1460 1543 et
1488 1484 1715 1562 Legum
1743 1481 2090 1541 sancitarum
2120 1488 2316 1540 custos
2343 1489 2432 1540 est
2459 1489 2517 1538 et
2537 1479 2791 1556 vindex;
2839 1480 2940 1539 Fi-

521 1565 638 1624 lius
663 1567 857 1625 locum
884 1567 1061 1625 habet
1103 1564 1445 1624 Mediatoris
1472 1573 1531 1622 et
1558 1563 1763 1638 Vadis,
1793 1562 1896 1639 qui
1937 1582 2044 1639 pro
2083 1561 2337 1638 peccatis
2377 1560 2592 1619 nostris
2621 1559 2940 1639 satisfecit;

525 1645 605 1704 Et
650 1646 900 1722 Spiritus
952 1647 1201 1706 Sanctus
1242 1646 1403 1704 vices
1448 1644 1696 1703 sustinet
1739 1641 2208 1718 Sanctificatoris,
2255 1641 2357 1719 qui
2401 1640 2666 1702 ultimam
2702 1661 2944 1700 manum

526 1726 688 1802 operi
716 1726 920 1784 salutis
946 1725 1238 1799 admovet,
1268 1744 1377 1782 nos
1404 1722 1480 1782 ad
1510 1723 1822 1796 Christum,
1853 1730 1912 1782 et
1937 1742 2042 1798 per
2069 1722 2363 1782 Christum
2389 1722 2466 1780 ad
2495 1722 2726 1780 Patrem
2753 1719 2942 1781 addu-

524 1804 745 1864 cendo:
789 1805 884 1863 Ita
924 1805 1027 1881 qui
1057 1804 1245 1862 Patris
1273 1804 1435 1881 leges
1462 1803 1724 1880 violavit,
1768 1801 2088 1862 remedium
2114 1803 2328 1862 habere
2365 1810 2560 1880 potest
2585 1802 2648 1860 in
2675 1801 2940 1862 satisfac·

521 1885 679 1944 tione
710 1884 881 1960 Filii3
928 1885 1042 1960 Qui
1070 1883 1209 1942 Filii
1247 1903 1553 1961 personam
1594 1892 1654 1942 et
1695 1883 2104 1944 satisfactionis
2145 1885 2274 1963 ejus
2315 1883 2656 1960 dignitatem
2697 1902 2801 1961 per
2848 1883 2940 1940 in-

522 1965 922 2025 credulitatem
950 1972 1010 2024 et
1035 1964 1421 2043 ignorantiam
1446 1964 1614 2040 laesit,
1644 1963 1735 2022 illi
1761 1984 1894 2042 spes
1921 1964 2118 2041 aliqua
2145 1973 2408 2041 superest
2433 1963 2495 2021 in
2523 1963 2712 2040 gratia
2756 1963 2939 2041 Spiri-

524 2054 624 2105 tus
652 2045 753 2122 qui
781 2054 975 2123 potest
1002 2045 1131 2122 ejus
1160 2044 1551 2122 ignorantiam
1581 2064 1803 2121 sanare,
1849 2054 1908 2104 et
1935 2043 2398 2104 incredulitatem
2440 2043 2728 2120 corrigere
2753 2065 2768 2118 ς
2817 2043 2941 2102 Sed

522 2125 627 2203 qui
658 2126 937 2204 Spiritum
968 2126 1244 2185 Sanctum
1273 2127 1623 2186 contumelia
1648 2125 1841 2200 afficit,
1862 2126 2104 2204 ejusque
2131 2125 2522 2202 operationem
2549 2124 2756 2201 rejicit,
2787 2123 2940 2182 nihil

522 2206 577 2265 ei
606 2215 867 2284 superest
894 2207 1143 2284 amplius
1168 2206 1324 2265 unde
1354 2227 1485 2283 spes
1512 2206 1708 2282 aliqua
1736 2205 1970 2280 oriatur,
2001 2205 2138 2282 quia
2155 2206 2318 2264 nulla
2343 2205 2515 2264 datur
2541 2204 2656 2263 alia
2677 2204 2939 2263 Persona

522 2286 740 2363 divina,
772 2307 903 2365 quoe
930 2287 1019 2346 illi
1046 2307 1377 2346 succurrere
1405 2289 1605 2365 possit,
1652 2295 1712 2346 et
1743 2286 1992 2364 Spiritus
2021 2285 2277 2364 operatio
2304 2285 2511 2344 ultima
2551 2293 2640 2344 est
2665 2285 2727 2342 in
2753 2304 2935 2362 nego-

520 2367 605 2426 tio
632 2366 853 2444 salutis,
884 2376 1018 2444 post
1045 2387 1217 2444 quam
1244 2367 1473 2425 nullum
1502 2367 1744 2426 ulterius
1770 2374 1962 2444 potest
1989 2365 2284 2444 expectari
2311 2364 2513 2441 gratiae
2540 2364 2880 2424 remedium.

604 2447 821 2507 XVII.
869 2447 988 2507 Ubi
1016 2446 1273 2506 abundat
1300 2457 1599 2524 peceatum
1629 2446 1710 2505 ibi
1739 2445 2170 2524 superabundat
2195 2444 2398 2522 gratia,
2431 2445 2482 2504 si
2507 2445 2680 2503 homo
2709 2445 2786 2503 ad
2803 2465 2932 2504 eam

522 2535 780 2586 recurrat
819 2547 923 2604 per
950 2527 1123 2586 fidem
1152 2535 1211 2586 et
1236 2527 1670 2605 poenitentiam3
1715 2527 1819 2586 sed
1847 2527 1897 2586 si
1924 2534 2192 2604 peccator
2218 2525 2464 2602 gratiam
2483 2524 2654 2584 istam
2681 2527 2934 2602 pertina-

519 2607 663 2667 citer
698 2608 905 2686 rejicit,
934 2627 1053 2667 non
1092 2616 1285 2687 potest
1319 2608 1442 2666 vim
1484 2628 1648 2667 suam
1675 2606 1737 2667 in
1779 2628 1849 2667 eo
1876 2628 2129 2667 exerere.
2215 2605 2480 2665 Christus
2507 2615 2674 2665 sanat
2701 2626 2932 2665 omnem

519 2688 786 2747 morbum
813 2688 875 2748 in
916 2690 1151 2767 popu10,
1184 2688 1287 2747 sed
1328 2689 1535 2766 positis
1572 2688 1874 2765 ponendis,
1921 2688 1984 2747 in
2023 2688 2098 2746 iis
2135 2686 2358 2747 scilicet
2397 2686 2500 2765 qui
2548 2687 2933 2746 Pharmacum

516 2775 786 2846 proterve
814 2788 931 2828 non
958 2770 1246 2847 rejiciunt.

600 2848 853 2909 XVIII.
886 2850 1197 2910 Peccatum
1222 2850 1333 2909 hoc
1362 2850 1425 2908 in
1450 2849 1675 2909 nullum
1703 2848 1860 2909 cadit
1886 2869 1962 2908 ex
1989 2849 2190 2909 electis
2221 2848 2349 2924 Dei,
2381 2866 2628 2924 quorum
2655 2848 2812 2907 salus
2839 2857 2931 2907 est

516 2928 579 2988 in
606 2937 751 3004 tute,
782 2938 907 2989 tum
933 2938 1169 3008 propter
1194 2930 1493 2988 electionis
1536 2929 2080 3004 immutabilitatem,
2128 2937 2189 2989 et
2231 2928 2442 2987 amoris
2487 2927 2599 2987 Dei
2641 2928 2925 2987 aeternita-

516 3018 655 3084 tem,
689 3011 860 3069 Matt.
891 3010 1057 3068 xxiv.
1090 3014 1186 3083 24,
1218 3013 1253 3067 2
1284 3010 1495 3067 Timot.
1526 3008 1585 3065 ii.
1620 3012 1713 3083 19,
1745 3016 1868 3067 tum
1897 3009 2034 3086 quia
2063 3028 2165 3086 per
2193 3008 2408 3069 Christi
2436 3008 2923 3084 intercessionem,

516 3088 561 3147 J
564 3090 659 3146 oh.
690 3089 835 3146 xvii.
868 3092 964 3164 20,
996 3098 1055 3147 et
1083 3088 1405 3147 custodiam
1436 3088 1549 3147 Dei
1575 3096 1931 3165 perpetuam,
1967 3091 1996 3147 1
2032 3088 2188 3149 Petr.
2217 3090 2259 3148 i.
2287 3092 2342 3165 5,
2373 3098 2433 3148 et
2472 3088 2927 3166 regenerationis

520 3168 770 3246 Spiritus
786 3168 1147 3244 beneficium,
1166 3175 1513 3245 praestantur
1540 3168 1826 3227 immunes
1851 3188 1888 3226 a
1915 3168 2176 3247 quolibet
2201 3177 2436 3248 peccato
2458 3177 2754 3247 regnante,
2778 3168 2925 3228 adeo

512 3256 581 3308 ut
607 3268 715 3307 nec
742 3255 997 3325 peccent,
1030 3268 1137 3307 nec
1162 3267 1403 3325 peccare
1439 3248 1680 3325 possint,
1737 3251 1768 3307 1
1815 3248 1859 3309 J
1862 3250 1956 3308 oh.
1994 3249 2076 3308 iii.
2124 3254 2178 3327 9,
2225 3258 2465 3327 peccato
2505 3248 2665 3326 quod
2711 3258 2801 3308 est
2847 3248 2926 3309 ad

514 3336 777 3386 mortem.
864 3328 985 3386 Nec
1015 3328 1065 3387 si
1091 3328 1395 3407 Apostatae
1424 3328 1511 3387 illi
1539 3327 1612 3388 de
1640 3329 1853 3406 quibus
1901 3330 2024 3407 agit
2067 3330 2286 3389 Paulus
2328 3329 2484 3389 Heb.
2528 3329 2608 3390 vi.
2651 3328 2926 3389 dicuntur

512 3409 858 3487 sanctificati,
890 3417 949 3467 et
970 3418 1224 3486 gustasse
1250 3410 1451 3468 bonum
1488 3411 1607 3469 Dea·
1643 3410 1898 3486 Verbum,
1930 3418 1990 3470 et
2015 3411 2243 3470 virtutes
2271 3410 2469 3484 futuri
2503 3410 2688 3485 seculi,
2731 3410 2920 3487 sequi·

512 3495 610 3547 tur
636 3508 736 3548 eos
764 3508 934 3549 veros
960 3488 1163 3549 fideles
1190 3489 1402 3565 fuisse3
1449 3491 1596 3551 Cum
1622 3492 1957 3569 sanctificati
1981 3490 2246 3550 dicantur
2276 3490 2470 3567 potius
2495 3491 2920 3549 sacramentali-

512 3577 599 3627 ter
626 3578 686 3630 et
711 3580 957 3647 externe,
987 3590 1161 3647 quam
1191 3572 1403 3630 interne
1430 3578 1489 3629 et
1515 3572 1903 3647 spiritualiter,
1933 3572 2072 3647 quia
2097 3571 2312 3647 recepti
2339 3570 2402 3630 in
2446 3570 2770 3629 Ecclesiam
2815 3591 2923 3649 per

514 3650 950 3711 Sacramentum
998 3652 1289 3729 baptismi,
1339 3650 1443 3728 qui
1490 3660 1733 3710 vocatur
1779 3650 2164 3728 metonymice
2209 3650 2438 3727 sanquis
2475 3652 2736 3727 soederis,
2782 3652 2922 3729 quia

510 3731 639 3807 ejus
667 3741 757 3791 est
784 3732 1059 3809 sigillum,
1091 3752 1209 3791 non
1238 3730 1621 3790 censebantur
1648 3732 1896 3808 amplius
1923 3730 2154 3809 pagani,
2185 3739 2246 3790 et
2271 3730 2572 3805 immundi,
2601 3740 2668 3791 ut
2709 3733 2920 3791 sancti·

509 3810 667 3871 ficati
694 3812 1036 3871 dicebantur
1062 3812 1164 3889 qui
1192 3811 1473 3888 sanguine
1501 3819 1797 3871 taurorum
1829 3810 2302 3889 aspergebantur,
2348 3811 2503 3871 Heb.
2532 3810 2614 3871 ix.
2649 3814 2742 3872 13.
2827 3812 2924 3871 Ita

502 3900 755 3967 ‚qustasse
784 3891 1055 3951 dicuntur
1080 3894 1282 3951 bonum
1310 3891 1429 3951 Dei
1464 3892 1718 3967 Verbum,
1749 3898 1928 3969 gustu
1967 3890 2166 3950 labiali
2193 3900 2252 3950 et
2293 3890 2656 3969 superficiali,
2687 3912 2804 3951 uon
2831 3894 2920 3951 in-

507 3971 650 4029 timo
679 3979 737 4030 et
784 3971 1039 4046 radicali,
1072 3980 1131 4031 et
1172 3973 1401 4031 virtutes
1432 3973 1634 4045 futuri
1671 3972 1857 4047 seculi,
1902 3970 1982 4029 id.
2033 3991 2152 4031 non
2199 3970 2438 4031 delicias
2482 3972 2758 4049 paradisi,
2803 3973 2920 4050 pri-

506 4049 701 4108 mitias
742 4050 879 4108 vitae
918 4060 1164 4127 aeternoe,
1214 4052 1319 4111 sed
1364 4052 1598 4110 virtutes
1640 4052 2065 4128 miraculorum,
2107 4061 2166 4111 et
2198 4051 2480 4111 donorum
2522 4053 2920 4112 extraordina-

503 4129 899 4267 ιΙὶΙοιὲιιῃζΑιὸιω
928 4130 1207 4191 Ecclesiae
1238 4140 1379 4191 tunc
1406 4131 1864 4208 conferebantur,
1895 4151 2025 4208 quae
2063 4140 2304 4193 vocatur
2349 4135 2590 4191 seculum
2622 4135 2702 4207 su
2724 4154 2872 4209 rum,

572 4230 604 4267 e
648 4229 692 4267 r.
720 4230 781 4267 ιι.
854 4253 869 4267 .

586 4288 777 4347 XIX.
824 4288 1106 4363 Quamvis
1133 4309 1273 4349 vero
1301 4298 1605 4367 peccatum
1632 4291 1746 4352 hoc
1773 4291 1834 4351 in
1871 4292 2028 4353 solos
2056 4292 2332 4370 reprobos
2359 4292 2546 4368 cadat,
2579 4312 2696 4351 non
2724 4302 2920 4354 tamen

501 4377 591 4429 est
619 4369 915 4429 omnium:
960 4368 1064 4427 sed
1098 4388 1296 4428 eorum
1336 4378 1580 4448 tantum,
1626 4374 1730 4451 qui
1770 4373 2074 4433 veritatem
2119 4372 2230 4431 Dei
2273 4372 2387 4433 sibi
2428 4372 2700 4449 oblatam,
2745 4381 2804 4433 et
2845 4372 2920 4431 de

500 4470 617 4527 qua
644 4449 993 4510 sufficienter
1020 4450 1273 4509 convicti
1302 4460 1436 4509 sunt
1464 4452 1622 4529 apud
1663 4474 1742 4530 se,
1775 4452 1872 4511 vel
1913 4452 2214 4530 tyrannice
2253 4462 2320 4512 ut
2359 4452 2651 4528 JulianUS,
2682 4455 2782 4513 vel
2822 4472 2914 4513 so-

496 4531 743 4607 phistice
770 4540 837 4591 ut
856 4530 1229 4609 Porphyrius,
1262 4551 1337 4589 ex
1366 4531 1500 4591 odio
1530 4542 1590 4591 et
1618 4533 1908 4593 destinata
1933 4532 2154 4592 malitia
2173 4532 2446 4610 rejiciunt
2473 4540 2532 4592 et
2559 4552 2914 4611 persequun-

496 4619 609 4669 tur.
695 4612 861 4672 Licet
888 4621 1081 4671 autem
1110 4619 1329 4673 certum
1358 4612 1435 4671 sit
1471 4611 1534 4670 id
1574 4614 1864 4690 praecipue
1906 4612 2194 4673 committi
2236 4613 2345 4672 sub
2389 4613 2734 4691 Evangelio,
2779 4614 2920 4690 quia

493 4690 670 4768 longe
698 4692 989 4769 copiosius
1015 4692 1211 4753 lumen
1240 4690 1479 4771 affulget
1506 4693 1858 4768 hominibus,
1889 4693 2078 4772 potuit
2119 4702 2315 4755 tamen
2355 4692 2549 4754 locum
2591 4692 2766 4753 etiam
2805 4694 2911 4753 ba-
