3300 5225
562 325 678 385 612
1010 315 1020 325 ⁶
1474 349 1658 392 nocua
1687 349 1964 393 osonum.
2598 327 2856 412 [otmar.
2891 347 2976 390 xv.

559 483 659 545 vel
684 487 923 565 praecise
964 487 1026 548 in
1054 507 1133 565 se,
1176 499 1238 550 et
1276 490 1361 550 ita
1400 490 1461 550 in
1488 491 1639 552 thesi
1667 511 1794 552 esse
1821 490 2262 566 indifferentem,
2291 491 2388 551 vel
2419 491 2659 551 relative
2701 500 2980 570 respectu

559 586 801 628 anmoe
832 570 1213 646 conyruitatis,
1262 580 1327 631 ut
1367 572 1625 650 loquitur
1653 573 2058 649 Bellarmimm,
2087 572 2185 631 vel
2213 573 2410 632 debitae
2447 574 2860 649 applicationis,
2906 581 2980 632 ut

560 645 678 722 alii,
722 656 781 708 et
820 649 957 708 hine
998 650 1135 709 oriri
1178 649 1503 728 discrimen,
1550 653 1690 730 quia
1736 653 1938 712 eadem
1979 652 2346 730 eleemosyna
2385 671 2504 712 non
2553 673 2716 732 aeque
2757 653 2980 711 afficiet

561 733 819 788 saturum
847 747 915 788 ac
942 729 1288 792 famelicum.
1352 732 1503 792 Nam
1531 753 1791 812 congrua
1815 734 1928 792 ista
1955 733 2158 811 gratiae
2185 732 2512 810 applicatio,
2543 734 2641 792 vel
2667 733 2980 791 referenda

561 813 651 864 est
670 805 747 864 ad
766 807 951 886 ipsam
980 811 1225 888 gratiam
1255 809 1454 888 solam,
1474 813 1572 872 vel
1598 813 1676 872 ad
1693 814 1942 873 liberum
1961 813 2262 872 arbitrium
2291 812 2496 886 solum,
2517 814 2615 871 vel
2641 813 2718 870 ad
2743 822 2976 872 utrum·-

558 903 712 962 que;
760 886 825 946 Si
850 889 1087 949 arbitrio
1114 891 1225 950 hoc
1252 893 1603 969 conceditur,
1634 893 1734 952 vel
1759 894 1821 951 in
1847 901 1988 968 tot0,
2019 893 2118 952 vel
2143 913 2220 951 ex
2246 901 2427 970 parte,
2465 893 2592 970 jam
2619 892 2762 951 vicit
2797 893 2974 950 Pela-

559 965 709 1042 gius,
740 987 857 1026 non
880 969 1096 1029 Paulus
1117 992 1134 1046 ς
1182 971 1245 1030 Si
1273 971 1381 1030 soli
1403 973 1621 1050 gratiae,
1646 974 1774 1052 jam
1800 973 2016 1032 corruit
2041 973 2262 1031 idolum
2285 972 2455 1032 liberi
2483 972 2722 1048 arbitrii,
2745 981 2806 1032 et
2833 993 2974 1050 gra-

558 1046 643 1104 tia
667 1066 786 1106 non
812 1048 921 1108 erit
962 1051 1217 1127 aequaliS,
1256 1052 1394 1128 quia
1432 1053 1600 1112 alteri
1639 1053 1825 1112 defuit
1865 1071 2122 1130 congrua
2162 1052 2489 1130 applicatiO,
2520 1072 2692 1129 quam
2725 1053 2976 1111 alterius

560 1126 749 1202 gratia
784 1127 1037 1190 inclusit.
1096 1131 1154 1190 N
1154 1151 1221 1190 ee
1248 1130 1575 1208 dicendum,
1598 1133 2048 1212 inaequalitatem
2077 1133 2280 1210 gratiae
2307 1132 2436 1192 dari
2459 1132 2520 1190 in
2549 1151 2760 1209 genere
2787 1133 2973 1192 bene-

560 1203 695 1281 ficii,
726 1207 830 1266 sed
870 1229 985 1268 non
1014 1211 1075 1268 in
1116 1230 1327 1288 genere
1354 1213 1662 1289 motionis3
1719 1213 1962 1272 eandem
2004 1214 2206 1290 gratiae
2246 1212 2560 1271 motionem
2587 1213 2892 1290 utriusque
2935 1233 2975 1271 a

558 1295 722 1363 parte
752 1288 865 1348 Dei
891 1290 1169 1366 adhiberi,
1202 1292 1307 1352 sed
1346 1293 1420 1351 ob
1448 1293 1738 1352 diversam
1779 1294 2138 1371 objectorum
2167 1292 2618 1370 dispositionem,
2633 1299 2708 1352 'et
2734 1301 2974 1370 captam

559 1385 597 1424 a
621 1378 975 1445 proponente
1017 1372 1520 1450 opportunitatem,
1550 1373 1816 1432 diversos
1855 1372 2094 1432 effectus
2121 1371 2470 1450 producere;
2515 1371 2664 1430 Nam
2693 1372 2744 1431 si
2771 1373 2848 1430 ob
2879 1373 2973 1430 di«

560 1465 788 1506 versam
816 1451 1337 1511 convertendorum
1364 1453 1800 1531 dispositionem
1828 1453 2098 1512 diversus
2138 1451 2398 1530 ejusdem
2423 1451 2696 1512 motionis
2725 1451 2974 1512 effectus

558 1526 815 1605 prodeat,
846 1549 987 1606 ergo
1014 1530 1324 1591 discrimen
1350 1533 1462 1592 hoc
1489 1533 1876 1611 quodcunque
1905 1533 1996 1608 sit,
2027 1553 2144 1592 non
2173 1553 2208 1590 a
2235 1532 2424 1609 gratia
2448 1531 2592 1608 fluit,
2625 1532 2730 1592 sed
2755 1551 2791 1590 a
2817 1535 2970 1592 reci-

557 1604 772 1742 pientis
810 1629 943 1686 quse
984 1611 1389 1688 superadditur
1426 1613 1898 1691 promptitudine,
1941 1632 2084 1690 ergo
2145 1611 2400 1690 seipsum
2439 1611 2716 1672 discernit
2763 1621 2973 1672 contra

611 1685 825 1764 aulum,
855 1698 915 1748 et
940 1690 1117 1750 habet
1142 1691 1301 1768 quod
1326 1711 1443 1750 non
1471 1693 1710 1770 aceepit,
1739 1692 1896 1786 unde
1923 1693 2220 1770 glorietur.
2257 1773 2272 1786 ⁹
2356 1773 2370 1787 ·

556 1797 601 1846 ⁶·
615 1798 1040 1918 ἓέἓλρὸἕοὲιὲζ
1080 1771 1603 1927 ιεοῗίἐὲξὶπῗέοῗῗὲζ
1645 1772 2410 1931 353255’32130212'5233
2431 1773 2968 1930 ῗέῗῗρῖῗὼῗέἕίζ

592 1917 696 2016 ,θ’θ’
1078 1947 1183 2007 per
1201 1949 1377 2008 quam
1406 1933 1569 1992 Deus
1594 1953 1714 1993 non
1739 1933 1914 1992 modo
1943 1933 2148 1993 suadet
2172 1933 2396 2007 leniter,
2422 1933 2525 1992 sed
2549 1941 2817 2010 potenter
2841 1934 2966 1992 effi-

554 2010 639 2094 οιι
662 2023 725 2064 ιιι
744 2006 913 2066 nobis
950 2009 1101 2069 velle
1129 2019 1189 2071 et
1214 2012 1505 2088 perficere.
1576 2013 1664 2073 Ut
1690 2033 1830 2074 vero
1857 2015 2030 2073 homo
2057 2013 2136 2072 ad
2162 2013 2254 2072 sui
2279 2015 2646 2088 creationem,
2675 2032 2968 2072 resurrec-

556 2088 791 2162 tionem,
820 2094 882 2146 et
920 2091 1413 2166 regenerationem
1452 2094 1601 2152 nihil
1642 2094 1900 2154 conferre
1927 2101 2156 2170 potest3
2199 2093 2284 2152 ita
2321 2113 2428 2153 nec
2461 2101 2730 2170 peccator
2767 2094 2844 2152 ad
2873 2095 2968 2152 sui

558 2165 1012 2244 conversionem,
1044 2171 1149 2229 sed
1174 2171 1237 2230 in
1264 2173 1513 2232 solidum
1540 2174 1654 2232 hoc
1681 2173 1884 2252 gratiae
1908 2173 2018 2233 Dei
2060 2181 2360 2251 acceptum
2387 2173 2534 2232 ferre
2564 2173 2754 2232 debet.
2839 2174 2966 2233 Nec

558 2242 753 2336 pbstat
778 2247 935 2324 quod
963 2249 1165 2310 eadem
1192 2253 1345 2312 actio
1386 2273 1515 2332 quae
1546 2254 1674 2313 Deo
1701 2253 1974 2314 tribuitur
2013 2254 2075 2312 in
2116 2253 2510 2328 conversione,
2539 2253 2760 2311 homini
2785 2253 2964 2312 etiam

558 2342 578 2380 1
622 2324 671 2382 si
698 2345 816 2384 non
840 2347 974 2388 raro
1000 2330 1345 2410 imperatur;
1392 2342 1456 2394 ut
1483 2353 1663 2412 quum
1691 2353 1991 2412 resurgere
2014 2334 2304 2411 jubemur,
2337 2341 2398 2392 et
2425 2353 2524 2426 cor
2550 2351 2766 2426 novum
2794 2333 2970 2392 nobis

561 2423 781 2546 1322‘32
796 2407 1325 2553 {ffiffliziss
1343 2415 1603 2554 (ξῖῗὲῃὲ
1626 2413 2966 2572 ;¹41110}‹12¹3sthssffipig'rffff‘ssssffiffossissrss

558 2564 760 2641 gratim
786 2569 1047 2645 promitti
1072 2580 1140 2635 ut
1166 2572 1420 2653 donum3
1466 2574 1562 2636 Ita
1587 2582 1654 2637 ut
1681 2574 2058 2653 concipienda
2087 2573 2162 2633 sit
2189 2573 2409 2651 duplex
2429 2573 2613 2633 veluti
2642 2573 2962 2649 conversiO,

554 2643 653 2705 vel
679 2646 851 2707 unius
872 2653 1266 2715 conversionis
1292 2655 1487 2733 potius
1513 2656 1645 2717 duae
1671 2664 1882 2734 partes,
1913 2656 2028 2715 alia
2043 2674 2173 2732 quoe
2201 2674 2236 2713 a
2265 2656 2392 2713 Deo
2419 2654 2502 2729 fit,
2533 2653 2650 2713 alia
2674 2654 2750 2711 ab
2773 2654 2962 2713 homi-

556 2742 649 2802 ne,
680 2724 752 2787 de
780 2748 897 2807 qua
925 2732 1189 2793 Ecclesia
1214 2736 1471 2813 loquitur
1500 2736 1762 2795 Lament.
1793 2754 1920 2813 cap.
1949 2754 2008 2795 v.
2039 2738 2134 2809 21,
2169 2735 2442 2795 Converte
2468 2755 2570 2793 nos
2603 2743 2657 2792 et
2680 2744 2961 2793 converte-

553 2824 719 2881 mur,·
757 2808 861 2869 illa
887 2812 1177 2891 praeeedit,
1208 2816 1335 2875 haee
1362 2817 1658 2893 sequitur3
1711 2816 1825 2875 ma
1851 2834 2077 2893 semper
2101 2814 2374 2874 tribuitur
2402 2814 2546 2889 Dee,
2577 2832 2694 2873 non
2721 2814 2967 2891 homini,-

555 2884 681 2947 Ista
708 2907 935 2968 semper
959 2893 1195 2971 homini,
1226 2916 1521 2973 nunquam
1552 2898 1701 2956 Deo·
1744 2896 1818 2954 In
1844 2896 2030 2973 prima
2055 2894 2328 2954 voluntas
2346 2894 2556 2971 agitur,
2581 2902 2640 2953 et
2665 2914 2780 2953 non
2809 2896 2962 2972 agit;

554 2966 631 3027 In
658 2970 913 3031 secunda
939 2973 1133 3048 agitur
1171 2984 1231 3034 et
1270 2976 1409 3051 agit,
1442 2995 1545 3035 seu
1584 2976 1774 3053 reagit
1811 2976 1958 3053 ipsa,
2003 2974 2106 3034 sed
2147 2995 2184 3033 a
2211 2975 2338 3034 Deo
2366 2974 2614 3053 primum
2656 2984 2804 3033 aeta.
2888 2976 2962 3033 In

550 3048 754 3125 prima,
778 3050 891 3111 Dei
912 3051 1099 3127 gratia
1119 3072 1363 3129 operans
1382 3053 1609 3130 dicitur,
1624 3056 1764 3133 quia
1790 3054 1915 3114 sola
1929 3063 2206 3132 operatur
2223 3078 2238 3131 ;
2270 3056 2344 3113 In
2361 3056 2614 3113 secunda
2635 3075 2960 3131 cooperans,

554 3126 694 3203 quia
712 3130 837 3204 jam
857 3148 976 3189 non
994 3138 1221 3191 tantum
1247 3133 1311 3191 in
1342 3134 1659 3211 voluntate,
1692 3135 1798 3194 sed
1828 3154 1961 3195 cum
1982 3136 2281 3195 voluntate
2310 3142 2596 3211 operatur.
2683 3135 2754 3193 In
2775 3135 2963 3212 prima

553 3205 829 3269 voluntas
854 3216 945 3269 est
972 3210 1297 3289 subjeetum
1322 3214 1637 3291 passivum,
1671 3214 1776 3280 sed
1801 3223 1862 3275 et
1881 3236 2068 3293 capax
2095 3223 2154 3275 et
2173 3216 2470 3275 conscium
2498 3215 2738 3292 gratiae3
2771 3214 2844 3271 In
2872 3234 2962 3273 se·

554 3286 747 3347 cunda
770 3308 890 3349 non
916 3297 1143 3351 tantum
1170 3301 1260 3353 est
1286 3294 1611 3372 subjectum
1638 3316 1844 3373 capax,
1876 3296 1982 3355 sed
2007 3296 2180 3355 etiam
2209 3296 2654 3355 instrumentum
2685 3293 2961 3353 idoneum

553 3375 613 3427 et
633 3368 835 3429 vivum
862 3369 1076 3430 divinat
1104 3374 1323 3451 gratim,
1354 3376 1566 3453 quippe
1594 3376 1806 3435 ancilla
1832 3376 1978 3455 ejus,
2009 3382 2076 3435 ut
2103 3375 2346 3435 subinde
2376 3374 2745 3451 Augustinus
2771 3374 2962 3451 loqui-

552 3456 663 3524 tur,
701 3458 759 3509 et
786 3448 985 3532 “ocyma
1010 3450 1259 3531 ἔμψυχος,
1290 3476 1569 3533 organum
1609 3458 1939 3515 animatum.
2025 3456 2153 3531 Quo
2179 3454 2496 3533 respiciunt
2529 3454 2644 3513 ista
2675 3454 2966 3513 Bemardi

550 3527 623 3587 de
654 3528 865 3592 Libero
908 3534 1187 3612 Arbitrio,
1234 3540 1271 3571 “
1300 3536 1454 3610 Quid
1494 3537 1619 3613 agit
1656 3537 1904 3595 liberum
1943 3536 2242 3595 arbitrium
2259 3540 2288 3595 Ρ
2327 3534 2583 3594 breviter
2619 3534 2964 3611 respondeo,-

554 3608 843 3671 Salvatur.
929 3612 1089 3692 Opus
1128 3616 1241 3675 hoc
1282 3616 1406 3676 sine
1446 3616 1676 3677 duobus
1715 3614 1865 3680 effici
1903 3634 2022 3675 non
2052 3622 2261 3693 potest,
2289 3634 2407 3675 uno
2449 3634 2486 3675 a
2511 3634 2626 3692 quo
2665 3614 2750 3690 fit,
2779 3614 2966 3674 altero

548 3688 611 3747 in
652 3710 769 3767 quo
807 3692 890 3768 fit,
938 3694 1099 3753 Deus
1140 3697 1349 3756 author
1388 3696 1610 3770 salutis,
1659 3696 1906 3755 liberum
1947 3695 2248 3755 arbitrium
2287 3702 2513 3754 tantum
2555 3694 2799 3771 capax.”
2885 3694 2966 3755 Et

548 3768 663 3829 ista
690 3770 965 3848 Hugonis
993 3773 1065 3831 de
1097 3775 1156 3836 S.
1187 3775 1345 3837 Viet.
1391 3778 1428 3811 “
1457 3776 1664 3837 Gratia
1701 3775 2020 3854 reparatrix
2047 3775 2264 3853 aspirat
2301 3774 2487 3852 primo
2513 3775 2724 3833 bonam
2753 3773 2964 3833 volun-

548 3856 727 3909 tatem
749 3861 815 3910 ut
844 3850 936 3927 sit,
956 3850 1165 3917 deinde
1192 3857 1436 3937 inspirat
1462 3876 1589 3917 eam
1616 3864 1685 3915 ut
1709 3863 2038 3933 moveatur3
2081 3856 2266 3934 primo
2287 3864 2556 3933 operatur
2581 3874 2727 3931 eam,
2751 3854 2964 3914 deinde

551 3948 655 4006 per
682 3931 869 3989 eam.”
2961 3972 2966 3982 ·

1157 4017 1383 4079 XXII.
1428 4018 1620 4094 Quum
1666 4016 1828 4077 Deus
1867 4015 2140 4096 proponit
2180 4016 2466 4077 Israelitis
2505 4014 2834 4093 eligendam
2867 4016 2964 4073 vi-

630 4074 970 4178 F‘ffigffilfffilu'
1070 4103 1191 4156 tam
1221 4106 1279 4157 et
1305 4106 1566 4172 mortem,
1601 4098 1776 4156 Deut.
1805 4116 1954 4157 xxx.
2001 4100 2094 4172 15,
2124 4104 2184 4157 et
2211 4105 2374 4174 optat
2399 4114 2599 4156 eorum
2627 4096 2958 4155 conversio-

1072 4194 1223 4251 nem,
1258 4179 1429 4237 Deut.
1460 4176 1652 4235 xxxii.
1681 4178 1778 4251 29,
1811 4178 2122 4254 compellat
2160 4176 2476 4237 instructos
2494 4177 2620 4254 Jam
2657 4184 2718 4234 et
2743 4176 2960 4235 illumi-

548 4259 735 4329 natos,
764 4260 831 4321 ut
858 4264 1167 4332 operentur
1192 4276 1297 4334 pro
1322 4258 1588 4315 libertate
1614 4256 1769 4331 data,
1792 4276 1911 4315 non
1937 4256 2218 4333 infideles,
2243 4256 2384 4317 etin
2405 4256 2674 4315 sordibus
2701 4275 2770 4315 ac
2795 4263 2958 4315 tene-

548 4334 669 4394 bris
695 4334 911 4401 nativis
932 4335 1212 4413 jacentes,
1243 4336 1317 4395 de
1345 4336 1557 4414 quibus
1583 4336 1682 4395 hio
1717 4338 1928 4413 agitur.
2013 4336 2258 4410 Deinde,
2291 4336 2342 4395 si
2371 4335 2474 4413 qui
2509 4334 2742 4395 fuerunt
2767 4334 2960 4395 adhuc

546 4415 845 4493 irregeniti
884 4416 949 4475 in
988 4423 1145 4483 statu
1184 4416 1422 4494 peccati,
1452 4426 1519 4476 ut
1556 4416 1838 4494 plurimos
1865 4416 2048 4477 fuisse
2075 4417 2316 4476 dubium
2353 4436 2472 4475 non
2499 4424 2606 4489 est,
2637 4436 2714 4474 cx
2761 4418 2790 4473 1
2823 4416 2958 4475 Cor.

546 4516 609 4555 x.
638 4498 695 4573 5,
727 4496 883 4557 Heb.
912 4496 993 4557 iv.
1024 4500 1079 4571 6,
1112 4498 1167 4571 9,
1196 4496 1315 4555 illis
1362 4497 1472 4559 hac
1512 4496 1736 4557 ratione
1777 4496 1855 4555 ad
1893 4498 2112 4557 bonum
2139 4494 2475 4574 eligendum
2501 4514 2620 4555 non
2653 4495 2826 4553 simul
2853 4496 2957 4554 tri·

544 4574 675 4635 buit
718 4576 877 4637 vires
914 4577 979 4639 id
1004 4576 1260 4655 eligendi
1288 4577 1411 4637 sine
1440 4576 1664 4653 gratia3
1707 4576 1814 4636 sed
1842 4575 2014 4637 docet
2053 4576 2322 4653 officium,
2351 4584 2419 4636 ut
2459 4576 2646 4637 sciant
2685 4574 2826 4654 quid
2852 4573 2958 4634 eli-

545 4672 685 4749 gere
710 4655 789 4719 sit
826 4658 1163 4735 consultius,
1194 4665 1253 4719 et
1276 4656 1423 4735 quid
1460 4675 1497 4719 a
1526 4656 1654 4726 Deo
1683 4664 1880 4733 petere
1905 4657 2174 4735 debeant,
2203 4665 2271 4717 ut
2295 4676 2402 4735 per
2429 4656 2676 4743 grptiam
2713 4654 2968 4732 promis—.-
