3300 5225
542 367 670 430 212
1372 419 1389 430 .
1468 383 1654 426 Locus
1679 383 1950 428 rrimus.
2537 363 2800 450 [eumer.
2827 387 2958 430 ιιι.

544 522 775 590 mendo·
782 524 975 602 legem
990 529 1058 586 ut
1080 523 1183 584 lex
1210 530 1328 601 est3
1356 523 1461 584 sed
1480 543 1605 586 non
1624 525 1892 586 est'liber
1915 533 1976 586 et
1989 523 2290 586 absolutus
2309 523 2384 584 ab
2403 524 2564 585 omni
2587 527 2830 586 materia
2851 528 2964 588 Le-

550 607 661 684 gis,
690 613 759 668 ut
783 605 1111 682 oppositum
1136 605 1263 682 ejus
1290 605 1475 683 possit
1500 613 1602 665 aut
1626 607 1954 684 praecipere,
1984 613 2085 666 aut
2110 605 2234 683 ipse
2260 605 2467 681 facere,
2495 625 2556 666 v.
2585 627 2644 685 g.
2671 616 2740 667 nt
2765 608 2966 670 credat

550 707 613 748 se
640 705 757 744 non
786 705 913 746 esse
942 685 1151 760 Deum,
1180 693 1241 746 et
1264 684 1395 746 aliis
1422 685 1660 748 mandet
1683 687 1796 748 hoc
1817 686 2068 762 credere,
2088 685 2248 764 quod
2265 685 2378 764 piae
2397 706 2566 748 aures
2581 687 2710 748 sine
2725 689 2966 750 horrore

548 765 751 829 audire
777 783 895 823 non
920 773 1185 843 possunt.

574 874 581 884 ·
630 845 754 908 XI.
796 845 965 908 Licet
988 845 1193 908 divina
1214 844 1505 906 Voluntas
1532 844 1611 905 sit
1634 844 1974 923 simpliciter
1997 843 2182 904 libera
2209 843 2284 904 ad
2309 853 2493 922 extra,
2517 853 2712 906 tamen
2729 867 2808 906 ex
2827 867 2964 927 sup-

549 926 837 1005 positione
878 925 1051 986 unius
1094 933 1258 984 actus
1298 923 1467 984 liberi
1506 932 1700 1002 potest
1741 922 2076 984 necessitari
2115 924 2192 982 ad
2217 925 2394 984 alium
2416 947 2433 1000 ς
2491 934 2558 986 ut
2585 927 2638 986 si
2661 927 2807 987 velit
2831 949 2964 1006 pro·

548 1007 777 1066 mittere
820 1004 1107 1081 absolute,
1147 1024 1267 1064 non
1304 1011 1499 1082 potest
1536 1024 1655 1063 non
1695 1003 2039 1082 promissum
2078 1003 2319 1083 implere
2339 1027 2356 1081 3
2399 1004 2452 1066 si
2493 1006 2624 1066 vult
2661 1006 2822 1085 loqui
2863 1017 2968 1068 aut

552 1106 617 1148 se
660 1085 937 1160 revelare,
983 1083 1307 1146 necessario
1348 1083 1523 1144 debet
1563 1083 1820 1144 revelare
1863 1103 2065 1144 verum
2087 1107 2105 1160 3
2147 1085 2200 1144 si
2239 1084 2368 1144 vult
2407 1086 2749 1162 gubernare,
2791 1088 2972 1148 debet

544 1167 704 1244 juste
732 1165 1071 1244 gubernare.
1154 1164 1250 1224 Ita
1274 1163 1549 1224 voluntas
1572 1162 1774 1222 divina
1797 1183 1915 1222 non
1941 1171 2134 1242 potest
2159 1163 2528 1224 determinari
2553 1186 2632 1225 ex
2665 1187 2728 1227 se
2753 1169 2964 1228 acl-vo-

552 1244 789 1308 lendum
814 1253 881 1308 ut
908 1244 1131 1322 aliquid
1156 1243 1233 1304 sit
1259 1251 1359 1303 aut
1372 1263 1491 1303 non
1518 1243 1613 1319 sit,
1632 1243 1738 1304 sed
1751 1243 1900 1302 bene
1917 1243 2285 1306 determinari
2303 1252 2496 1321 potest
2521 1254 2788 1326 respectu
2807 1268 2966 1310 com-

550 1325 857 1406 plexorum
884 1325 961 1386 ad
985 1323 1389 1386 rectitudinem
1414 1343 1613 1386 eorum
1640 1343 1770 1400 quas
1797 1331 1954 1398 sunt,
1979 1331 2082 1385 aut
2105 1345 2237 1402 quae
2263 1324 2394 1384 vult
2419 1345 2566 1386 esse.

634 1404 793 1464 XII.
834 1405 1119 1466 Peccatur
1144 1403 1219 1464 ab
1246 1403 1479 1464 homine
1506 1403 1834 1466 immediate
1863 1403 1926 1462 in
1953 1403 2174 1481 Legem
2201 1404 2316 1464 Dei
2343 1406 2674 1482 revelatam,
2705 1407 2808 1466 sed
2828 1428 2964 1485 pec-

553 1493 718 1545 catur
744 1485 919 1544 etiam
944 1484 1193 1543 mediate
1222 1493 1281 1544 et
1308 1491 1724 1561 consequenter
1743 1483 1805 1541 in
1823 1484 2015 1543 Deum
2035 1485 2336 1544 authorem
2359 1485 2536 1562 Legis
2557 1495 2616 1546 et
2631 1505 2966 1563 supremum

555 1565 871 1626 Dominum
897 1563 1001 1642 qui
1028 1563 1245 1641 Legem
1261 1562 1411 1624 fixit.
1476 1564 1574 1624 Sic
1588 1571 1890 1641 peccatum
1906 1572 2132 1644 sem'per
2151 1574 2347 1624 manet
2361 1565 2544 1641 ἰκμάς
2563 1573 2682 1624 tam
2697 1577 2967 1644 respectu

554 1643 735 1726 Legis
760 1653 1015 1707 externa
1040 1643 1331 1720 revelatas,
1360 1662 1534 1722 quam
1562 1651 1790 1703 aeternae
1815 1662 1948 1722 quae
1975 1643 2251 1706 fundatur
2275 1643 2338 1705 in
2363 1645 2669 1706 sanctitate
2698 1645 2832 1708 Dei.

1436 1881 1828 1962 QUAEsno
1873 1883 2070 1948 xrx,

1492 2061 1575 2104 nn
1600 2061 1874 2108 mamm
1899 2063 2026 2106 nm.

566 2163 581 2170 -
618 2167 728 2265 'An
752 2204 991 2265 Justitia
1028 2203 1387 2272 Vindicatm‘x
1411 2203 1483 2266 eit
1505 2206 1637 2265 Deo
1663 2204 1990 2269 natur-ala!
2047 2203 2275 2266 Affirm.
2297 2213 2498 2268 contra
2527 2205 2886 2268 Socinianos.
2967 2241 2976 2283 ·.

570 2345 579 2358 ⁵
636 2365 687 2424 1.
730 2363 832 2424 Ad
857 2364 1235 2424 Voluntatem
1286 2363 1400 2425 Dei
1438 2363 1728 2443 pertinent
1764 2365 2025 2442 Virtutes,
2066 2384 2198 2444 quse
2227 2367 2356 2428 Deo
2396 2366 2574 2428 tribui
2609 2368 2814 2443 solent,
2843 2386 2962 2426 non

552 2445 661 2507 sub
688 2445 911 2505 ratione
936 2443 1170 2504 habitus
1197 2444 1274 2502 ad
1296 2445 1844 2506 modum-virtutum·
1868 2446 2248 2506 humanarum
2269 2467 2287 2521 3
2328 2446 2434 2506 sed
2493 2453 2738 2506 uatenus
2759 2455 2966 2506 notant

550 2523 960 2604 perfectionem
982 2543 1111 2584 eam
1126 2545 1257 2602 quae
1276 2533 1367 2584 est
1380 2525 1443 2583 in
1457 2524 1678 2600 habitu,
1703 2533 1762 2584 et
1774 2525 2286 2604 promptitudinem
2307 2545 2457 2602 agen
2502 2525 2515 2539 ⁸
2541 2547 2556 2600 ;
2599 2525 2736 2585 licet
2755 2525 2830 2584 de
2849 2546 2962 2584 cae·

552 2614 677 2667 tero
693 2605 767 2665 ab
796 2605 1045 2666 essentia
1061 2625 1177 2665 non
1194 2603 1480 2665 differant.
1524 2603 1777 2665 Possunt
1805 2614 2000 2665 autem
2015 2604 2132 2665 illae
2147 2603 2228 2662 ad
2241 2603 2726 2686 duas-praecipuas
2741 2603 2958 2683 referri,

550 2706 683 2763 quse
709 2686 853 2745 alias
880 2686 989 2746 sub
1016 2705 1079 2746 se
1106 2686 1584 2763 complectuntur,
1603 2686 1898 2745 Jmtitiam
1923 2692 1984 2747 et
2009 2685 2348 2745 Bonitatem.
2408 2684 2524 2743 Illa
2547 2692 2638 2745 est
2664 2704 2783 2762 qua
2798 2685 2963 2745 Deus

550 2766 613 2825 in
642 2786 707 2825 se
734 2776 967 2827 sanctus
994 2775 1084 2827 est
1110 2774 1169 2825 et
1202 2766 1417 2844 justus,
1446 2772 1506 2826 et
1546 2772 1908 2825 constantem
1934 2763 2296 2827 voluntatem
2317 2763 2497 2824 habet
2537 2783 2708 2823 suum
2751 2765 2962 2842 cuique

549 2845 863 2907 tribuendi.
947 2847 1087 2923 Ista,
1117 2865 1233 2923 qua
1262 2846 1423 2907 Deus
1450 2864 1674 2904 summe
1700 2844 1888 2905 bonus
1915 2844 2080 2904 conci
2119 2843 2251 2919 itur,
2281 2851 2342 2903 et
2367 2843 2554 2903 omnis
2581 2842 2722 2903 boni
2747 2843 2934 2907 dator.

566 2980 573 2985 ,
1154 2924 1241 2983 ΙΙ.
1278 2926 1529 2987 ἆωᾶιίω
1554 2943 1692 3001 vox,
1720 2932 1790 2983 ut
1835 2923 1909 2983 de
1952 2942 2022 2983 ea
2103 2923 2321 2983 icamus
2362 2924 2628 3001 primum,
2657 2924 2722 2983 in
2749 2943 2962 3001 genere

550 2992 582 3041 ³
584 2993 759 3097 &⁵22⁸
746 2993 893 3097 “212²
923 2992 1029 3037 ¹¹²⁵·
1068 3003 1333 3063 bifariam
1360 3003 1625 3082 usurpari
1642 3003 1828 3080 solet3
1869 3003 1969 3065 vel
1993 3022 2102 3080 pro
2119 3002 2390 3063 universo
2407 3004 2664 3064 omnium
2679 3003 2965 3065 virtutum

888 3080 901 3094 '
1071 3083 1393 3159 complexu,
1438 3092 1504 3143 ut
1542 3082 1831 3160 injustitia
1867 3102 1974 3161 pro
2013 3082 2224 3160 quovis
2263 3090 2500 3160 peccato
2537 3084 2800 3159 sumitur,
2829 3104 2963 3161 quse

535 3167 763 3245 justitia
788 3163 1117 3223 universalis
1144 3161 1370 3239 dicitur,
1400 3184 1505 3241 per
1530 3182 1704 3240 quam
1733 3172 1800 3223 ut
1827 3162 1990 3224 Deus
2016 3162 2080 3223 in
2107 3182 2169 3225 se
2190 3163 2556 3241 justissimus
2591 3172 2682 3225 est
2707 3172 2768 3223 et
2793 3184 2960 3225 sanc·

550 3246 827 3319 tissimus,
856 3242 941 3302 ita
966 3244 1027 3299 in
1054 3241 1323 3301 omnibus
1350 3242 1619 3319 operibus
1665 3244 1786 3304 suis
1813 3243 2202 3322 incorruptam
2243 3252 2438 3304 servat
2471 3244 2874 3305 rectitudinem
2901 3253 2966 3304 et

540 3323 851 3405 justitiam,
873 3322 967 3381 cui
986 3322 1161 3399 longe
1180 3321 1491 3400 perfectius
1511 3324 1788 3401 competit
1807 3323 1967 3402 quod
1984 3323 2058 3383 de
2067 3324 2298 3402 justitia
2315 3325 2572 3387 humana
2584 3325 2736 3385 dixit
2758 3326 2958 3404 Poeta,

1128 3481 1211 3545 'Er
1238 3479 1289 3543 δί
1313 3479 1586 3564 δικαιοσύνῃ
1606 3481 1890 3552 συλλήβδην
1915 3483 2048 3545 m‘s'e'
2077 3484 2210 3564 ὦρτ’
2239 3481 2362 3544 ἔστι.

552 3642 655 3703 Ad
681 3663 809 3704 eam
834 3644 1125 3723 pertinent
1150 3644 1212 3704 in
1240 3644 1430 3724 specie
1448 3644 1782 3723 Bmiquitas
1807 3652 1868 3705 et
1893 3643 2290 3723 Benefloentia,
2315 3642 2647 3705 Omwtantid
2666 3650 2727 3704 et
2745 3644 2958 3705 Fideli-

550 3734 639 3785 tas
667 3725 727 3783 in
753 3725 1051 3805 promissis
1076 3725 1402 3803 implendis,
1432 3746 1563 3804 quae
1592 3724 1908 3803 saepissime
1939 3726 2002 3785 in
2033 3723 2329 3802 Scriptura
2339 3724 2576 3800 jmtitiae
2601 3724 2831 3785 nomine
2857 3744 2960 3784 ve-

564 3830 671 3899 'V‘ss
690 3851 1011 3911 “rmum“-
1072 3806 1455 3963 ῒᾷἳξῖηἶξῖ
1479 3806 2028 3966 ξὲῃῇᾜξῗὲᾲ
1993 3805 2274 3944 “m
2199 3803 2962 3963 ‘’qffissfflofifffflssussl

550 3975 660 4041 tur,
692 3986 821 4043 quae
849 3966 1198 4026 dssmzutiva
1224 3966 1446 4041 diciacr,
1476 3966 1746 4043 quamvis
1772 3966 1924 4025 circa
1950 3965 2187 4044 praemia
2211 3964 2454 4042 piorum,
2481 3974 2550 4027 ut
2581 3985 2688 4025 suo
2714 3966 2843 4026 loco
2869 3964 2960 4024 di·

549 4055 727 4122 cetur,
758 4064 875 4104 non
902 4046 1157 4124 ipsorum
1184 4046 1405 4122 merita,
1436 4045 1540 4105 sed
1566 4065 1675 4105 sua
1699 4045 1854 4105 dona
1878 4052 2134 4113 coronet,
2165 4054 2227 4106 et
2266 4048 2360 4105 det
2372 4046 2570 4122 pocius
2603 4048 2762 4139 quod
2796 4066 2960 4105 suum

548 4136 646 4201 est,
670 4146 843 4203 quam
866 4128 1077 4185 reddat
1100 4128 1255 4203 quod
1277 4136 1545 4201 nostrum,
1574 4134 1643 4186 ut
1671 4126 1890 4186 Concil.
1912 4124 2126 4187 Araus.
2149 4146 2218 4186 ca
2260 4170 2276 4185 .
2295 4126 2446 4185 xxii.
2465 4125 2740 4203 loquitur.
2784 4126 2962 4188 Unde

548 4204 813 4267 nontam
839 4206 1067 4287 proprie
1094 4226 1269 4284 quam
1310 4206 1609 4283 analogice
1652 4206 1782 4265 Deo
1819 4206 2110 4269 tribuitur.
2255 4205 2296 4266 d
2326 4206 2788 4267 Gemmatum-’vam
2817 4224 2958 4265 vero

548 4285 709 4367 quod
734 4286 957 4362 attinet,
988 4304 1119 4363 quse
1144 4287 1571 4365 proportionem
1599 4286 2017 4347 arithmeticam
2035 4294 2246 4361 servat,
2271 4306 2404 4346 cum
2429 4286 2493 4347 in
2513 4285 2635 4346 dati
2651 4294 2710 4346 et
2735 4284 2958 4363 accepti

548 4366 877 4446 aequalitate
904 4366 1093 4445 posita
1120 4366 1211 4442 sit,
1243 4374 1303 4426 et
1327 4384 1432 4444 per
1458 4386 1585 4426 eam
1627 4366 1945 4426 dominium
1985 4366 2377 4440 transferatur,
2407 4385 2652 4444 quorum
2687 4373 2962 4427 neutrum

548 4449 621 4508 de
651 4448 780 4507 Deo
807 4446 924 4506 dici
950 4454 1158 4525 potest,
1182 4447 1326 4513 Ques
1352 4448 1513 4523 enim,
1533 4448 1709 4524 prior
1734 4448 1888 4507 dedit
1911 4447 1978 4525 σι’,
2007 4457 2072 4507 ut
2095 4449 2374 4507 reddatur
2395 4448 2454 4506 ci
2469 4448 2500 4507 ‚²
2541 4446 2710 4506 Rom.
2745 4444 2828 4507 xi.
2857 4447 2954 4521 35,

542 4542 675 4589 cam
703 4549 740 4588 a
768 4528 895 4587 Deo
922 4526 1331 4597 removendam
1360 4547 1487 4587 esse
1515 4548 1647 4588 cum
1675 4527 2000 4587 sanioribus
2030 4526 2405 4587 Scholasticis
2431 4542 2749 4585 censemus.

629 4608 749 4667 111.
795 4608 1037 4684 Rursus,
1065 4608 1304 4668 Justitia
1332 4607 1550 4668 Divina
1574 4616 1768 4687 potest
1792 4606 2160 4682 considerari,
2189 4607 2288 4667 vel
2311 4608 2558 4667 absolute
2573 4612 2633 4665 et
2647 4604 2709 4664 in
2733 4624 2816 4681 se,
2839 4624 2958 4682 quo

544 4698 715 4769 pacto
744 4688 888 4750 nihil
914 4688 1076 4751 aliud
1098 4698 1207 4768 est,
1236 4690 1411 4768 quam
1439 4690 1678 4751 Naturae
1697 4687 1937 4765 Divinas,
1948 4686 2236 4748 rectitudo
2253 4694 2316 4749 et
2335 4684 2632 4765 perfectio,
2649 4705 2781 4764 quae
2797 4684 2959 4752 dicta
