3300 5225
372 376 599 429 ασκεω.
630 357 767 439 nn]
1332 378 1410 418 nn
1440 377 1786 421 semrom.
2659 368 2771 425 105

372 520 647 579 Lectione
679 521 753 576 12
782 516 857 576 de
886 516 1237 576 Punctorum
1264 517 1623 595 antiquitate,
1653 518 1801 578 bene
1829 516 2132 595 observat3
2181 518 2394 587 Quoad
2427 540 2640 597 sonum,
2671 522 2770 600 ait,

370 609 427 659 et
449 602 717 674 valorem,
760 600 947 657 nullus
972 597 1261 673 neqaverit
1283 600 1355 656 ab
1382 599 1597 675 oriqt'ne
1606 598 1792 673 fidam
1807 608 2026 674 puncta
2051 608 2107 657 et
2129 609 2402 675 accentus,
2431 603 2536 659 sed
2559 611 2774 661 tantum

370 681 565 757 quoad
584 678 749 755 signa
775 686 830 735 et
854 678 1223 735 characteres.
1309 678 1390 735 Et
1429 678 1603 755 paulo
1628 685 1778 756 post,
1819 679 2050 737 Vocalee
2072 681 2317 753 ficerunt
2340 700 2542 739 cooevoe
2580 702 2772 741 conso·

369 760 629 817 nantibus
654 760 850 833 quoad
871 756 983 815 vim
1007 758 1345 815 substratam
1392 766 1447 815 et
1469 776 1649 833 sonos,
1699 758 1921 817 tametsi
1942 758 2130 837 apices
2156 768 2211 817 et
2232 760 2446 837 fiqurae
2471 763 2542 819 de
2577 762 2774 837 quibus

370 838 579 914 agitur,
610 840 786 895 lucem
812 845 944 894 tunc
989 836 1253 911 temporis
1278 838 1526 895 nondum
1551 837 2126 913 aspexissent.1mo
2154 839 2259 896 vix
2287 838 2537 897 dubitari
2563 848 2773 918 potest,

370 917 619 991 vocaleS,
650 915 819 975 sinon
844 913 1047 977 eadem
1072 914 1261 992 figura
1284 934 1401 993 qua
1426 934 1579 975 nunc
1604 916 1938 993 pinguntur,
1967 917 2183 977 notulis
2210 926 2402 977 tamen
2429 919 2776 996 quibusdam

370 997 501 1055 vice
545 1002 889 1073 punctorum
920 992 1255 1071 designatas
1297 1014 1441 1070 esse,
1472 1014 1530 1053 v.
1560 1015 1620 1071 g.
1648 1014 1752 1072 per
1777 995 1974 1054 literas
2014 1020 2103 1071 -οικ,
2149 1005 2215 1055 nt
2254 998 2490 1074 quidam
2517 1008 2773 1075 censent,

371 1095 501 1153 quas
528 1082 831 1152 propterea
854 1082 1065 1132 matres
1092 1073 1336 1132 lectionis
1362 1073 1647 1149 dicuntur,
1667 1083 1734 1134 ut
1761 1082 1952 1133 certus
1978 1082 2038 1133 et
2053 1084 2324 1135 constans
2349 1085 2546 1154 posset
2573 1079 2773 1137 haberi

374 1154 624 1232 Spiritus
654 1154 715 1213 S.
744 1172 982 1228 sensus3
1025 1153 1126 1229 qui
1153 1153 1297 1211 alias
1324 1173 1360 1211 a
1385 1172 1543 1211 mera
1569 1152 1920 1229 Traditione,
1970 1162 2031 1212 et
2073 1154 2370 1213 hominum
2413 1156 2774 1217 institutione

370 1254 439 1293 ac
465 1231 743 1292 memoria
781 1231 1056 1309 pendenS,
1087 1231 1255 1291 facile
1281 1232 1565 1309 potuisset
1608 1232 1888 1290 oblivioni
1934 1233 2100 1309 tradi,
2151 1243 2211 1292 et
2256 1235 2597 1311 adulterari3
2641 1256 2773 1313 quae

372 1312 657 1373 sententia
682 1320 773 1371 est
799 1310 1135 1371 Doctissimi
1172 1312 1433 1387 Waltoni,
1466 1311 1697 1389 Proleg.
1727 1315 1783 1387 ⁷,
1832 1310 1906 1370 ad
1934 1312 2088 1371 Bibl.
2121 1312 2495 1391 Polyglotta:
2537 1316 2642 1372 Ex
2667 1335 2774 1375 asu

370 1392 575 1469 inquit,
605 1402 661 1451 et
682 1393 977 1467 Major-um
1008 1392 1335 1451 Traditione
1360 1411 1467 1467 ope
1494 1392 1664 1449 trium
1691 1392 1986 1449 literarum
2022 1412 2095 1466 -ηις
2127 1410 2255 1469 quoe
2279 1402 2488 1452 matres
2529 1394 2774 1454 lectionis

371 1482 644 1532 vocantur
670 1480 725 1531 et
746 1480 877 1530 ante
892 1480 1237 1548 punctorum
1263 1471 1627 1531 inventionem
1655 1473 1776 1530 loco
1801 1470 2076 1531 vocalium
2117 1480 2298 1549 erant,
2339 1492 2480 1533 vera
2519 1474 2677 1533 lectio
2719 1483 2775 1535 et

362 1550 762 1629 pronunciatio
789 1560 1119 1610 conservata
1129 1550 1232 1627 fiai
1208 1560 1267 1611 tt.

452 1630 643 1690 XIII.
686 1633 743 1689 4.
774 1630 973 1690 Gratis
1017 1638 1348 1709 supponunt
1390 1628 1733 1689 Adversarii
1774 1629 1932 1707 quod
1973 1629 2332 1708 probandum
2373 1630 2500 1708 fuit,
2549 1632 2774 1692 Puncta

370 1730 571 1771 recens
613 1719 672 1769 et
712 1710 1028 1769 humanum
1070 1730 1199 1769 esse
1241 1710 1559 1786 inventum,
1606 1710 1772 1787 cujus
1821 1709 2167 1769 contrarium
2220 1729 2433 1788 magno
2487 1731 2772 1772 consensu

371 1791 415 1851 J
418 1790 570 1850 udan
608 1789 904 1865 hactenus,
949 1797 1158 1867 praeter
1198 1808 1378 1849 unum
1424 1789 1615 1847 Eliam
1661 1788 1944 1864 Levitam,
1988 1788 2089 1867 qui
2132 1797 2264 1849 ante
2308 1810 2490 1850 annos
2539 1800 2770 1851 centum

370 1870 972 2025 mm&
998 1868 1305 2024 ἓὲἒέιοῗὲῗ
1347 1868 2195 2025 ἓξὲῗωᾝᾞὲῗὲῗῑεῖῗ
2217 1870 2771 2027 αοὲὶῗηῖῗᾞὲῥέἓιῗ

369 2029 729 2101 Reuchlinus,
758 2028 1101 2101 Mumterus,
1136 2026 1475 2100 Cevalerius,
1517 2026 1826 2101 Paqm'nus,
1872 2026 1956 2084 Μ.
1986 2028 2269 2103 zuar-inus,
2301 2031 2571 2105 Polanue,
2611 2032 2766 2090 Deo·

372 2112 556 2183 dam,
586 2106 1001 2181 Brouqthonue,
1046 2104 1305 2180 Μιιίειιω,
1338 2070 1637 2178 Tail’orius,
1685 2105 1938 2179 Bootius,
1968 2106 2321 2181 Liqtf'ootius,
2350 2108 2606 2166 maxima
2635 2128 2771 2185 pars

368 2151 687 2244 recen’tium
713 2183 1157 2259 Theologorum‚
1188 2190 1248 2241 et
1273 2183 1375 2260 qui
1414 2202 1583 2241 omne
1625 2192 1903 2259 punctum
1929 2182 2199 2243 videntur
2240 2186 2335 2243 hic
2375 2187 2578 2245 tulisse
2605 2190 2768 2245 Bux-

372 2264 525 2343 tovfii
546 2270 710 2340 pater
749 2270 809 2325 et
846 2261 1019 2336 filius,
1052 2262 1163 2320 1110
1204 2261 1265 2318 in
1306 2281 1411 2321 sua
1437 2260 1759 2337 Tiberiade,
1791 2261 1956 2320 Iste
1941 2281 2002 2319 ιιι
2029 2262 2376 2321 solidissimo
2417 2283 2588 2341 opere
2615 2264 2773 2341 quod

372 2342 642 2420 opposuit
675 2342 908 2400 Arcano
946 2340 1335 2400 Punctationis
1373 2342 1660 2399 Revelato.
1745 2340 1868 2399 Nec
1912 2339 2142 2399 difficile
2185 2349 2340 2400 esset
2379 2342 2557 2401 variis
2599 2362 2771 2420 argu-

370 2421 581 2481 mentis
607 2422 757 2480 hanc
786 2420 1129 2480 sententiam
1156 2419 1509 2496 confirmare,
1540 2418 1591 2479 si
1617 2420 1681 2478 id
1717 2438 1871 2479 nunc
1898 2438 2234 2495 ageremus,
2281 2420 2397 2480 Sed
2425 2441 2556 2481 eum
2584 2441 2768 2498 quaes-

370 2502 453 2561 tio
482 2502 593 2561 ista
619 2501 807 2577 magis
835 2500 1101 2559 videatur
1128 2499 1536 2575 Grammatica,
1567 2518 1742 2577 qnam
1770 2499 2139 2576 Theologica,
2169 2508 2424 2559 nostram
2451 2501 2614 2560 litem
2639 2520 2769 2560 eam

368 2581 638 2642 nolumus
664 2580 886 2640 facere.
928 2579 1127 2641 Verbo
1153 2587 1385 2640 notasse
1414 2578 1674 2656 sufficiat,
1704 2577 1988 2638 veriorem
2029 2588 2090 2639 et
2127 2580 2398 2639 tutiorem
2424 2580 2592 2641 nobis
2620 2600 2768 2640 sem-

367 2681 473 2740 per
497 2661 701 2736 visam,
732 2661 807 2720 ad
835 2661 1059 2720 Textua
1102 2659 1401 2737 originalis
1428 2660 1668 2718 αὖοιηῶιι
1709 2659 1990 2719 adversus
2032 2659 2254 2736 quaevis
2297 2660 2664 2738 profanorum
2709 2669 2770 2722 et

368 2741 767 2801 haereticorum
800 2740 1011 2798 cavilla
1055 2747 1267 2798 sartam
1310 2747 1635 2816 tectamque
1683 2738 2152 2815 conservandam,
2183 2739 2260 2798 ad
2303 2748 2521 2799 certum
2564 2741 2764 2799 immo-

366 2829 605 2897 tumque
649 2819 785 2878 fidei
827 2818 1170 2896 principium
1216 2818 1698 2893 constituendum,
1747 2818 1906 2876 illam
1933 2839 2063 2895 quae
2093 2819 2317 2878 Puncta
2357 2819 2598 2896 originis
2641 2839 2768 2878 esse

366 2899 581 2958 divinae
609 2899 826 2974 statuit,
852 2898 977 2956 sive
1003 2917 1072 2956 ea
1098 2897 1173 2955 ad
1203 2898 1429 2956 Mosem
1457 2898 1581 2957 sive
1608 2897 1686 2956 ad
1714 2897 1958 2956 Esdram
1991 2897 2319 2974 Synagogae
2346 2918 2572 2975 magnae
2602 2899 2765 2957 Prin-

365 2979 551 3055 cipem
579 2978 897 3037 reserantur
915 2999 930 3052 ;
974 2985 1146 3053 atquc
1164 2976 1309 3035 adeo
1325 2997 1622 3055 perperam
1640 2977 2030 3036 Adversarios
2047 2997 2120 3038 ex
2138 2978 2396 3038 novitate
2416 2979 2768 3038 Punctorum

369 3056 599 3117 Codicis
629 3057 906 3117 Hebraici
934 3057 1339 3116 authoritatem
1366 3057 1704 3135 impugnare
1732 3056 1902 3116 velle.

1277 3294 1667 3371 QUAESTIO
1708 3294 1863 3354 XII.

365 3454 460 3512 An
491 3453 699 3512 Textus
726 3453 1049 3510 Hebraicus
1091 3453 1392 3512 hodiernus
1419 3462 1534 3512 tam
1562 3453 1718 3511 circa
1743 3472 1836 3510 res
1863 3471 2034 3528 quam
2061 3452 2216 3511 circa
2241 3455 2412 3512 verba
2443 3455 2526 3513 ita
2565 3455 2638 3513 eit
2663 3475 2764 3513 an-

446 3534 711 3592 thentictoe
736 3541 791 3591 et
812 3531 1153 3602 θτὸπνιυστος,
1178 3541 1242 3590 ut
1266 3535 1350 3591 ad
1372 3535 1487 3607 ejus
1512 3551 1775 3590 normam
1801 3531 2074 3590 universae
2101 3551 2227 3606 quoe
2248 3541 2444 3590 extant
2479 3535 2769 3592 Versiones

444 3611 557 3670 sint
582 3612 885 3686 eaiqendae,
905 3621 960 3670 et
982 3612 1156 3670 εἰσιώἰ
1179 3613 1465 3686 deflectunt
1488 3611 1822 3669 revocandae
1847 3610 1983 3667 sint.
1973 3611 1998 3650 ²
2037 3611 2132 3667 An
2147 3629 2279 3668 vero
2301 3610 2463 3668 liceat
2487 3612 2770 3668 lectionem

446 3709 618 3764 quam
658 3690 995 3765 suppeditat,
1037 3691 1090 3748 si
1128 3689 1309 3747 minue
1351 3689 1643 3746 commoda
1670 3687 1976 3761 judicetur,
2007 3690 2277 3763 deserere,
2307 3696 2362 3745 et
2401 3707 2526 3745 eam
2567 3692 2657 3746 vel
2695 3709 2771 3747 ex

458 3769 717 3826 Veterum
742 3769 1123 3842 Ιπεεφνεειιπι
1148 3766 1455 3841 collatione,
1484 3768 1573 3823 vel
1596 3767 1932 3841 quandoque
1957 3785 2032 3823 ex
2048 3767 2294 3841 proprio
2321 3767 2556 3842 judicio,
2587 3775 2642 3826 et
2661 3770 2766 3842 fa-

448 3848 931 3983 cNultatePnoxana
930 3873 991 3926 κῃ
1024 3847 1326 3923 com-tyere,
1356 3854 1411 3904 et
1434 3844 1613 3904 aliam
1636 3844 2066 3904 commodiorem
2089 3863 2273 3922 sequa.
2235 3845 2288 3887 ²
2349 3843 2515 3905 Affir.
2557 3847 2765 3923 Ριίιιε,

506 3944 581 4002 eg
679 3924 943 3986 osterluS.

448 4083 498 4141 I.
543 4082 629 4143 Ut
644 4083 868 4141 Textus
899 4083 1059 4142 Sacri
1085 4083 1305 4142 αὖθιιτίκ
1325 4081 1659 4160 primarium
1685 4089 1776 4141 est
1801 4081 1937 4141 fidei
1963 4082 2414 4160 fundamentum,
2444 4082 2592 4142 nihil
2617 4084 2762 4144 anti-

364 4162 537 4238 quius
578 4161 692 4240 piis
740 4161 1005 4222 omnibus
1048 4181 1177 4222 esse
1219 4163 1408 4237 debet,
1459 4181 1633 4240 quam
1675 4169 1743 4222 ut
1795 4161 2018 4222 illibata
2071 4173 2444 4222 conservetur
2485 4163 2766 4225 adversus

362 4261 562 4300 eorum
589 4240 885 4300 molimina
912 4242 1012 4319 qui
1038 4261 1165 4301 eam
1180 4243 1278 4301 vel
1304 4242 1534 4320 penitus
1551 4242 1893 4317 convellere,
1913 4243 2010 4300 vel
2037 4262 2381 4319 quocunque
2405 4242 2579 4302 modo
2606 4243 2762 4302 labe-

362 4319 578 4380 factare
606 4328 902 4380 conantur.
987 4322 1061 4379 In
1088 4341 1219 4380 enm
1236 4321 1409 4380 finem
1436 4319 1814 4399 praecedens
1787 4341 1914 4398 Jam
1942 4322 2206 4381 instituta
2232 4321 2341 4382 fuit
2359 4323 2764 4382 Controversia

364 4399 644 4460 adversus
673 4398 1041 4476 Pontificios;
1087 4400 1175 4459 Eo
1203 4401 1377 4460 etiam
1406 4408 1630 4479 spectat
1658 4400 1912 4475 Quaestio
1939 4401 2248 4494 proposita,
2293 4401 2354 4460 in
2381 4421 2496 4478 qua
2523 4401 2599 4460 ad
2625 4422 2760 4460 exa-

362 4499 496 4537 men
526 4488 828 4538 revocatur
846 4480 919 4538 R.
949 4489 1009 4539 et
1039 4481 1112 4539 D.
1134 4480 1263 4538 Viri
1290 4481 1565 4539 Ludovici
1582 4479 1846 4556 Gappelli
1869 4480 2170 4556 sententia,
2200 4481 2318 4557 qui,
2349 4489 2414 4540 ut
2441 4481 2762 4539 novitatem

365 4559 735 4633 Punctorum,
764 4566 1037 4635 tanquam
1067 4579 1267 4619 recens
1296 4560 1757 4619 Masoretharum
1784 4559 2100 4635 inventum,
2143 4560 2218 4618 ab
2245 4561 2497 4618 humana
2523 4559 2763 4635 proinde

362 4638 645 4699 industria
670 4603 735 4697 et,
754 4637 951 4698 labore
978 4639 1315 4717 profectum,
1346 4639 1618 4699 acerrime
1644 4639 2120 4717 propugnandam
2149 4639 2400 4717 suscepit
2444 4640 2504 4697 in
2531 4639 2762 4697 Arcano
