3300 5225
314 352 541 407 quaer.
572 337 733 419 και]
1278 354 1377 409 ,nr-2
1406 356 1748 401 sommum.
2613 341 2724 401 113

318 498 393 556 In
439 498 728 577 Hexaplis
771 496 1071 557 addiderat
1102 496 1260 558 ”duas
1305 499 1606 559 Editiones
1636 501 1936 575 Hebraeae,
1965 518 2140 559 unam
2183 500 2366 560 literis
2397 500 2724 576 Hebraicis,

314 578 557 637 alteram
578 578 763 638 literis
782 576 1021 639 Graecis.
1067 579 1140 636 In
1157 579 1416 657 Octaplis
1435 580 1682 658 denique
1701 582 1930 639 insertae
1949 588 2111 639 erant
2133 580 2268 639 duae'
2279 581 2410 639 aliae
2431 582 2728 640 versiones

320 658 543 717 Graecae
562 659 797 735 ὦνόνυμοι
814 659 857 719 J
860 657 1220 717 erichuntina
1241 667 1301 717 et
1318 660 1738 737 Nicopolitana,
1759 680 1932 737 quam
1952 660 2284 719 Editionem
2311 658 2576 719 nonnulli
2599 680 2724 738 sep—

315 738 517 797 timam
538 749 767 799 vocant.
814 739 1093 798 Octavam
1120 737 1341 797 addunt
1368 738 1613 798 lanciani
1637 740 1934 817 Martyria,
1958 740 2059 817 qui
2074 740 2465 818 praecedentes
2485 740 2730 800 feliciter

315 817 663 894 emendavit,
712 828 774 878 et
820 837 857 876 a
901 817 1547 895 constantinopolitanis
1588 818 1761 877 valde
1809 820 2179 897 comprobata
2225 829 2332 879 est.
2417 820 2586 879 Nona
2615 819 2731 879 fuit

315 898 587 974 Hesychii
608 918 781 976 quam
826 896 1101 973 AEgyptii
1144 904 1203 955 et
1230 896 1615 956 Alexandrini
1653 898 1904 975 amplexi
1933 908 2084 959 sunt.
2169 900 2412 959 Decima
2435 919 2610 977 quam
2651 918 2729 959 ex

322 977 667 1056 Hieronymi
699 976 907 1036 Latina
932 975 1143 1035 factam
1170 994 1299 1035 esse
1328 976 1593 1035 Graecam
1621 977 1869 1037 Veteres
1896 977 2187 1039 dixerunt.

296 1082 301 1086 ·
399 1055 513 1116 VI.
560 1057 781 1116 Latinae
808 1054 1123 1115 Versiones
1152 1063 1377 1115 veteres
1404 1056 1579 1113 variae
1608 1057 1781 1115 etiam
1809 1056 2288 1117 circumferuntur
2315 1058 2582 1136 primitus
2607 1056 2724 1117 fac-

318 1144 413 1212 tae,
442 1156 561 1195 non
586 1146 707 1197 tam
732 1156 809 1195 ex
835 1134 1109 1210 fontibus»,
1138 1154 1312 1211 quam
1340 1154 1415 1193 ex
1445 1136 1730 1195 Versione
1759 1137 1982 1195 Graeca.
2029 1137 2164 1197 Una
2189 1138 2546 1197 communior
2572 1137 2730 1196 dicta

318 1215 431 1275 fuit
456 1218 631 1293 Itala,
662 1225 728 1276 ut
754 1216 901 1292 Auq.
932 1222 1095 1274 notat
1122 1214 1223 1273 lib.
1254 1218 1309 1291 2,
1341 1214 1415 1273 de
1442 1214 1595 1273 doct.
1627 1214 1838 1275 Christ.
1869 1234 1920 1275 c.
1945 1218 2037 1274 15.
2101 1217 2250 1275 Duae
2277 1217 2407 1275 aliae
2434 1216 2728 1275 adornatas

320 1295 396 1353 ab
426 1296 806 1373 HieronymO,
834 1312 952 1354 una
977 1314 1054 1353 ex
1082 1294 1367 1353 Versione
1398 1294 1606 1353 LXX.
1636 1294 1834 1369 altera,
1865 1313 2039 1372 quam
2067 1292 2142 1353 ad
2169 1296 2472 1354 veritatem
2500 1296 2726 1354 Textus

323 1374 559 1434 Hebraei
585 1385 645 1436 et
673 1374 866 1435 Graeci
894 1372 1203 1451 diligenter
1228 1374 1496 1450 correxit,
1526 1394 1660 1452 quae
1687 1374 2050 1434 existimatur
2076 1394 2204 1433 esse
2232 1374 2490 1452 Vulgata
2517 1374 2729 1433 Versio

317 1454 612 1531 hodierna,
663 1452 767 1514 sed
809 1474 939 1531 quse
977 1472 1289 1531 progressu
1332 1454 1605 1532 temporis
1653 1452 2040 1513 diversimode
2087 1453 2198 1513 fuit
2241 1462 2524 1532 corrupta,
2570 1452 2728 1513 unde

315 1534 465 1593 varii
493 1536 623 1593 Viri
650 1534 805 1594 docti
832 1535 903 1593 L.
944 1535 1129 1608 Valla,
1158 1532 1222 1592 J.
1252 1536 1444 1593 Flaber
1462 1534 1829 1610 stapulensa,
1853 1534 2172 1610 Caietamae,
2196 1534 2373 1591 Arias
2398 1534 2726 1609 Montanus,

316 1623 379 1674 et
418 1614 534 1691 alii,
578 1614 959 1675 correctiones
1006 1613 1135 1692 ejus
1178 1621 1467 1673 notarunt.
1552 1614 1708 1672 Aliae
1751 1622 1888 1673 suut
1933 1613 2296 1689 recentiores,
2348 1612 2628 1691 superiori
2667 1622 2731 1673 et

317 1703 519 1754 nostro
560 1693 755 1755 seculo
782 1694 967 1769 factae,
997 1692 1205 1771 partim
1230 1694 1469 1769 Latinae,
1514 1694 1723 1769 partim
1751 1693 2076 1752 vernaculae
2116 1692 2178 1751 in
2218 1693 2348 1753 aliis
2373 1693 2608 1770 linguis,
2653 1692 2728 1751 de

314 1774 529 1851 quibus
555 1775 693 1852 quia
718 1772 1033 1833 notissimae
1062 1782 1213 1847 sunt,
1256 1773 1404 1831 nihil
1443 1774 1590 1850 opus
1632 1781 1722 1833 est
1750 1772 1957 1832 dicere.
2043 1772 2217 1833 Unde
2245 1782 2472 1833 constat
2497 1774 2726 1851 praxim

316 1852 495 1913 fuisse
524 1854 913 1913 Ecclesiamm
942 1860 1293 1929 perpetuam,
1323 1862 1391 1911 ut
1416 1850 1798 1911 Vel-sionibus
1824 1859 2139 1911 uterentur.

685 1940 717 1967 ⁸·
919 1931 1067 1990 VII.
1112 1930 1341 1989 Titulus
1370 1931 1571 1989 Crucis
1598 1950 1716 1989 non
1743 1931 1874 1990 ideo
1914 1931 2101 1991 tribus
2127 1932 2344 2009 linguis
2370 1940 2594 1991 tantum
2623 1928 2720 1991 de-

396 1997 741 2101 Ἑθξίξῗῃξοω·
845 2007 1093 2087 scriptus
1140 2017 1245 2083 est,
1292 2018 1358 2069 ut
1398 2018 1519 2067 tres
1571 2009 1690 2067 illae
1742 2010 1958 2086 linguae
2013 2020 2481 2069 consecrarentur
2519 2012 2579 2069 in
2617 2030 2733 2071 usu.

654 2086 667 2097 ‘
845 2107 1135 2146 sacrorum
1158 2110 1172 2161 ;
1217 2088 1321 2147 sed
1367 2088 1503 2163 quia
1556 2096 1721 2147 erant
1773 2097 1897 2147 tum
1943 2090 2218 2165 temporis
2257 2090 2628 2149 nobilissimae
2667 2098 2732 2149 et

315 2166 651 2241 notissimae,
707 2173 881 2243 atque
922 2165 1069 2224 adeo
1108 2165 1732 2241 accommodatissimas,
1775 2175 1842 2225 ut
1881 2166 2036 2225 fama
2075 2166 2148 2225 de
2203 2168 2431 2227 Christo
2471 2188 2727 2245 quaqua-

316 2264 551 2304 versum
577 2265 681 2323 per
704 2244 1037 2305 universum
1081 2244 1277 2303 orbem
1318 2245 1803 2322 disseminaretur,
1847 2246 2004 2323 quod
2045 2246 2154 2306 fuit
2196 2246 2308 2304 Dei
2349 2246 2406 2303 in
2448 2266 2518 2305 eo
2557 2247 2730 2307 titulo

316 2324 639 2384 consilium.

402 2404 584 2464 VIII.
630 2404 909 2464 Ecclesiae
950 2405 1143 2465 unitas
1184 2425 1299 2465 non
1341 2406 1574 2483 linguae,
1620 2405 1724 2465 sed
1765 2404 2046 2465 doctrinae
2087 2404 2308 2475 unitate
2336 2414 2725 2481 conservatur,

320 2485 471 2563 Eph.
500 2485 581 2545 iv.
612 2488 668 2561 3,
699 2493 759 2545 et
785 2484 971 2563 prima
999 2485 1257 2545 Consilia
1282 2506 1400 2545 non
1441 2486 1708 2545 obstante
1749 2486 2079 2563 linguarum
2107 2485 2441 2544 diversitate
2469 2485 2726 2563 legitime

214 2645 221 2652 ⁶
317 2574 532 2642 coacta,
562 2573 623 2626 et
649 2585 780 2626 cum
806 2564 999 2626 fructu
1024 2566 1315 2627 celebrata
1342 2574 1493 2628 sunt.

401 2647 521 2706 IX.
566 2647 847 2725 Majestas
879 2647 1191 2724 Scripturas
1227 2646 1421 2725 potius
1462 2667 1537 2706 ex
1566 2666 1740 2707 sensu
1770 2665 1944 2724 quam
1973 2665 2048 2705 ex
2071 2645 2285 2706 Verbis
2311 2646 2527 2721 oritur3
2572 2645 2730 2724 quod

321 2725 371 2783 si
397 2733 517 2784 tres
556 2725 685 2784 istae
726 2726 943 2804 linguae
972 2726 1243 2786 videntur
1285 2727 1646 2805 majestatem
1675 2746 1906 2804 augere,
1952 2725 2020 2785 fit
2063 2727 2176 2784 hoc
2213 2745 2317 2804 pcr
2343 2726 2611 2786 accidens
2651 2745 2727 2786 ex

321 2823 389 2863 su
465 2806 727 2865 rstitione
755 2806 1033 2884 imperitae
1060 2807 1395 2884 plebeculae,
1424 2826 1542 2864 non
1570 2827 1674 2884 per
1701 2826 1782 2866 se.

470 2929 485 2944 .
530 2885 661 2944 Non
689 2905 968 2964 negamus
995 2895 1113 2945 tres
1140 2887 1283 2946 istas
1307 2887 1555 2964 linguas,
1578 2894 1886 2964 postquam
1913 2885 2208 2946 desierunt
2227 2904 2354 2944 esse
2382 2885 2725 2961 vernaculae,

315 2972 569 3024 retentas
616 2985 742 3024 esse
786 2965 997 3044 saepius
1044 2967 1106 3025 in
1154 2966 1413 3026 coetibus
1458 2965 1797 3043 doctiorum,
1827 2975 1894 3026 ut
1921 2966 2126 3024 inillis
2153 2973 2213 3024 et
2239 2965 2554 3024 secundum
2595 2964 2730 3024 illas

316 3046 553 3122 negotia
596 3045 1005 3104 Ecclesiastica
1056 3054 1485 3124 peragerentur,
1544 3053 1605 3105 et
1644 3045 2062 3105 dei-imerentur
2116 3045 2565 3121 Controversiae3
2624 3045 2728 3104 sed

315 3144 433 3184 non
460 3124 673 3202 pariter
700 3144 869 3184 usum
895 3125 1223 3184 habuerunt
1238 3126 1390 3184 inter
1415 3126 1678 3202 populos,
1697 3135 1758 3185 et
1783 3125 1844 3182 in
1871 3145 1983 3184 usu
2001 3142 2310 3200 sacrorum,
2333 3124 2433 3183 ubi
2453 3124 2726 3184 uniuscu-

310 3204 527 3282 jusque
555 3203 877 3262 exercenda
894 3213 983 3263 est
1002 3204 1147 3264 fides
1169 3215 1228 3264 et
1245 3205 1495 3280 devoti0,
1522 3203 1605 3263 sic
1626 3212 1692 3264 ut
1719 3204 2009 3282 intelligat
2027 3225 2131 3281 pro
2149 3212 2323 3281 captu
2343 3202 2484 3280 quid
2499 3213 2727 3281 agatur.

399 3283 521 3342 XI.
564 3283 843 3359 Quamvis
870 3303 988 3342 non
1014 3303 1297 3362 negemus
1336 3285 1598 3362 linguam
1642 3284 1953 3343 Hebraeam
1993 3284 2056 3342 in
2083 3283 2419 3360 captivitate
2447 3302 2522 3341 ex
2561 3303 2727 3360 pere-

389 3362 613 3423 ‘norum
640 3363 983 3422 commercio
1009 3363 1161 3424 inter
1186 3365 1401 3441 vulgus
1429 3363 1589 3422 varie
1638 3373 1962 3440 corruptam
2003 3362 2199 3436 fuisse,
2243 3370 2305 3421 et
2333 3362 2648 3422 Chaldaica
2669 3371 2729 3422 et

364 3443 561 3520 yriaca
586 3445 770 3504 multa
796 3443 1081 3503 vocabula
1106 3443 1169 3501 in
1196 3463 1323 3503 eam
1352 3443 1702 3516 invaluisse3
1745 3461 1862 3499 non
1893 3442 2152 3518 sequitur
2190 3450 2384 3499 tamen
2425 3441 2578 3515 inde,
2623 3451 2729 3500 aut

315 3523 567 3582 Textum
594 3521 803 3600 quovis
830 3521 1003 3581 modo
1031 3522 1209 3582 fuisse
1248 3531 1551 3596 mutatum,
1596 3529 1698 3580 aut
1739 3539 1774 3577 a
1799 3521 2012 3596 populo
2053 3520 2147 3578 cui
2175 3518 2572 3578 inculcabatur
2610 3538 2728 3577 non

316 3601 691 3677 intellectum,
721 3603 861 3679 quia
888 3602 1214 3676 Zacharias,
1248 3602 1511 3678 Aggasus
1539 3607 1599 3658 et
1628 3598 1950 3656 Malachiae
1979 3598 2330 3674 scripserunt
2355 3597 2558 3673 lingua
2584 3617 2727 3674 pure

318 3678 629 3754 Hebraica,
660 3681 818 3757 quod
844 3700 961 3738 non
989 3681 1277 3755 fecissent,
1320 3679 1433 3738 nisi
1474 3676 1724 3755 populus
1764 3675 2164 3734 intellexisset.
2251 3674 2476 3733 Deinde
2506 3694 2579 3733 ex
2611 3676 2725 3734 Ne·

319 3757 473 3816 hem.
503 3759 624 3817 viii.
655 3760 711 3833 8,
742 3759 1037 3836 colligitur
1066 3759 1313 3818 Esdram
1353 3758 1569 3834 legisse
1608 3755 1821 3814 librum
1853 3755 2029 3831 Legis
2071 3771 2262 3813 coram
2303 3763 2426 3812 tota
2465 3755 2724 3815 multitu·

316 3835 468 3912 dine,
497 3836 574 3895 ad
600 3857 772 3915 quem
800 3837 1011 3896 dicitur
1038 3847 1258 3898 attenta
1298 3836 1492 3910 fuisse,
1536 3833 1696 3912 quod
1720 3853 1838 3892 non
1863 3842 2088 3911 poterat
2114 3842 2308 3893 tamen
2337 3834 2386 3892 si
2413 3853 2529 3893 non
2556 3835 2724 3894 intel-

314 3915 589 3992 lexisset3
636 3917 716 3975 Et
744 3916 793 3974 si
822 3916 1041 3976 Esdras
1068 3937 1199 3976 cum
1229 3915 1453 3975 Levitis
1494 3914 1706 3973 dicitur
1732 3914 2138 3992 interpretatus
2165 3933 2294 3990 quae
2321 3913 2570 3991 legebat,
2613 3915 2726 3975 hoc

316 3995 393 4054 ad
420 3995 840 4072 expositionem
868 4015 1073 4054 sensus
1100 4003 1160 4054 et
1202 4015 1393 4054 rerum
1420 3995 1674 4073 ipsarum
1701 3991 2061 4052 referendum
2089 4003 2196 4068 est,
2227 3993 2420 4070 potius
2447 4013 2622 4070 quam
2649 3995 2726 4052 ad

313 4074 748 4135 translationem
776 4095 1003 4134 vocum.

397 4153 553 4213 XII.
600 4154 766 4214 Licet
792 4154 1107 4214 Versiones
1136 4175 1253 4214 non
1282 4156 1399 4214 sint
1426 4153 1744 4215 formaliter
1769 4153 2115 4213 authenticae
2157 4160 2216 4211 et
2257 4151 2449 4230 quoad
2490 4153 2726 4212 modum

316 4234 696 4309 enunciandi;
743 4234 798 4292 N
800 4254 876 4292 on
904 4233 1035 4293 ideo
1062 4234 1253 4294 minus
1282 4235 1341 4293 in
1372 4234 1636 4293 Ecclesia
1663 4233 1922 4302 obtinere
1951 4233 2179 4306 debent,
2201 4231 2338 4308 quia
2365 4232 2414 4290 si
2442 4242 2724 4292 accuratae

316 4322 451 4373 sunt
478 4323 537 4374 et
565 4335 696 4374 cum
724 4313 979 4372 fontibus
1007 4315 1389 4390 consentiunt,
1436 4323 1569 4373 sunt
1612 4331 1836 4390 semper
1875 4303 2220 4371 authenticae
2249 4311 2633 4387 materialiter,
2665 4322 2726 4372 et

316 4393 509 4470 quoad
534 4414 629 4453 res
656 4393 1009 4454 enunciatas.
2443 4433 2454 4440 -

612 4540 622 4550 ⁸
926 4471 1116 4532 XIII.
1163 4472 1321 4532 Hinc
1346 4481 1509 4550 patet
1548 4491 1814 4550 quaenam
1865 4471 1940 4530 sit
1977 4472 2306 4529 Versionum
2353 4470 2682 4529 Aratha-itas
2699 4495 2724 4542 ;

318 4537 545 4588 Quanam
584 4545 651 4584 δή
682 4541 799 4585 Ver·
842 4552 978 4610 licet
1006 4552 1159 4611 enim
1187 4572 1383 4611 eorum
1424 4552 1645 4612 utilitas
1691 4552 1765 4610 sit
1812 4570 2024 4628 magna
2070 4549 2146 4608 ad
2189 4549 2444 4609 fidelium
2493 4550 2720 4608 institu-

312 4595 503 4641 sionum
513 4597 797 4644 authoritas.
868 4632 881 4645 .
2547 4627 2571 4643 ’
2669 4629 2683 4642 ·

838 4641 1071 4706 tlonem,
1118 4652 1237 4690 non
1282 4641 1473 4709 potest
1519 4639 1714 4691 tamen
1761 4641 1860 4690 aut
1887 4631 2060 4690 debet
2087 4649 2339 4708 unquam
2367 4629 2488 4687 ulla
2513 4628 2558 4686 W
2575 4648 2722 4688 ersio

2361 4727 2405 4764 n
