3300 5225
586 236 707 293 470
1558 246 1742 288 Locus
1771 246 2012 287 8811188.
2601 228 2900 311 [anans-r.
2939 248 3092 289 vn.

588 391 894 472 culpabilis
932 388 1247 465 homicidii,
1288 389 1447 467 Ergo
1486 408 1595 447 nec
1634 388 1810 451 homo
1849 406 2092 447 movens
2133 386 2394 465 gladium
2415 390 2588 465 [Vel
2632 390 2964 451 Carnifex
2999 398 3090 450 ut

590 475 1035 535 instrumentum
1056 470 1205 547 justi
1230 469 1275 530 J
1276 469 1463 529 udicis
1490 476 1716 528 sontem
1741 468 1945 547 plectit
1971 488 2047 526 ex
2074 468 2268 527 studio
2302 469 2594 546 vindictae,
2626 472 2796 549 Ergo
2831 472 3086 531 multo

592 554 782 632 magis
804 554 1001 631 justus
1027 551 1264 627 Judex;
1294 549 1434 627 quia
1459 568 1650 607 888888
1679 557 1815 609 sunt
1833 549 2251 626 heterogeneae.
2318 551 2391 609 In
2410 551 2614 628 prime,
2639 570 2830 611 causa
2863 553 3076 632 prin-

595 634 797 712 cipalis
845 640 937 693 est
979 632 1287 710 privativa,
1335 628 1457 707 legi
1502 629 1774 705 obnoxia,
1823 636 1884 689 et
1929 628 2182 705 moralis,
2215 630 2295 689 Et
2333 630 2796 691 instrumentalis
2839 652 3076 691 cauea

592 714 855 794 physica,
883 712 1151 790 positiva,
1181 719 1241 770 et
1266 710 1415 769 nulli
1438 709 1560 787 legi
1600 709 1892 785 obnoxia3
1936 709 2010 767 In
2049 709 2232 769 altero
2271 729 2412 771 vero
2453 728 2628 771 88888
2666 712 3074 791 principalis

594 804 687 853 est
704 792 973 872 positiva,
1002 791 1256 867 moralis,
1285 798 1347 850 et
1369 789 1491 867 legi
1517 808 1790 865 congrua,
1826 788 1944 848 Sed
1969 806 2146 849 causa
2183 789 2637 851 instrumentalis
2679 801 2774 851 est
2815 794 3062 870 priva-

594 875 735 949 tiva,
764 872 1017 948 moralis,
1046 879 1108 931 et
1130 870 1253 949 legi
1279 869 1531 929 dissona.
1614 869 1714 927 Ita
1745 868 1842 927 hic
1885 869 2045 927 Deus
2085 877 2178 928 est
2215 888 2390 929 881188
2428 871 2698 948 positiva,
2739 872 3060 950 physica,

596 952 924 1093 miii?
942 952 1218 1092 ἕᾟῗὲἒῖ
1240 948 1919 1089 ἕᾟέἒνᾛὲξώη
1947 946 2820 1090 {⁰¹²”25‘t0tssrzztzttm
2947 1050 3056 1089 a„

600 1075 1031 1192 quicquidsunt
1054 1119 1115 1171 et
1142 1118 1341 1188 agunt,
1370 1109 1435 1168 id
1460 1128 1495 1169 8
1520 1046 2434 1188 prinoipffiffzgnt’effiutfiantur,
2463 1130 2571 1170 nec
2599 1050 2948 1189 quicquha‘d
2968 1110 3054 1169 de

601 1214 707 1255 suo
755 1192 1079 1253 admixtum
1125 1192 1359 1267 habent,
1402 1190 1542 1267 quia
1580 1189 1643 1247 in
1683 1188 1804 1247 illis
1841 1188 2003 1247 nulla
2043 1196 2133 1248 est
2171 1190 2480 1249 causalitas
2518 1190 2883 1269 principalia,
2928 1190 3052 1249 sed

599 1282 825 1334 tantum
852 1292 1009 1333 mere
1036 1271 1331 1348 organica,
1350 1279 1412 1330 et
1436 1290 1513 1329 ex
1533 1268 1750 1328 virtute
1769 1267 2102 1347 principalis
2122 1269 2351 1346 agentis
2367 1270 2660 1349 profluens
2679 1293 2695 1348 ;
2729 1270 2820 1331 Ut
2841 1290 3050 1329 causa

601 1353 900 1415 homicidii
927 1371 964 1411 a
990 1352 1185 1429 gladio
1213 1350 1543 1428 perpetrati,
1571 1368 1690 1407 non
1717 1348 1931 1426 gladic,
1963 1347 2069 1407 sed
2093 1348 2330 1425 homini,
2361 1350 2462 1429 qui
2490 1358 2702 1410 tractat
2727 1350 3042 1429 gladium,

603 1434 779 1494 debet
804 1432 1092 1511 imputari,
1122 1432 1261 1508 quia
1287 1438 1377 1489 est
1402 1430 1850 1488 instrumentum
1889 1446 2115 1506 purum,
2145 1436 2207 1488 et
2244 1428 2449 1503 ἄλογον.
2537 1430 2656 1490 Sed
2693 1450 2816 1489 8011
2863 1432 3048 1489 valet

600 1516 665 1575 in
691 1512 1066 1573 ithrumentie
1092 1510 1499 1586 metaphoricis,
1528 1515 1589 1568 et
1614 1509 1822 1591 misyae,
1851 1526 1984 1585 8888
2024 1508 2099 1567 118
2139 1528 2246 1569 880
2283 1510 2504 1589 aliquid
2543 1510 2878 1570 admixtum
2922 1512 3043 1569 ha-

602 1594 762 1669 bent,
782 1612 899 1670 quo
918 1598 1243 1668 operentur,
1268 1588 1425 1667 quod
1446 1608 1483 1647 a
1496 1588 1802 1667 principali
1822 1606 1998 1647 88888
2017 1606 2134 1647 non
2155 1598 2508 1667 mutuantur,
2531 1610 2591 1650 v.
2614 1610 2673 1668 g.
2694 1610 2816 1649 non
2839 1591 3042 1667 valet,

604 1673 811 1750 Equus
854 1669 1178 1731 calcaribus
1220 1670 1463 1729 adactus
1506 1688 1542 1727 8
1586 1666 1825 1728 8888018
1866 1667 2171 1745 claudicat,
2203 1670 2364 1748 Ergo
2403 1671 2528 1751 ipse
2573 1672 2777 1731 888801
2825 1672 3042 1748 magis

606 1752 911 1827 claudicat,
942 1750 1081 1829 quia
1106 1768 1225 1808 non
1250 1758 1341 1808 881
1364 1750 1812 1809 instrumentum
1837 1766 2046 1826 purum
2087 1748 2359 1827 Sessoris,
2389 1751 2494 1812 sed
2533 1751 2668 1828 tale,
2710 1751 2877 1829 quod
2921 1752 3039 1809 ali-

607 1832 750 1913 quid
778 1831 851 1891 de
879 1851 985 1891 suo
1012 1829 1336 1889 admixtum
1362 1829 1541 1888 habet
1566 1829 1628 1887 in
1653 1837 1817 1888 motu
1849 1828 2305 1907 claudicationis,
2335 1832 2396 1889 in
2435 1848 2553 1909 quo
2592 1849 2710 1889 non
2751 1831 3040 1890 subordi-

606 1921 781 1972 natur
811 1911 1053 1985 Sessori,
1082 1910 1353 1969 nimirum
1379 1910 1639 1969 luxatam
1667 1909 1888 1985 tibiam,
1917 1928 2049 1987 8888
2075 1928 2252 1970 causa
2286 1920 2378 1971 est
2417 1911 2720 1990 adaequata
2760 1919 2822 1971 et
2863 1912 3036 1989 prin-

610 1993 816 2072 cipalis
862 1991 1319 2052 claudicationis,
1404 1990 1503 2049 Sic
1549 1999 1880 2069 peccatores
1925 2008 2043 2049 non
2091 1998 2226 2050 sunt
2265 1990 2648 2052 instrumenta
2685 1992 2927 2069 propria
2967 2000 3040 2050 81

610 2093 775 2152 pura,
804 2072 910 2133 sed
934 2072 1265 2147 rationalia,
1294 2070 1696 2147 metaphorica,
1727 2077 1788 2129 et
1811 2069 2012 2146 mixta,
2041 2089 2172 2147 qnae
2199 2070 2273 2130 de
2314 2090 2421 2131 880
2461 2071 2678 2131 11811881
2715 2072 3034 2148 malitiam,

612 2173 745 2232 quae
770 2154 1003 2233 propria
1030 2159 1119 2211 est
1146 2160 1205 2210 et
1224 2151 1529 2229 8118888818
1546 2150 1770 2229 peccati
1791 2168 1984 2209 88888.
2042 2150 2132 2211 Eo
2151 2149 2402 2231 pertinet
2420 2151 2578 2229 quod
2597 2151 2768 2212 tertio
2789 2150 3034 2228 dicitur,

612 2234 871 2293 Axioma
896 2233 1110 2307 valere,
1138 2232 1242 2291 ubi
1268 2232 1421 2291 actio
1440 2250 1632 2290 888888
1650 2229 1985 2311 principalis
2001 2237 2092 2289 est
2109 2230 2311 2290 eadem
2331 2232 2626 2290 moraliter
2645 2250 2775 2291 88111
2794 2232 3032 2291 actione

610 2314 979 2374 instrumenti
1000 2334 1016 2372 ε
1045 2312 1131 2372 Ut
1148 2312 1465 2389 discipulus
1496 2310 1738 2390 Pelagii,
1763 2310 1914 2369 111818
1935 2309 2112 2369 sentit
2130 2310 2204 2369 de
2226 2311 2430 2389 gratia,
2451 2312 2611 2388 Ergo
2631 2311 2814 2371 multo
2831 2313 3032 2388 magis

615 2395 893 2473 Pelagius
917 2394 1062 2472 ipse,
1091 2392 1229 2469 quia
1254 2398 1346 2452 est
1372 2391 1576 2452 eadem
1602 2392 1758 2451 actio
1783 2390 2018 2449 moralis
2043 2390 2346 2469 utriusque
2365 2410 2572 2469 888888,
2603 2398 2664 2451 81
2687 2392 3031 2471 principalis

614 2482 675 2534 et
701 2474 1008 2551 organicae.
1091 2472 1178 2531 At
1203 2492 1322 2531 non
1347 2471 1578 2550 pariter,
1608 2490 1790 2550 quum
1815 2471 1966 2530 actio
2007 2478 2098 2529 est
2136 2470 2372 2549 quidem
2411 2471 2616 2531 eadem
2655 2472 3034 2531 materialiter

616 2562 676 2615 et
702 2553 961 2634 physice,
978 2571 1098 2613 non
1123 2572 1265 2614 vero
1290 2551 1612 2630 moraliter3
1642 2560 1783 2613 tunc
1810 2550 1966 2610 enim
1992 2569 2111 2609 non
2135 2550 2311 2612 modo
2327 2552 2479 2613 actio
2507 2572 2697 2613 888888
2717 2552 3024 2631 organicae,

616 2655 735 2696 non
762 2643 853 2695 est
878 2632 1253 2714 principalius
1278 2653 1468 2694 8811888
1488 2632 1792 2712 principali
1819 2631 2217 2708 adscribenda,
2248 2631 2352 2692 sed
2378 2653 2497 2692 non
2522 2642 2614 2693 est
2649 2631 3030 2693 adscribenda

617 2716 869 2792 omnino,
899 2715 1037 2793 quia
1061 2722 1130 2774 ut
1154 2722 1310 2774 recte
1336 2714 1549 2773 docent
1577 2711 1938 2788 scholastici,
1967 2713 2106 2772 Non
2143 2714 2216 2772 ab
2251 2721 2410 2773 actus
2443 2715 2620 2773 realis
2646 2713 2869 2792 physici
2899 2715 3024 2772 eub-

616 2797 825 2856 stantia
838 2797 1021 2855 oritur
1036 2803 1195 2854 actus
1212 2794 1546 2872 specificatio
1566 2796 1763 2872 quoad
1774 2811 1890 2851 esse
1908 2795 2142 2868 morale,
2164 2796 2268 2852 sed
2289 2813 2330 2852 a
2349 2795 2584 2854 diversis
2602 2795 3026 2853 circumstantiis

618 2877 925 2937 moralibus
939 2900 964 2949 ,-
1018 2874 1222 2934 eadem
1249 2874 1464 2950 quippe
1490 2875 1641 2933 actio
1671 2872 1933 2951 physica,
1961 2879 2155 2951 potest
2180 2891 2309 2934 8888
2329 2875 2507 2952 38818,
2537 2875 2635 2933 vel
2662 2873 2890 2952 injusta,
2917 2894 3026 2952 pro

620 2955 957 3015 diversitate
984 2953 1297 3032 agentium,
1326 2953 1427 3012 vel
1451 2951 1573 3030 legi
1600 2953 2010 3030 subjectorum,
2039 2951 2138 3012 vel
2163 2954 2358 3032 alege
2386 2953 2723 3014 solutorum.
2806 2953 2892 3013 At
2907 2953 3020 3029 hie,

618 3043 687 3095 ut
704 3035 830 3113 38111
858 3033 1097 3108 dictum,
1128 3033 1279 3091 actio
1310 3033 1424 3091 Dei
1448 3050 1567 3092 non
1594 3039 1685 3093 est
1711 3030 1913 3092 eadem
1932 3032 2228 3092 moraliter
2246 3053 2378 3094 cum
2401 3035 2625 3094 actione
2645 3035 3020 3110 instrumenti,

621 3115 726 3207 sed
752 3119 981 3174 tantum
1004 3111 1248 3192 physice
1272 3133 1289 3190 ς
1336 3111 1509 3173 Unde
1536 3113 1747 3174 vitium
1773 3111 2142 3173 instrumenti
2165 3131 2286 3174 11011
2312 3122 2403 3175 881
2443 3114 2814 3175 tribuendum
2841 3133 3022 3174 888888

621 3193 957 3334 Ρῃῖἔέξέἰ.
1002 3273 1165 3334 Deus
1203 3271 1384 3352 jussit
1432 3273 1724 3335 Semeium
1769 3271 2116 3334 maledicere
2165 3273 2400 3351 Davidi‚
2451 3277 2490 3334 2
2549 3273 2705 3334 88111.
2753 3273 2876 3334 xvi.
2931 3275 3022 3350 10,

622 3355 885 3415 Jussione
920 3355 1310 3432 prmtidentioe,
1340 3373 1459 3413 non
1491 3357 1746 3431 jussione
1786 3355 1956 3432 leyali
1967 3377 1993 3428 ;
2032 3356 2294 3414 Jussione
2333 3356 2560 3432 physice
2603 3356 2884 3430 directim,
2912 3373 3024 3412 non

622 3435 918 3495 moraliter
942 3435 1169 3496 suasiva
1188 3459 1213 3510 ,·
1253 3435 1517 3495 Jussimae
1543 3436 1828 3511 judiciali,
1857 3435 2154 3494 voluntatis
2189 3436 2530 3512 beneplaciti,
2561 3455 2678 3514 888
2717 3443 2809 3494 881
2839 3435 3024 3513 justus

622 3515 669 3577 J
668 3516 825 3577 udex
850 3515 1097 3595 puniens
1124 3524 1185 3576 et
1211 3516 1521 3593 castigans,
1551 3535 1670 3574 non
1681 3516 1934 3592 jzwsione
1977 3516 2369 3592 approbativa,
2411 3516 2710 3575 voluntatis
2734 3516 2889 3593 siqni,
2917 3535 3026 3592 qua

625 3597 955 3675 Legislator
978 3596 1307 3676 imperans,
1348 3596 1613 3655 Jussione
1638 3615 1751 3654 non
1768 3595 2012 3672 proprie
2052 3596 2136 3655 ita
2161 3596 2330 3672 dicta,
2381 3615 2556 3673 quam
2603 3597 2796 3656 Semei
2823 3615 3020 3673 coguo-

622 3678 792 3754 verit,
824 3685 883 3736 et
918 3677 1015 3736 cui
1042 3676 1276 3735 obedire
1302 3675 1589 3753 voluerit3
1637 3675 1754 3735 Sed
1781 3675 2099 3754 impropria
2127 3683 2186 3734 et
2209 3677 2475 3756 fiyurata
2496 3699 2516 3734 .·
2555 3676 2844 3754 quomodo
2871 3676 3019 3734 Deus

619 3757 867 3836 jussisse
895 3755 1109 3816 dicitur
1152 3754 1371 3833 piscem
1419 3775 1688 3815 evomere
1715 3753 1760 3816 J
1762 3772 1950 3832 onam,
1981 3754 2120 3815 Jon.
2159 3755 2221 3815 ii.
2254 3759 2365 3817 10:
2413 3775 2545 3833 quse
2587 3756 2736 3814 nihil
2761 3755 2911 3816 aliud
2936 3763 3019 3814 est

625 3855 801 3915 8118111
826 3835 1009 3896 11101ἰο
1037 3835 1151 3894 Dei
1176 3834 1384 3894 efficax
1410 3855 1526 3914 888
1550 3835 1765 3894 malam
1795 3835 1988 3894 Semei
2011 3836 2373 3896 voluntatem
2400 3835 2476 3896 ad
2501 3836 2614 3895 hoc
2639 3843 2926 3914 peccatum
2960 3835 3018 3894 in

624 3934 858 3994 poenam
888 3913 1135 3975 Davidis
1160 3913 1480 3990 inclinavit,
1510 3912 1669 3993 quod
1696 3913 1780 3974 sic
1807 3914 2047 3992 exponit
2072 3915 2460 3994 Augustinus,
2509 3917 2546 3950 “
2565 3915 2848 3975 Dominus
2885 3915 3020 3974 dixit

632 3995 841 4070 Semei,
870 3993 1118 4054 maledic
1146 3993 1381 4070 Davidi,
1408 4013 1528 4053 non
1562 3989 1844 4071 jubend0,
1871 3993 1974 4053 ubi
2000 3995 2330 4056 obedientia
2373 3995 2723 4072 laudaretur,
2754 3995 2858 4055 sed
2879 3993 3018 4074 quod

628 4072 1574 4214 11111188111180
1594 4092 1708 4214 fa?
1715 4073 2064 4232 13188
2089 4075 3014 4234 ‘mmm

625 4241 725 4294 tur
750 4232 1015 4312 spiritum
1057 4233 1395 4293 mendacem
1443 4232 1519 4293 811
1562 4233 1967 4312 decipiendum
2010 4233 2337 4314 Achabum,
2387 4255 2504 4296 non
2532 4244 2623 4296 est
2649 4234 3011 4315 approbantis,

628 4313 734 4375 sed
750 4313 1162 4408 permittentis,
1192 4321 1253 4374 et
1278 4311 1584 4375 efficaciter
1599 4316 1920 4376 ordinantis
1947 4315 2022 4376 ed
2047 4315 2212 4394 impii
2240 4317 2423 4394 Regis
2449 4335 2709 4394 poenam;
2751 4335 2855 4375 nec
2880 4315 3012 4374 enim

629 4393 858 4475 spiritui
884 4393 982 4454 isti
1007 4393 1273 4455 mendaci
1298 4393 1509 4454 indidit
1550 4395 1851 4457 libidinem
1899 4396 2232 4474 mentiendi,
2280 4397 2384 4458 sed
2430 4396 2658 4477 cupide,
2710 4404 2770 4456 et
2809 4415 3012 4475 operam

631 4495 794 4537 suam
824 4473 1102 4550 offerenti,
1131 4475 1388 4535 habenas
1414 4475 1657 4536 laxavit.

714 4555 1000 4616 XXVII.
1048 4557 1222 4626 Quod
1264 4565 1346 4615 est
1388 4575 1563 4616 causa
1608 4576 1810 4634 causae,
1861 4565 1942 4616 est
1981 4557 2147 4616 eiiam
2191 4577 2365 4617 causa
2412 4557 2645 4633 camari,
2697 4559 2752 4617 1.
2793 4555 2934 4616 velet
2957 4555 3008 4613 in
