3300 5225
568 360 687 417 170
1528 380 1713 425 Locus
1740 382 2012 425 rannus.
2641 361 2894 445 [Quas-r.
2927 383 2991 423 v.

1172 520 1249 581 V.
1294 519 1551 596 Quaestio
1592 522 1668 583 de
1713 522 2083 583 distinetione
2125 522 2556 584 Attributorum
2599 522 2675 583 ab
2709 523 2988 585 Fasentia

650 583 839 687 suga
842 582 1011 688 3¹²³*
1091 600 1311 659 Divina
1336 611 1601 661 movetur
1626 602 1798 663 nobis
1825 624 1860 661 a
1885 604 2236 679 Socinianis3
2267 603 2370 681 qui
2394 611 2463 662 nt
2487 602 2714 663 facilius
2732 603 2986 680 probent

1088 681 1369 759 Spiritum
1414 680 1473 740 S.
1518 702 1635 741 non
1679 702 1806 742 esse
1835 684 2045 758 Deum,
2076 693 2177 743 aut
2205 684 2520 753 Personam
2561 682 2836 759 divinam,
2865 684 2984 745 etsi

558 770 799 821 vocetur
839 762 1025 823 virtus
1070 760 1198 836 Dei,
1228 761 1435 820 volunt
1479 760 1784 822 Attributa
1820 763 1934 822 Dei
1981 764 2056 821 ab
2101 762 2352 823 essentia
2398 762 2630 823 realiter
2675 763 2980 841 distingui.

558 840 885 902 Orthodoxi
912 842 1124 901 docent
1152 841 1453 901 Attributa
1480 842 1714 901 realiter
1737 842 1894 901 idem
1921 862 2050 903 esse
2077 862 2211 903 cum
2236 844 2364 921 ipsa
2387 842 2641 903 essentia
2667 843 2816 920 Dei·
2859 842 2982 905 dis-

556 922 645 981 tin
774 942 915 981 vero
944 923 1019 981 ab
1046 940 1116 982 ea
1142 921 1475 999 virtualiter,
1508 930 1567 980 et
1592 922 1930 982 eminenter.

700 1002 750 1061 I.
794 1004 1051 1062 Realiter
1090 1001 1193 1060 illa
1225 1000 1460 1094 differre
1504 1000 1790 1077 dicuntur,
1834 1022 1966 1096 quie
2013 1002 2448 1097 distinguuntur
2493 1010 2560 1063 ut
2605 1021 2699 1061 res
2741 1002 2982 1065 diversa

556 1082 874 1143 secundum
898 1081 1229 1157 essentiam,
1254 1081 1384 1139 sive
1412 1080 1676 1160 subjecto
1719 1084 2068 1141 conveniant
2107 1083 2232 1141 sive
2269 1102 2424 1158 non3
2479 1081 2810 1141 Vir-malita-
2835 1102 2978 1143 vero

556 1163 824 1239 distinqui
846 1162 992 1221 nihil
1020 1162 1179 1221 aliud
1206 1169 1311 1235 est,
1340 1180 1517 1239 quam
1545 1161 1643 1220 vel
1670 1161 1887 1221 virtute
1927 1163 2221 1221 continere
2257 1160 2563 1222 distinctos
2591 1160 2848 1237 effeetus,
2879 1163 2980 1221 vel

552 1242 713 1302 unite
741 1244 803 1301 in
830 1262 893 1303 se
934 1243 1147 1302 habere
1172 1260 1306 1319 qun
1334 1242 1396 1299 in
1422 1241 1555 1301 aliis
1580 1240 1858 1301 distincta
1883 1250 2037 1317 sunt,
2061 1242 2158 1301 vel
2183 1242 2397 1301 habere
2425 1241 2770 1303 eminentem
2791 1241 2976 1303 virtu-

552 1330 689 1398 tem,
718 1342 850 1400 quae
878 1322 1065 1401 possit
1099 1340 1231 1381 esse
1257 1321 1605 1399 principium
1644 1320 2005 1381 diversarum
2045 1321 2512 1397 actionum31ta
2537 1320 2976 1414 {imdamentum

550 1403 681 1479 ejus
706 1411 902 1481 potest
930 1420 1057 1461 esse
1083 1421 1203 1461 non
1231 1400 1622 1477 intrinsecum,
1655 1401 1760 1460 sed
1785 1401 2210 1477 extrinsecum3
2251 1421 2372 1461 non
2409 1421 2448 1462 a
2485 1408 2648 1478 parte
2689 1400 2972 1479 principii,

552 1484 650 1541 vel
678 1482 942 1562 subjecti,
969 1482 1072 1541 sed
1099 1483 1321 1541 ratione
1350 1482 1576 1539 termini
1588 1489 1647 1540 et
1665 1483 1873 1557 objecti,
1905 1488 2139 1559 propter
2165 1480 2560 1540 diversitatem
2578 1480 2972 1558 operationum

551 1572 611 1622 et
638 1562 972 1623 effectorum
998 1582 1130 1639 quae
1159 1581 1195 1619 a
1222 1560 1668 1639 proprietatibus
1697 1561 1972 1638 oriuntur,
2003 1571 2064 1622 et
2091 1561 2409 1621 secundum
2435 1580 2565 1639 quas
2593 1560 2810 1621 diversi
2837 1580 2973 1621 eon-

550 1652 754 1721 ceptus
782 1642 1097 1701 formales
1082 1660 1334 1718 ipsarum
1360 1640 1700 1700 formantur.

550 1722 779 1861 seVII.
824 1721 1129 1781 Attributa
1160 1720 1271 1779 Dei
1298 1738 1416 1777 non
1450 1728 1698 1797 possunt
1736 1720 1966 1780 realiter
2007 1719 2234 1781 differre
2277 1720 2351 1779 ab
2382 1719 2668 1795 Essentia,
2699 1721 2798 1779 vel
2823 1720 2974 1781 inter

808 1822 942 1860 uam
968 1820 1062 1860 res
1084 1809 1149 1860 et
1175 1820 1306 1876 res;
1348 1799 1489 1877 quia
1519 1800 1681 1859 Deus
1707 1808 1799 1859 est
1839 1820 2061 1859 summe
2103 1799 2352 1877 simplex
2379 1808 2440 1861 et
2465 1800 2789 1877 perfectus:
2831 1800 2876 1860 J
2877 1820 2971 1859 am

550 1882 723 1941 realis
807 1880 1059 1941 'stincfio
1100 1880 1495 1958 praesupponit
1534 1898 1626 1938 res
1671 1881 1924 1939 essentia
1967 1881 2244 1955 diverses,
2275 1880 2435 1957 quod
2480 1880 2700 1957 respuit
2747 1898 2973 1941 summa

550 1960 927 2041 simplicitas,
954 1970 1029 2019 et
1055 1980 1185 2041 quse
1212 1961 1443 2021 realiter
1468 1958 1702 2018 diversa
1725 1969 1879 2035 sunt,
1923 1960 2157 2019 nonnisi
2195 1978 2300 2037 per
2325 1960 2798 2037 aggregationem
2825 1959 2972 2019 fiunt

546 2060 745 2118 unum,
764 2042 925 2119 quod
951 2040 1233 2099 absolutus
1258 2039 1595 2118 perfectioni
1620 2038 1980 2100 adversatur.
2065 2039 2293 2099 Deinde
2320 2040 2374 2099 si
2399 2038 2694 2099 differrent
2719 2040 2968 2132 realiter,

545 2120 917 2200 perficeretur
942 2119 1193 2179 essentia
1260 2140 1323 2179 er
1258 2060 1572 2198 Pealiquid
1596 2120 1828 2179 realiter
1867 2140 1904 2179 a
1944 2139 2007 2179 se
2035 2119 2388 2193 distinctum,
2418 2127 2594 2196 atque
2633 2118 2778 2181 adeo
2817 2120 2879 2179 in
2905 2139 2970 2181 ee

546 2220 767 2261 summe
794 2202 1049 2280 perfecta
1075 2220 1192 2258 non
1218 2140 1277 2258 po
1278 2208 1383 2259 ret.
1445 2199 1660 2276 Tertio,
1692 2200 1830 2277 quia
1856 2209 2192 2278 sequeretur
2221 2200 2409 2259 Deum
2436 2219 2554 2258 non
2581 2218 2708 2259 esse
2733 2218 2970 2277 prorsus

544 2281 981 2357 immutabilem,
1002 2280 1141 2357 quia
1166 2279 1441 2339 haberet
1424 2298 1485 2337 ιιι
1514 2298 1575 2338 se
1596 2280 1914 2357 potentiam
1942 2279 2251 2357 passivam,
2273 2278 2528 2338 radicem
2547 2279 2967 2356 mutabilitatis,

543 2382 649 2439 per
667 2382 841 2440 quam
870 2360 1172 2420 Attributa
1199 2360 1297 2420 vel
1324 2359 1670 2419 elicerentur
1697 2379 1772 2417 ex
1799 2358 2066 2435 essentia,
2089 2359 2184 2418 vel
2211 2358 2300 2417 illi
2327 2358 2796 2437 adjungerentur.
2881 2359 2973 2419 At

545 2462 679 2501 cum
709 2442 869 2501 Deus
895 2441 973 2500 sit
1002 2440 1124 2499 Ens
1151 2440 1399 2518 primum
1428 2446 1487 2497 et
1513 2438 1649 2497 inde
1724 2439 1926 2515 ndens,
1957 2438 2117 2517 quod
2157 2446 2248 2499 est
2271 2438 2552 2517 quicquid
2593 2457 2720 2498 esse
2755 2447 2966 2517 potest,

544 2514 693 2579 nihil
718 2527 912 2599 potest
936 2519 992 2579 ei
1016 2520 1295 2595 accidere,
1326 2520 1425 2577 vel
1450 2518 1525 2577 ab
1554 2538 1623 2577 eo
1663 2518 1759 2579 'em
1786 2484 2014 2579 aussi-ri.

627 2599 810 2660 VIII.
857 2597 1104 2658 Differre
1132 2606 1327 2658 tamen
1358 2596 1663 2659 Attributa
1681 2597 1794 2657 Dei
1821 2607 1946 2658 tum
1975 2598 2048 2658 ab
2079 2598 2366 2692 Essentia,
2387 2604 2510 2658 tum
2540 2618 2577 2658 a
2603 2618 2666 2658 se
2693 2598 2962 2676 invicem,

543 2688 705 2758 patet
732 2699 807 2738 ex
835 2679 1170 2738 diversitate
1200 2687 1603 2756 conceptuum.
1690 2679 1840 2737 Nam
1869 2678 1974 2738 ubi
2014 2687 2106 2738 est
2144 2679 2292 2738 ratio
2333 2679 2616 2738 fundandi
2660 2678 2964 2740 distinctos

544 2768 859 2836 conceptus
886 2758 1156 2817 formales
1183 2758 1256 2817 de
1283 2777 1346 2818 re
1374 2758 1571 2834 aliqua
1595 2757 1735 2818 licet
1760 2778 1879 2818 una
1899 2765 1960 2818 et
1986 2759 2235 2852 simplici
2252 2779 2288 2817 a
2305 2767 2468 2836 parte
2495 2759 2596 2834 rei,
2617 2759 2700 2818 ibi
2726 2779 2963 2819 necesse

538 2849 635 2900 est
680 2839 1111 2899 distinctionem
1158 2837 1411 2932 aliquam
1448 2837 1757 2900 virtualem
1798 2847 1858 2898 et
1899 2829 2248 2898 eminentem
2293 2837 2437 2898 dari.
2520 2839 2666 2898 Cum
2713 2858 2852 2918 ergo
2899 2841 2962 2900 in

545 2919 765 2978 Divina
792 2917 1066 2978 Essentia
1106 2915 1533 2996 simplicissima
1573 2917 1652 2977 sit
1689 2917 1838 2978 ratio
1879 2917 2164 2978 fundandi
2205 2919 2466 2978 diversos
2507 2927 2818 2997 conceptus
2845 2919 2958 2979 for-

537 3000 726 3058 males
752 3000 827 3060 de
854 2997 1073 3057 divinis
1100 2997 1566 3075 perfectionibus,
1596 2997 1759 3076 qnod
1781 3006 1944 3076 patet
1983 3018 2062 3058 ex
2099 3019 2300 3058 eorum
2327 2997 2600 3058 distincta
2627 2999 2960 3060 definitione

540 3088 603 3139 et
630 3079 1032 3156 explicatione,
1062 3077 1277 3155 optime
1302 3076 1517 3138 dieitur
1543 3077 1848 3138 Attributa
1885 3079 2000 3138 ista
2025 3099 2157 3157 qum
2183 3078 2330 3138 tales
2357 3086 2670 3156 conseptus
2697 3079 2956 3156 fundant,

542 3158 826 3236 distingui
853 3167 977 3217 tum
1006 3158 1081 3216 ab
1110 3157 1381 3216 Essentia
1407 3165 1532 3218 tum
1558 3157 1712 3216 inter
1739 3177 1802 3216 se
1831 3157 2177 3218 virtualiter.

626 3239 745 3298 IX.
792 3237 957 3296 Licet
984 3235 1287 3296 Attributa
1314 3237 1433 3296 sint
1458 3237 1844 3298 essentialiter
1869 3246 1929 3297 et
1953 3238 2264 3298 intrinsece
2289 3257 2472 3298 unum
2497 3237 2560 3298 in
2589 3239 2734 3315 Deo,
2764 3246 2958 3300 tamen

540 3317 690 3378 bene
718 3317 1001 3395 distingui
1040 3315 1329 3392 dicuntur,
1364 3325 1490 3376 tum
1517 3319 1820 3394 uma&
1843 3317 2040 3395 quoad
2065 3326 2408 3396 conceptum
2435 3318 2734 3378 formalem
2759 3317 2955 3378 diver-

542 3419 689 3476 sum,
719 3407 845 3458 tum
882 3397 1137 3474 abjectius
1178 3406 1237 3456 et
1260 3399 1500 3473 effectum
1526 3397 1721 3476 quoad
1739 3397 1904 3456 varia
1929 3397 2156 3476 objecta
2181 3406 2242 3458 et
2267 3395 2472 3456 effecta
2491 3398 2956 3474 externa31mde

532 3487 701 3557 patet
726 3477 1156 3538 distinctionem
1196 3477 1374 3554 illam,
1413 3497 1523 3537 nec
1558 3497 1688 3538 esse
1720 3481 1934 3538 realem
1959 3476 2297 3554 simpliciter
2323 3476 2476 3537 inter
2497 3497 2592 3536 res
2616 3486 2684 3537 et
2707 3497 2816 3554 res,
2847 3497 2955 3539 nee

520 3563 853 3636 formalem,
884 3578 1015 3636 quse
1044 3557 1120 3617 sit
1146 3565 1372 3619 tantum
1398 3559 1621 3618 ratione
1648 3557 1807 3616 modi
1843 3557 2027 3616 nostri
2065 3556 2441 3633 concipiendi,
2475 3556 2579 3616 sed
2615 3557 2952 3634 ambientem,

534 3659 669 3718 quse
695 3640 835 3699 licet
860 3659 979 3698 non
1006 3656 1069 3698 se
1094 3645 1291 3697 teneat
1318 3656 1354 3697 a
1383 3647 1554 3730 parte
1594 3637 1683 3697 rei
1715 3643 1785 3696 ιιι
1819 3636 1970 3696 inter
1997 3655 2119 3696 rem
2145 3644 2206 3695 et
2232 3655 2370 3712 rem,
2401 3637 2580 3698 habet
2603 3645 2798 3698 tamen
2824 3637 2952 3698 fun-

538 3719 917 3780 dementum⁰
900 3739 961 3778 m
985 3737 1051 3778 re
1077 3737 1183 3796 pro
1223 3726 1313 3778 ter
1340 3716 1736 3777 diversitatem
1764 3717 2124 3794 objectorum
2151 3723 2211 3776 et
2237 3715 2562 3776 effectuum.

1214 3796 1443 3858 ,Licet
1464 3798 1615 3856 varii
1642 3797 1762 3858 sint
1788 3804 2101 3875 conceptus
2127 3795 2397 3855 formales
2421 3795 2608 3856 nostri
2634 3796 2709 3858 de
2737 3798 2952 3858 Essen-

566 3864 979 3970 Fffiffufflff'fiffi
1058 3876 1145 3935 fia
1188 3876 1319 3952 Dei,
1364 3885 1425 3936 et
1472 3878 1601 3954 ejus
1644 3877 2117 3954 Ptoprietatibns,
2157 3895 2280 3937 non
2317 3884 2562 3953 possunt
2601 3885 2797 3936 tamen
2835 3877 2954 3936 dici

1062 3955 1210 4031 falsi,
1174 3955 1399 4048 aquia
1444 3955 1563 4016 illis
1608 3957 1962 4034 respondent
2005 3955 2250 4015 totidem
2293 3965 2607 4033 conceptus
2650 3957 2947 4034 objectivL

534 4041 673 4093 actu
709 4033 947 4112 quidem
990 4033 1227 4094 indivisi
1270 4037 1331 4093 in
1374 4037 1518 4111 Deo,
1560 4045 1799 4114 propter
1837 4054 2120 4097 summam
2159 4036 2290 4114 ejus
2332 4036 2795 4114 simplieitatem·
2845 4037 2952 4098 sed

534 4113 752 4172 virtute
778 4121 975 4172 tamen
1002 4121 1061 4172 et
1086 4114 1407 4174 eminenter
1432 4114 1710 4175 distincti.

616 4193 739 4252 XI.
782 4191 1086 4252 Attributa
1112 4192 1185 4251 de
1212 4211 1277 4252 se
1304 4194 1554 4253 invicem
1580 4202 1826 4272 possunt
1848 4195 2206 4272 praedicari
2189 4215 2252 4254 ιιι
2276 4215 2440 4256 sensu
2463 4196 2717 4272 ἰᾱεηιίω,
2745 4205 2948 4274 quate·-

532 4291 645 4332 nus
674 4273 1110 4332 considerantur
1134 4281 1201 4331 ut
1226 4273 1509 4332 unitatem
1532 4283 1597 4334 et
1634 4273 1994 4334 identitatem
2035 4275 2186 4334 inter
2217 4295 2281 4335 se
2319 4275 2630 4352 habentia;
2673 4285 2741 4338 ιιι
2767 4297 2948 4354 quum

532 4351 684 4428 dico,
717 4351 1059 4413 Intellectus
1092 4351 1329 4413 divinus
1371 4363 1461 4413 est
1502 4373 1595 4414 res
1640 4354 1842 4413 eadem
1885 4375 2018 4414 cum
2045 4355 2380 4430 Voluntate,
2420 4357 2520 4416 vel
2567 4357 2612 4417 J
2613 4357 2815 4418 ustitia
2857 4367 2949 4418 est

528 4432 735 4492 eadem
762 4452 854 4492 res
882 4451 1015 4492 eum
1044 4432 1477 4510 Misericordia,
1522 4433 1627 4494 sed
1665 4454 1784 4493 non
1823 4435 1886 4494 in
1919 4455 2082 4494 amu
2105 4436 2372 4530 formali,
2401 4434 2540 4514 quia
2566 4437 2781 4496 nostris
2809 4457 2944 4498 eon-

528 4511 1324 4671 ἓῗιξὲῗῑῖἶὲιῖῗὲἓξξίἐιῗ
1348 4512 1764 4674 fffiffiffoem‘
1691 4513 2449 4656 ωὲῗέῗὲἓῦἓῖιέἒῗιῗ
2493 4517 2946 4676 θΐὲῗωᾱέιῗὲ

533 4673 758 4732 formali
788 4673 1223 4734 Misericordiae.
