3300 5225
568 217 687 273 442
1534 233 1719 275 Locus
1748 232 1989 275 sex-rus.
2662 214 2922 293 [eumer.
2966 235 3017 274 1.

566 380 764 434 currat
779 377 810 435 ?
871 372 1026 450 Quid
1053 374 1208 435 enim
1235 374 1350 435 isto
1377 373 1584 435 timore
1609 373 1837 451 vanius,
1860 372 1909 435 si
1930 372 2199 451 neglecta
2222 370 2500 433 Universi
2526 391 2682 451 eura,
2710 374 3013 453 pietatem

565 461 626 516 et
653 454 1010 535 impietatem
1039 454 1370 518 mortalium
1395 453 1524 549 pari
1549 454 1682 515 loco
1710 454 1875 517 Deus
1899 454 2079 515 habet
2104 462 2165 513 et
2191 452 2443 515 aesfimat
2460 455 2490 511 Ρ

647 534 832 595 VIII.
877 534 1146 614 Denique
1172 554 1245 595 ea
1271 554 1466 594 omma
1489 542 1851 613 argumenta,
1872 534 2086 612 quibus
2115 532 2230 593 Dei
2256 531 2629 593 existentiam
2654 540 2827 593 antea
2852 552 3006 611 pro-

563 613 852 691 bavimus,
884 615 1012 692 ejus
1043 614 1479 676 Providentiam
1505 614 1683 675 etiam
1710 612 2056 677 adstruunt:
2100 612 2198 674 Ita
2236 610 2391 671 enim
2418 632 2683 672 connexa
2722 621 2811 672 est
2840 612 2999 691 Pro-

565 693 828 753 videntia
853 714 986 754 cum
1017 694 1358 771 Divinitate,
1381 701 1448 753 ut
1474 713 1594 753 non
1618 694 1807 771 possit
1825 692 2008 757 asseri
2032 692 2132 753 vel
2156 692 2379 770 negari,
2398 691 2542 770 quin
2568 692 2667 751 vel
2693 702 3003 753 asseratur

564 773 666 832 vel
691 782 937 852 negetur
962 773 1089 851 ipse
1119 768 1280 835 Deus
1303 796 1320 850 ς
1365 773 1538 835 Unde
1571 773 1869 850 Scriptura
1894 771 2111 851 passim
2131 772 2208 832 ab
2224 780 2569 850 argumento
2591 771 2995 833 Providentiae

568 853 760 913 Deum
787 853 863 912 ab
889 852 1064 913 idolis
1091 854 1354 928 secernit,
1386 851 1504 911 Isa.
1534 853 1638 914 xli.
1669 857 1767 928 22,
1798 855 1896 929 23,
1927 860 1987 914 et
2019 852 2146 911 xlii.
2175 852 2233 929 8,
2252 852 2309 929 9,
2339 851 2480 912 Job.
2510 849 2613 910 xii.
2636 855 2693 927 7,
2718 854 2774 927 8,
2798 854 2835 911 9
2860 873 2879 928 3
2924 862 2996 913 et

561 933 721 1011 apud
741 932 1023 994 Ethnicos
1049 934 1374 1011 promiscue
1391 935 1512 998 θεὶς
1530 937 1621 990 καὶ
1643 932 1847 1014 velum
1865 940 2231 1025 usurpantur,
2262 939 2322 991 et
2346 931 2592 997 «iubatos
2612 930 2985 1009 damnantur,

563 1031 684 1073 non
709 1012 883 1073 modo
911 1012 1014 1090 qui
1040 1012 1409 1073 existentiam
1439 1012 1570 1087 Dei,
1591 1012 1697 1072 sed
1724 1013 1901 1075 etism
1926 1029 2031 1090 qm
2059 1011 2493 1071 Providentiam
2520 1012 2649 1089 ejus
2664 1011 2985 1089 negabant.

1170 1091 1292 1151 IX.
1351 1092 1729 1153 Providentia
1770 1092 1900 1167 Dei,
1950 1111 2059 1151 nec
2098 1091 2529 1169 contingentiam
2568 1108 2761 1150 rerum
2803 1090 2982 1169 tollit,

637 1156 976 1261 &amussim-
1087 1171 1227 1249 quia
1252 1180 1513 1231 remanet
1539 1191 1767 1250 semper
1804 1170 2141 1233 indifferens
2178 1178 2445 1249 respectu
2472 1184 2662 1231 caussa
2690 1170 2983 1247 secundas,

1087 1250 1249 1329 quod
1293 1252 1684 1311 necessarium
1730 1251 1798 1313 fit
1844 1270 1949 1345 per
1976 1249 2428 1327 Providentiam,
2474 1258 2748 1330 respectu
2788 1268 2985 1311 causo

561 1329 782 1407 primae.
867 1329 992 1389 Nec
1019 1329 1330 1391 libertatem
1354 1331 1656 1391 volunta&
1683 1338 1911 1407 evertit,
1940 1330 2079 1409 quia
2118 1330 2434 1391 necessitas
2472 1329 2849 1408 hypothetica
2874 1330 2982 1390 de·

563 1408 723 1484 creti,
754 1408 976 1469 nullam
1001 1408 1176 1471 infert
1203 1412 1558 1471 coactionem
1585 1410 1892 1486 voluntati,
1924 1409 2029 1471 sed
2055 1429 2183 1471 eam
2210 1408 2519 1487 liberrime,
2560 1410 2701 1469 licet
2730 1408 2981 1471 inevita-

561 1486 776 1564 biliter,
807 1489 946 1551 sinit
971 1498 1166 1551 motus
1193 1510 1330 1552 suos
1357 1510 1646 1551 exercere.
1730 1490 1855 1551 Nec
1874 1490 2187 1551 mediorum
2210 1510 2375 1551 usum
2400 1489 2661 1567 abrogat,
2690 1488 2829 1567 quis
2854 1507 2983 1549 cer-

561 1567 753 1627 titudo
779 1568 932 1645 finis,
960 1588 1079 1629 non
1105 1570 1277 1647 tollit,
1301 1570 1406 1630 sed
1427 1570 1702 1648 supponit
1720 1569 2125 1631 necessitatem
2144 1568 2463 1633 mediorum
2483 1591 2499 1646 ;
2532 1588 2642 1628 nec
2662 1587 2983 1629 concursus

564 1662 756 1709 causae
795 1649 996 1725 primes
1022 1649 1286 1711 excludit
1324 1669 1668 1711 concursum
1708 1650 2107 1725 secundarum,
2153 1649 2271 1709 imo
2307 1668 2441 1709 eum
2479 1656 2613 1726 post
2654 1666 2717 1707 se
2757 1649 2978 1726 trahit;

606 1728 779 1805 uippe
819 1735 887 1790 ut
927 1727 1092 1789 Deus
1132 1729 1390 1791 decrevit
1427 1730 1606 1789 talem
1646 1728 1917 1791 effectum
1954 1728 2271 1809 producere
2310 1746 2415 1808 per
2456 1728 2741 1787 actionem
2770 1728 2979 1788 Provi-

564 1746 796 1883 gentina,
827 1808 1087 1869 decrevit
1112 1810 1328 1887 pariter
1355 1809 1565 1889 exequi
1606 1808 1929 1871 mediorum
1956 1817 2016 1869 et
2042 1828 2347 1871 causarum
2374 1807 2757 1869 secundarum
2796 1808 2977 1869 inter-

564 1895 765 1949 ventu.
848 1888 974 1947 Nec
1009 1890 1385 1967 pra-mierum
1425 1892 1516 1951 vel
1546 1910 1853 1967 poenoeum
1894 1890 2178 1951 rationem
2217 1888 2429 1964 abolet,
2474 1887 2613 1966 quia
2658 1888 2981 1949 necessitas

565 1986 742 2045 quam
788 1967 963 2028 infert
1011 1968 1403 2046 Providentia,
1449 1989 1568 2029 non
1614 1978 1707 2031 est
1749 1968 2033 2047 absoluta,
2080 1968 2326 2048 physica
2370 1976 2431 2027 et
2471 1967 2802 2045 coactionis,
2844 1988 2982 2047 qun

563 2046 893 2110 libertatem
919 2048 1168 2127 perimit,
1199 2049 1304 2111 sed
1332 2049 1649 2111 secundum
1675 2049 1836 2128 quid,
1879 2069 1957 2110 ex
1982 2047 2295 2128 hypothesi
2320 2046 2537 2107 decreti
2564 2054 2625 2107 et
2650 2047 2981 2109 immutabi-

563 2126 764 2204 litatis,
793 2148 924 2206 quse
950 2129 1245 2193 hominem
1265 2130 1500 2208 quidem
1527 2129 1720 2190 reddit
1746 2128 2167 2208 dependentem
2186 2136 2247 2189 et
2274 2126 2539 2204 ὑπῦθυκυ,
2571 2127 2676 2188 sed
2700 2127 2977 2206 relinquit

564 2225 794 2285 semper
819 2209 1160 2271 rationalem
1185 2217 1247 2271 et
1272 2209 1538 2287 liberum,
1571 2210 1834 2288 adeoque
1859 2209 1922 2268 in
1947 2209 2096 2271 bene
2123 2208 2221 2271 vel
2247 2206 2569 2269 malefactis
2614 2206 2851 2286 praemio
2878 2208 2977 2271 vel

465 2345 470 2351 .
497 2346 510 2357 ,
565 2306 739 2365 poena
765 2286 1028 2365 dignum.

647 2366 735 2427 X.
780 2366 1092 2429 Peccatum
1131 2368 1291 2447 quod
1329 2375 1617 2447 repugnat
1641 2367 1932 2429 voluntati
1958 2366 2189 2443 divinae,
2233 2384 2352 2427 non
2390 2374 2584 2446 potest
2616 2366 2762 2440 effici
2796 2386 2832 2425 a
2860 2366 2973 2426 Dei

568 2444 946 2506 Providentia
972 2448 1212 2525 effective
1225 2472 1250 2523 ,·
1292 2448 1398 2509 sed
1435 2448 1584 2508 nihil
1610 2446 1807 2509 obstat
1834 2447 2163 2525 pmnt’ssive
2188 2447 2263 2507 ab
2292 2462 2362 2505 ea
2388 2446 2658 2523 ordinari,
2702 2454 2762 2506 et
2788 2446 2969 2520 effica-

561 2526 703 2585 citer
723 2525 916 2605 dirigi,
947 2527 1072 2588 sine
1092 2528 1215 2588 ulla
1236 2527 1626 2587 Providentiae
1645 2526 1862 2589 divina
1882 2527 2071 2605 culpa,
2092 2535 2160 2587 ut
2185 2525 2371 2587 fusius
2388 2534 2591 2606 postea
2615 2526 2972 2605 probabitur.

647 2605 769 2666 XI.
814 2606 956 2684 Quoe
997 2606 1081 2669 ita
1113 2606 1353 2671 confusa
1385 2616 1522 2670 sunt
1559 2607 1624 2670 in
1665 2627 1745 2685 se,
1776 2616 1843 2670 ut
1882 2606 2051 2668 nulla·
2081 2605 2303 2668 ratione
2344 2606 2571 2686 possint
2608 2606 2671 2666 in
2712 2606 2971 2668 ordinem

561 2685 770 2764 redigi,
799 2707 919 2748 non
945 2698 1190 2768 possunt
1210 2688 1328 2750 dici
1353 2689 1480 2766 regi
1506 2708 1543 2749 a
1563 2687 1975 2766 Providentia3
2016 2687 2135 2750 Sed
2161 2688 2273 2748 hoc
2300 2705 2475 2748 sensu
2501 2685 2646 2744 nihil
2667 2685 2971 2746 confusum

561 2775 626 2827 et
649 2764 870 2828 ἔτικτον
910 2777 1102 2848 potest
1138 2768 1254 2830 dici
1295 2768 1358 2827 in
1382 2769 1635 2830 mundo:
1681 2768 1833 2828 Nam
1860 2768 1911 2828 si
1936 2787 2054 2847 qua
2080 2766 2321 2828 confusa
2346 2767 2615 2826 videntur
2652 2772 2712 2824 et
2750 2765 2969 2826 inordi-

563 2856 718 2924 nate,
747 2849 889 2909 talia
915 2856 1054 2910 sunt
1087 2849 1271 2910 nostri
1311 2855 1578 2927 respectu
1617 2856 1863 2924 tantum,
1892 2848 1995 2925 qui
2032 2866 2228 2908 rerum
2254 2865 2475 2920 mussa
2500 2843 2705 2904 modos
2732 2851 2794 2903 et
2818 2843 2968 2904 fines

564 2927 764 2986 videre
791 2947 908 2986 non
935 2947 1260 3008 possumus,
1288 2946 1409 2987 non
1435 2929 1497 2987 in
1524 2947 1604 3004 se,
1635 2935 1697 2986 et
1722 2935 1991 3004 respectu
2017 2926 2148 3003 Dei,
2178 2945 2215 2986 a
2239 2944 2355 3004 quo
2380 2922 2799 3003 sapientissime
2824 2923 2965 2997 diri-

561 3015 818 3083 guntur:
859 3007 1008 3068 nihil
1047 3008 1201 3068 enim
1227 3027 1414 3086 usque
1459 3006 1606 3068 adeo
1642 3007 2043 3085 perturbatum
2069 3006 2240 3066 nobis
2265 3005 2511 3080 videtur,
2538 3002 2601 3061 in
2627 3022 2744 3081 quo
2770 3011 2967 3063 tamen

561 3085 708 3144 ordo
735 3085 985 3148 eximius
1014 3087 1312 3166 sapientise
1339 3095 1400 3148 et
1438 3087 1685 3166 justitioe
1714 3087 1929 3148 divinae
1956 3105 2075 3147 non
2100 3086 2342 3146 eluceat.
2426 3084 2521 3146 Ita
2544 3081 2607 3141 in
2633 3083 2968 3144 venditione

562 3163 610 3225 J
609 3165 830 3244 osephi,
861 3175 922 3227 et
946 3167 1318 3230 crucifixione
1347 3167 1580 3243 Christi,
1608 3167 1905 3230 horribilis
1930 3165 2041 3230 fuit
2067 3167 2257 3240 ὅταξίιι
2285 3163 2479 3244 quoad
2518 3163 2761 3224 consilia
2785 3163 2967 3222 homi-

561 3264 721 3320 num,
751 3245 858 3306 sed
878 3246 1335 3326 sapientissimus
1355 3245 1497 3308 ordo
1517 3247 1714 3325 quoad
1735 3247 1849 3308 Dei
1876 3247 2190 3322 decretum,
2214 3245 2317 3324 qui
2340 3252 2408 3306 ut
2426 3265 2459 3304 e
2480 3243 2737 3304 tenebris
2761 3243 2967 3319 lucem,

559 3332 622 3382 et
649 3344 681 3384 e
708 3325 861 3386 malo
888 3327 1106 3388 bonum
1134 3327 1330 3403 elicit3
1371 3327 1466 3387 Ita
1493 3336 1740 3387 eventus
1778 3328 1924 3388 istos
1951 3327 2285 3405 dispensare
2310 3324 2501 3385 voluit
2524 3323 2605 3383 ad
2640 3321 2967 3382 manifesta-

557 3403 778 3464 tionem
807 3406 1008 3484 gloriae
1035 3427 1171 3482 suae,
1203 3415 1263 3466 et
1289 3405 1534 3468 salutem
1557 3407 1871 3485 Ecclesiam
1913 3407 2061 3470 nihil
2082 3407 2295 3500 quippe
2321 3405 2419 3464 hic
2443 3403 2783 3482 praestitum,
2812 3401 2969 3480 quod

560 3487 601 3518 “
617 3503 824 3546 manus
872 3494 932 3546 et
959 3485 1264 3548 consilium
1293 3485 1405 3546 Dei
1442 3487 1569 3566 jam
1609 3495 1783 3547 antea
1822 3505 1940 3546 non
1978 3484 2336 3547 decrevisset
2376 3483 2560 3560 fieri,''
2592 3482 2729 3544 Act.
2758 3483 2838 3542 iv.
2868 3484 2964 3542 28.

558 3565 599 3598 ‘⁶
621 3565 748 3626 Vos
792 3565 1201 3644 cogitaveratis
1243 3565 1307 3625 in
1349 3567 1626 3643 malum,”
1670 3566 1860 3644 inquit
1907 3566 1952 3630 J
1952 3565 2205 3645 osephus
2248 3564 2539 3640 fratribus,
2586 3562 2737 3622 Gen.
2782 3561 2823 3622 1.
2868 3563 2965 3624 20.

558 3645 599 3680 “
625 3645 742 3706 Sed
771 3647 933 3708 Deus
960 3645 1244 3724 cogitavit
1265 3645 1414 3708 illud
1440 3646 1502 3706 in
1526 3646 1747 3706 bonum
1774 3647 2167 3721 convertere,”
2198 3643 2309 3706 &c-

640 3724 797 3786 ΧΠ.
843 3725 1008 3786 Licet
1046 3725 1292 3788 felicitas
1333 3725 1659 3804 impiorum,
1680 3734 1750 3788 ‚et
1788 3727 2015 3804 piorum
2042 3725 2419 3800 calamitates,
2448 3721 2867 3783 dubitationem
2894 3720 2967 3781 de

561 3802 937 3864 Providentia
963 3825 1115 3883 saepe
1143 3805 1449 3884 injecerint
1477 3805 1779 3880 Ethnicis;
1821 3803 1939 3864 imo
1966 3813 2027 3866 et
2058 3803 2259 3866 fideles
2299 3803 2459 3882 ipsos
2486 3811 2547 3862 et
2573 3800 2965 3862 sanctissimos

559 3882 674 3942 Dei
701 3883 856 3944 viros
883 3903 1002 3944 non
1027 3885 1209 3946 semel
1249 3884 1629 3959 exercuerint,
1670 3903 1819 3961 quos
1844 3885 2019 3946 toties
2044 3882 2118 3944 de
2159 3884 2277 3946 illis
2302 3882 2580 3961 conqueri
2618 3881 2869 3960 legimus
2903 3881 2966 3940 in

559 3961 886 4040 Scriptura:
929 3963 1092 4022 Nihil
1131 3970 1328 4023 tamen
1367 3971 1459 4024 est
1497 3962 1659 4040 quod
1699 3963 1875 4024 fidem
1913 3962 2304 4025 Providentiae
2345 3961 2695 4023 labefactare
2736 3961 2964 4020 debeat.

560 4044 613 4100 1.
657 4041 808 4117 Quia
849 4042 1240 4103 Providentiae
1279 4049 1342 4102 et
1380 4041 1626 4120 justitiae
1665 4042 1882 4104 divinae
1919 4044 2069 4104 ratio
2096 4044 2331 4123 quidem
2372 4042 2649 4122 postulat,
2688 4047 2759 4100 ut
2797 4039 2966 4101 bonis

553 4120 719 4197 bene,
748 4128 809 4182 et
834 4120 1004 4181 malis
1029 4122 1180 4182 male
1209 4122 1303 4199 sit,
1333 4120 1440 4182 sed
1478 4141 1596 4182 non
1635 4123 1852 4201 pariter
1882 4124 2087 4203 exig-lt,
2130 4131 2197 4186 ut
2238 4142 2464 4200 semper
2502 4119 2673 4180 bonis
2710 4120 2877 4196 bene,
2908 4127 2968 4180 et

552 4219 780 4278 semper
804 4201 974 4262 malis
1001 4202 1078 4262 sit
1103 4202 1253 4263 male
1273 4225 1290 4280 ς
1335 4203 1466 4262 Imo
1494 4202 1608 4263 Dei
1633 4203 1851 4264 eximia
1876 4203 2162 4282 sapientia
2186 4204 2377 4264 elucet
2400 4201 2466 4261 in
2490 4201 2603 4260 hac
2628 4219 2821 4260 rerum
2848 4199 2964 4258 dis-

549 4280 906 4359 pensatione,
936 4281 1077 4342 dum
1101 4283 1287 4344 multa
1313 4283 1550 4361 quidem
1579 4285 1799 4346 seelera
1824 4283 1953 4344 vult
1988 4283 2115 4362 jam
2156 4284 2218 4342 in
2243 4284 2354 4342 hac
2380 4281 2505 4342 vita
2528 4280 2741 4359 puniri,
2770 4287 2837 4340 ut
2860 4278 2965 4338 ho-

549 4361 737 4421 mines
765 4360 838 4420 de
865 4362 912 4422 J
911 4361 1112 4424 ustitia
1137 4372 1197 4425 et
1227 4363 1604 4426 Providentia
1627 4363 1979 4440 enidianmr,
2010 4363 2117 4424 sed
2142 4363 2327 4424 multa
2352 4361 2529 4424 etiam
2560 4359 2845 4438 impunita
2870 4357 2965 4418 hic

549 4441 742 4502 adhuc
767 4441 1058 4520 relinquit,
1087 4450 1154 4504 ut
1181 4441 1384 4504 innuet
1410 4444 1573 4504 aliud
1599 4464 1900 4524 superesse
1921 4443 2181 4506 seculum
2286 4451 2341 4502 st
2364 4441 2517 4502 hanc
2536 4440 2736 4514 vitam,
2766 4437 2827 4498 in
2846 4455 2965 4515 quo

553 4519 715 4582 Deus
755 4523 1066 4602 unicuique
1107 4523 1312 4584 reddet
1351 4525 1671 4586 secundum
1698 4545 1875 4608 opera
1902 4543 2041 4585 sua:
2082 4533 2162 4601 qu
2270 4520 2661 4599 Augustinus,
2688 4517 2791 4578 lib.
2820 4517 2859 4576 i.
2888 4515 2962 4576 de
