3300 5225
563 380 650 425 XX
1317 381 1654 429 EPISTULA
1694 382 2195 429 DEDICATORIA.

568 540 896 617 aedificant,
945 538 1025 603 ad
1055 560 1291 606 sacram
1332 540 1533 608 Verbi
1573 537 1945 627 Cynosuram
1994 544 2201 609 omnia
2237 564 2374 607 mea
2414 560 2853 623 componerem,
2888 546 2955 603 et

572 658 762 703 sacrae
811 638 948 702 Deo
986 638 1031 702 J
1034 642 1315 704 urentuti
1360 651 1576 725 λογικὸν
1627 646 1819 706 ἄδολον
1870 651 2037 726 γάλα
2072 642 2479 723 propinarem,
2523 661 2643 721 quo
2686 641 2749 703 in
2795 639 2957 702 veri-

571 743 706 799 tate
764 757 900 817 quae
965 740 1300 802 secundum
1347 740 1644 821 pietatem
1704 750 1803 805 est
1847 742 2121 823 quotidie
2184 742 2498 820 proficere,
2560 745 2629 802 et
2671 738 2752 800 ad
2800 754 2957 817 opus

571 834 901 898 ministerii
961 856 1094 900 sese
1159 858 1382 917 parare
1423 850 1653 920 posset.
1775 840 1871 902 Eo
1932 840 2190 919 respicit
2241 838 2553 919 Scriptum
2596 838 2731 911 hoc,
2780 834 2959 914 cujus

571 932 776 1013 prima
807 952 951 1013 pars
985 932 1052 996 in
1090 934 1286 999 lucem
1321 936 1552 1017 prodit,
1595 937 1757 1017 quod
1796 936 2055 1017 privatis
2092 937 2404 1017 Tyr-onum
2437 941 2789 999 nostrorum
2828 932 2960 995 usi-

576 1030 694 1093 bus
722 1030 921 1110 primo
963 1032 1354 1110 destinatum,
1405 1040 1472 1098 et
1512 1036 1649 1097 rudi
1697 1034 1983 1116 penicillo
2024 1036 2476 1110 adumbratum,
2523 1031 2755 1114 publici
2792 1030 2959 1110 juris

575 1130 796 1203 facere,
847 1148 970 1191 non
1005 1136 1134 1192 tam
1177 1140 1397 1211 sponte
1435 1133 1723 1209 adducor,
1767 1152 1946 1212 quam
1988 1132 2432 1213 quodammodo
2477 1150 2679 1212 cogor,
2726 1128 2960 1193 crebris

580 1230 648 1289 et
715 1225 960 1289 iteratis
1015 1247 1224 1291 eorum
1282 1228 1767 1311 flagitationibus
1828 1231 2278 1304 satisfacturus,
2346 1230 2450 1310 qui
2504 1228 2750 1308 aliquod
2813 1226 2959 1289 inde

581 1324 958 1387 commodum
1014 1345 1396 1390 accessurum
1455 1335 1758 1409 putarunt
1828 1326 2154 1391 Sacrorum
2193 1327 2441 1409 Mystis,
2484 1326 2565 1389 ad
2626 1325 2959 1389 faciliorem

578 1418 1164 1505 Controversiarum,
1224 1446 1358 1504 quae
1398 1426 1576 1489 nobis
1622 1447 1761 1490 cum
1806 1426 2203 1489 Adversariis
2262 1426 2677 1504 intercedunt,
2733 1424 2959 1486 enoda-

577 1518 827 1581 tionem.
859 1524 862 1527 ’
931 1520 1039 1584 An
1081 1542 1218 1601 spes
1260 1523 1532 1603 ipsorum
1573 1532 1717 1587 rata
1770 1525 1996 1587 debeat
2040 1544 2194 1605 esse,
2239 1530 2495 1587 eventus
2534 1542 2643 1585 suo
2683 1528 2961 1601 tempore

579 1636 719 1682 cum
761 1618 923 1681 bono
965 1617 1102 1683 Deo
1146 1640 1256 1683 nos
1297 1620 1562 1687 docebit.

701 1715 964 1779 Interim
1017 1719 1132 1780 hoc
1178 1716 1468 1798 quicquid
1512 1725 1610 1783 est
1658 1718 1903 1800 Operis,
1948 1718 2123 1781 th
2172 1719 2629 1799 AMPLISSIMI,
2684 1717 2748 1780 N
2754 1716 2858 1779 .N.
2896 1722 2965 1780 et

578 1812 755 1876 A.A.
801 1812 974 1878 D.D.
1021 1812 1212 1892 V.V.,
1263 1835 1390 1905 qua
1455 1836 1706 1895 possum
1760 1816 2159 1901 submissione
2212 1818 2434 1881 offerre
2495 1825 2560 1879 et
2610 1834 2963 1894 nuncupare

578 1911 890 1975 constitui.
1015 1913 1197 1976 Licet
1241 1914 1404 1976 enim
1447 1935 1568 1978 non
1611 1934 1829 1994 parum
1882 1934 2105 1995 anceps
2146 1915 2450 1996 haeserim,
2498 1935 2578 1978 an
2628 1934 2765 1977 cum
2812 1912 2961 1975 levi-

579 2009 751 2071 densi
799 2010 915 2072 hoc
963 2030 1214 2074 munere
1257 2011 1336 2073 ad
1383 2010 1514 2074 Vos
1579 2012 1870 2077 accedere
1938 2014 2267 2099 deberem;
2344 2033 2458 2076 nec
2518 2012 2805 2075 deessent
2862 2028 2963 2072 ra-

578 2106 778 2169 tiones
828 2108 1034 2189 variae,
1085 2128 1219 2188 quae
1267 2130 1306 2171 a
1351 2108 1670 2189 proposito
1712 2131 1811 2173 me
1871 2111 2184 2175 deterrere
2232 2117 2561 2190 poterant:
2614 2110 2820 2173 effecit
2864 2114 2962 2169 ta-

577 2223 718 2266 men
748 2198 1150 2283 benignitatis
1197 2214 1418 2270 vestrae
1465 2208 1803 2289 persuasio,
1849 2215 1916 2272 et
1956 2209 2140 2272 officii
2183 2208 2304 2271 mei
2348 2209 2535 2289 ratio,
2578 2214 2655 2269 ut
2702 2224 2963 2269 excusso

576 2302 742 2365 omni
803 2310 973 2365 metu
1019 2324 1142 2367 non
1193 2304 1602 2369 dubitaverim
1649 2307 1972 2387 splendida
2016 2306 2251 2370 Vestra
2286 2305 2557 2369 Nomina
2587 2306 2732 2367 huic
2776 2303 2965 2382 Operi

577 2420 716 2463 meo
761 2402 1184 2482 praescribere,
1215 2410 1287 2465 ut
1321 2406 1434 2467 sub
1477 2404 1771 2484 auspiciis
1810 2405 2036 2469 vestris
2086 2404 2323 2467 felicius
2364 2410 2431 2467 et
2474 2403 2675 2465 tutius
2716 2401 2782 2463 in
2805 2402 2961 2480 pub-

575 2496 763 2560 licum
804 2498 1101 2578 prodiret,
1150 2500 1515 2580 PersuasuS,
1565 2522 1691 2563 non
1743 2502 2055 2582 ingratum
2093 2504 2227 2563 sore
2274 2499 2471 2563 Vobis
2515 2506 2964 2579 argumentum,

580 2594 745 2675 quod
811 2594 1108 2658 doctrinae
1158 2595 1447 2659 salutaris
1499 2597 1797 2662 vindicias
1853 2596 2152 2678 continet,
2212 2617 2337 2678 qua
2377 2597 2531 2661 nihil
2578 2603 2787 2677 potest
2830 2617 2965 2660 esse

578 2693 645 2756 in
691 2712 758 2756 se
797 2693 1134 2782 sublimiuS,
1168 2693 1322 2756 nihil
1361 2694 1540 2759 uobis
1609 2697 1797 2760 debet
1847 2717 1983 2760 esse
2038 2695 2279 2769 carius3
2356 2694 2420 2757 N
2423 2715 2493 2760 ec
2552 2694 2965 2775 patrocinium

580 2797 854 2854 vestrum
893 2792 1301 2871 denegaturos
1349 2793 1493 2857 huic
1528 2793 1763 2874 opellae,
1807 2815 1941 2874 quae
1981 2814 2105 2856 non
2158 2792 2284 2857 alio
2324 2793 2617 2873 collimat,
2662 2813 2845 2873 quam
2886 2793 2967 2856 ad

581 2909 830 2954 causam
879 2889 1018 2964 Dei,
1065 2895 1133 2952 et
1177 2889 1484 2953 coelestem
1529 2891 1903 2972 Veritatem,
1957 2891 2053 2970 cuj
2060 2911 2131 2953 us
2187 2889 2321 2954 Vos
2360 2888 2714 2955 ‘defensores
2747 2891 2963 2972 voluit,

577 2988 871 3050 adversus
917 3007 1078 3050 vana
1110 2987 1422 3050 hominum
1465 2997 1811 3053 commenta
1848 2989 2259 3052 asserendam.
2364 2988 2550 3052 Adde
2598 2989 2761 3068 quod
2808 2989 2963 3053 nihil

569 3086 802 3165 justius
849 3085 990 3166 fuit,
1041 3105 1224 3166 quam
1277 3087 1517 3151 fructus
1563 3088 1769 3168 hosce,
1815 3084 1964 3150 licet
2002 3095 2244 3168 tenueS,
2306 3087 2651 3150 studiorum
2696 3107 2967 3150 meorum

578 3193 815 3249 vestros
872 3185 1089 3259 facere,
1139 3183 1244 3264 qui
1292 3185 1431 3264 ipso
1476 3187 1622 3264 jure
1667 3185 1859 3249 vestri
1910 3186 2045 3264 jam
2098 3191 2300 3265 erant,
2368 3192 2586 3265 utpote
2646 3185 2712 3248 in
2772 3185 2969 3248 fundo

580 3291 787 3346 vestro
839 3281 973 3343 nati
1019 3289 1084 3345 et
1135 3281 1321 3356 culti3
1373 3288 1447 3345 ut
1488 3303 1710 3362 meam,
1764 3282 1815 3345 si
1856 3303 1978 3344 non
2022 3281 2455 3363 eruditionem,
2502 3282 2718 3346 saltem
2764 3283 2969 3346 fideli-

582 3387 778 3444 tatem
829 3381 894 3442 in
940 3379 1221 3443 obeundo
1277 3398 1530 3443 munere
1589 3379 1741 3442 mihi
1803 3379 2147 3460 commiSSO,
2199 3380 2299 3442 vel
2348 3401 2429 3444 ex
2472 3382 2587 3442 hoc
2634 3380 2965 3460 specimine

581 3477 779 3541 Vobis
828 3481 1177 3557 probarem.
1306 3477 1443 3541 Nec
1495 3478 1624 3541 sine
1672 3487 2006 3562 ἀχαριστίας
2056 3477 2311 3542 crimine
2358 3478 2477 3540 alio
2521 3497 2619 3540 me
2662 3477 2967 3558 respicere

578 3576 940 3659 patiebatur
990 3575 1319 3655 singularis
1358 3574 1467 3638 illa
1534 3575 1980 3656 benevolentia,
2042 3597 2224 3656 quam
2283 3575 2517 3639 familia
2544 3582 2773 3638 nostra
2832 3583 2970 3639 tota

581 3693 822 3756 semper
871 3693 910 3737 a
955 3672 1154 3736 Vobis
1213 3681 1476 3754 experta
1540 3680 1659 3756 est,
1720 3693 1799 3738 ex
1859 3694 1981 3754 quo
2036 3673 2347 3754 piissimus
2400 3681 2466 3736 et
2533 3672 2965 3754 integerrimus

579 3773 702 3835 Vir
739 3773 1127 3836 Franciscus
1184 3771 1590 3836 Turrettinws
1629 3773 1808 3835 Avus
1854 3791 2027 3836 meus
2071 3774 2132 3834 b.
2168 3793 2249 3837 m.
2294 3777 2440 3834 ante
2487 3777 2732 3836 centum
2781 3769 2968 3834 circi-

577 3877 679 3934 ter
725 3889 919 3931 annos
952 3889 1033 3932 ex
1082 3867 1348 3933 Civitate
1399 3869 1688 3951 Lucensi,
1725 3870 1959 3933 relictis
2002 3870 2284 3933 omnibus
2332 3868 2555 3948 patriae
2602 3868 2966 3931 dulcissimae

577 3966 934 4046 commodis,
991 3967 1112 4030 huc
1168 3967 1492 4049 concessit,
1556 3975 1773 4032 sancto
1827 3967 2135 4047 puriorem
2198 3967 2583 4047 Religionem
2638 3964 2967 4046 profitendi

577 4066 710 4130 zelo
761 4065 1082 4144 impulsuS‚
1135 4064 1242 4126 ubi
1293 4065 1406 4126 sub
1461 4063 1851 4144 Amplissimi
1898 4063 2163 4126 Senatus
2210 4063 2595 4144 protectione
2644 4083 2783 4126 cum
2839 4059 2967 4124 suis

576 4163 782 4228 sedem
845 4163 1008 4244 fixit,
1069 4160 1470 4240 optatissimae
1522 4162 1677 4224 lucis
1749 4161 2135 4242 Evangelicae
2204 4181 2395 4224 usura
2460 4161 2753 4242 gaudens,
2826 4179 2967 4221 cum

576 4259 991 4340 compluribus
1031 4258 1210 4322 Italae
1241 4257 1444 4340 gentis
1489 4259 1853 4341 propinquis
1890 4266 1955 4322 et
1996 4259 2298 4341 affinibus,
2350 4259 2607 4337 aliisque
2656 4255 2775 4335 piis
2817 4255 2967 4318 viris

578 4377 729 4440 quos
760 4357 1069 4421 Veritatis
1109 4376 1307 4438 amor,
1342 4363 1408 4420 et
1459 4357 1691 4421 Christi
1734 4363 1923 4419 εὐωδία
1950 4357 2071 4419 huc
2106 4357 2489 4430 adduxerat3
2538 4353 2646 4416 ubi
2684 4353 2761 4415 ab
2804 4373 2968 4414 anno

582 4455 771 4521 1552
828 4453 1112 4520 Ecclesia
1159 4455 1386 4518 Italica
1443 4455 1650 4517 studio
1723 4453 1767 4515 J
1769 4455 2027 4517 ohannis
2076 4453 2337 4534 Calvini,
2386 4454 2499 4518 sub
2551 4450 2839 4531 praesidio
2898 4457 2965 4514 et

577 4554 960 4617 authoritate
1025 4551 1360 4615 Christiani
1421 4551 1829 4633 Magistratus
1886 4551 2227 4616 constituta
2277 4563 2395 4630 est,
2443 4567 2577 4629 quae
2630 4547 2967 4611 etiamnum

573 4651 758 4715 hodie
811 4651 1106 4734 singulari
1137 4651 1256 4715 Dei
1299 4650 1522 4731 gratia,
1558 4651 1673 4714 sub
1706 4656 1914 4714 vestro
1946 4649 2292 4731 patrocinio
2324 4654 2741 4710 conservatur.
2840 4646 2968 4708 Cu·-

3252 4736 3259 4801 ἡ
3250 3750 3279 4659 ’.μιῇ-ἒξ*
