<?xml version="1.0" encoding="UTF-8"?>
<!DOCTYPE html PUBLIC "-//W3C//DTD XHTML 1.0 Transitional//EN"
    "http://www.w3.org/TR/xhtml1/DTD/xhtml1-transitional.dtd">
<html xmlns="http://www.w3.org/1999/xhtml" xml:lang="en" lang="en">
 <head>
  <title>
</title>
<meta http-equiv="Content-Type" content="text/html;charset=utf-8" />
  <meta name='ocr-system' content='tesseract 3.04.00' />
  <meta name='ocr-capabilities' content='ocr_page ocr_carea ocr_par ocr_line ocrx_word'/>
</head>
<body>
  <div class='ocr_page' id='page_1' title='image "./institutiotheol00turrgoog_0581.png"; bbox 0 0 3300 5225; ppageno 0'>
   <div class='ocr_carea' id='block_1_1' title="bbox 316 268 2708 349">
    <p class='ocr_par' dir='ltr' id='par_1_1' title="bbox 316 268 2708 349">
     <span class='ocr_line' id='line_1_1' title="bbox 316 268 2708 349; baseline 0.002 -20"><span class='ocrx_word' id='word_1_1' title='bbox 316 288 537 337; x_wconf 69' lang='lat' dir='ltr'><strong>quater.</strong></span> <span class='ocrx_word' id='word_1_2' title='bbox 568 268 705 349; x_wconf 69' lang='lat' dir='ltr'><strong>vm]</strong></span> <span class='ocrx_word' id='word_1_3' title='bbox 1216 288 1295 327; x_wconf 73' lang='lat' dir='ltr'><strong>ns</strong></span> <span class='ocrx_word' id='word_1_4' title='bbox 1324 288 1595 327; x_wconf 74' lang='lat' dir='ltr'><strong>ror-:naas</strong></span> <span class='ocrx_word' id='word_1_5' title='bbox 1625 288 1905 329; x_wconf 60' lang='lat' dir='ltr'><strong>marnam.</strong></span> <span class='ocrx_word' id='word_1_6' title='bbox 2593 276 2708 333; x_wconf 81' lang='lat'><strong>529</strong></span> 
     </span>
    </p>
   </div>
   <div class='ocr_carea' id='block_1_2' title="bbox 309 426 2718 2025">
    <p class='ocr_par' dir='ltr' id='par_1_2' title="bbox 312 426 2715 966">
     <span class='ocr_line' id='line_1_2' title="bbox 314 426 2712 507; baseline 0.001 -20"><span class='ocrx_word' id='word_1_7' title='bbox 314 436 439 487; x_wconf 90' lang='lat' dir='ltr'><strong>tum</strong></span> <span class='ocrx_word' id='word_1_8' title='bbox 466 433 527 485; x_wconf 90' lang='lat' dir='ltr'><strong>et</strong></span> <span class='ocrx_word' id='word_1_9' title='bbox 554 426 909 489; x_wconf 86' lang='lat' dir='ltr'><strong>destructum</strong></span> <span class='ocrx_word' id='word_1_10' title='bbox 938 426 1243 487; x_wconf 76' lang='lat' dir='ltr'><strong>statuimus</strong></span> <span class='ocrx_word' id='word_1_11' title='bbox 1268 426 1584 485; x_wconf 83' lang='lat' dir='ltr'><strong>universali</strong></span> <span class='ocrx_word' id='word_1_12' title='bbox 1612 426 1852 502; x_wconf 77' lang='lat' dir='ltr'><strong>diluvio,</strong></span> <span class='ocrx_word' id='word_1_13' title='bbox 1883 428 1980 487; x_wconf 83' lang='lat' dir='ltr'><strong>vel</strong></span> <span class='ocrx_word' id='word_1_14' title='bbox 2007 428 2181 487; x_wconf 85' lang='lat' dir='ltr'><strong>etiam</strong></span> <span class='ocrx_word' id='word_1_15' title='bbox 2209 428 2298 489; x_wconf 84' lang='lat' dir='ltr'><strong>sin</strong></span> <span class='ocrx_word' id='word_1_16' title='bbox 2405 430 2490 488; x_wconf 88' lang='lat' dir='ltr'><strong>ari</strong></span> <span class='ocrx_word' id='word_1_17' title='bbox 2517 429 2712 507; x_wconf 87' lang='lat' dir='ltr'><strong>aliquo</strong></span> 
     </span>
     <span class='ocr_line' id='line_1_3' title="bbox 316 504 2715 585; baseline 0.002 -21"><span class='ocrx_word' id='word_1_18' title='bbox 316 507 430 564; x_wconf 89' lang='lat' dir='ltr'><strong>Dei</strong></span> <span class='ocrx_word' id='word_1_19' title='bbox 450 506 674 583; x_wconf 87' lang='lat' dir='ltr'><strong>judicio</strong></span> <span class='ocrx_word' id='word_1_20' title='bbox 700 507 869 566; x_wconf 88' lang='lat' dir='ltr'><strong>nobis</strong></span> <span class='ocrx_word' id='word_1_21' title='bbox 894 505 1209 583; x_wconf 79' lang='lat' dir='ltr'><strong>incognitO,</strong></span> <span class='ocrx_word' id='word_1_22' title='bbox 1247 526 1321 565; x_wconf 89' lang='lat' dir='ltr'><strong>ne</strong></span> <span class='ocrx_word' id='word_1_23' title='bbox 1360 506 1611 565; x_wconf 88' lang='lat' dir='ltr'><strong>reditum</strong></span> <span class='ocrx_word' id='word_1_24' title='bbox 1650 504 1714 565; x_wconf 89' lang='lat' dir='ltr'><strong>in</strong></span> <span class='ocrx_word' id='word_1_25' title='bbox 1751 507 1919 567; x_wconf 85' lang='lat' dir='ltr'><strong>illum</strong></span> <span class='ocrx_word' id='word_1_26' title='bbox 1958 507 2222 567; x_wconf 88' lang='lat' dir='ltr'><strong>homines</strong></span> <span class='ocrx_word' id='word_1_27' title='bbox 2339 516 2610 585; x_wconf 86' lang='lat' dir='ltr'><strong>ectarent,</strong></span> <span class='ocrx_word' id='word_1_28' title='bbox 2653 518 2715 570; x_wconf 88' lang='lat' dir='ltr'><strong>et</strong></span> 
     </span>
     <span class='ocr_line' id='line_1_4' title="bbox 314 586 2714 665; baseline 0.002 -21"><span class='ocrx_word' id='word_1_29' title='bbox 314 586 527 645; x_wconf 87' lang='lat' dir='ltr'><strong>scirent</strong></span> <span class='ocrx_word' id='word_1_30' title='bbox 553 586 731 645; x_wconf 87' lang='lat' dir='ltr'><strong>alium</strong></span> <span class='ocrx_word' id='word_1_31' title='bbox 758 586 1131 663; x_wconf 73' lang='lat' dir='ltr'><strong>quaerendum</strong></span> <span class='ocrx_word' id='word_1_32' title='bbox 1158 606 1285 645; x_wconf 86' lang='lat' dir='ltr'><strong>esse</strong></span> <span class='ocrx_word' id='word_1_33' title='bbox 1324 586 1499 663; x_wconf 91' lang='lat' dir='ltr'><strong>longe</strong></span> <span class='ocrx_word' id='word_1_34' title='bbox 1540 587 2016 662; x_wconf 82' lang='lat' dir='ltr'><strong>praestantiorem,</strong></span> <span class='ocrx_word' id='word_1_35' title='bbox 2065 587 2204 645; x_wconf 90' lang='lat' dir='ltr'><strong>nim.</strong></span> <span class='ocrx_word' id='word_1_36' title='bbox 2249 588 2560 664; x_wconf 82' lang='lat' dir='ltr'><strong>coelestem,</strong></span> <span class='ocrx_word' id='word_1_37' title='bbox 2611 589 2714 665; x_wconf 89' lang='lat' dir='ltr'><strong>qui</strong></span> 
     </span>
     <span class='ocr_line' id='line_1_5' title="bbox 312 664 2711 745; baseline 0.001 -22"><span class='ocrx_word' id='word_1_38' title='bbox 312 665 474 723; x_wconf 88' lang='lat' dir='ltr'><strong>nullo</strong></span> <span class='ocrx_word' id='word_1_39' title='bbox 502 664 725 724; x_wconf 83' lang='lat' dir='ltr'><strong>diluvio</strong></span> <span class='ocrx_word' id='word_1_40' title='bbox 752 665 930 725; x_wconf 90' lang='lat' dir='ltr'><strong>deleri</strong></span> <span class='ocrx_word' id='word_1_41' title='bbox 956 665 1157 743; x_wconf 88' lang='lat' dir='ltr'><strong>possit,</strong></span> <span class='ocrx_word' id='word_1_42' title='bbox 1188 664 1292 725; x_wconf 89' lang='lat' dir='ltr'><strong>sed</strong></span> <span class='ocrx_word' id='word_1_43' title='bbox 1316 664 1379 723; x_wconf 92' lang='lat' dir='ltr'><strong>in</strong></span> <span class='ocrx_word' id='word_1_44' title='bbox 1420 674 1698 724; x_wconf 74' lang='lat' dir='ltr'><strong>aeternum</strong></span> <span class='ocrx_word' id='word_1_45' title='bbox 1739 666 1816 725; x_wconf 89' lang='lat' dir='ltr'><strong>ad</strong></span> <span class='ocrx_word' id='word_1_46' title='bbox 1854 664 2188 725; x_wconf 76' lang='lat' dir='ltr'><strong>felicitatem</strong></span> <span class='ocrx_word' id='word_1_47' title='bbox 2227 666 2454 745; x_wconf 88' lang='lat' dir='ltr'><strong>piorum</strong></span> <span class='ocrx_word' id='word_1_48' title='bbox 2494 668 2570 727; x_wconf 86' lang='lat' dir='ltr'><strong>sit</strong></span> <span class='ocrx_word' id='word_1_49' title='bbox 2611 687 2711 744; x_wconf 89' lang='lat' dir='ltr'><strong>pe-</strong></span> 
     </span>
     <span class='ocr_line' id='line_1_6' title="bbox 312 751 2714 966; baseline 0.002 -84"><span class='ocrx_word' id='word_1_50' title='bbox 312 751 673 906; x_wconf 50' lang='grc' dir='ltr'><strong>Ξῖῗᾱᾞῗβ</strong></span> <span class='ocrx_word' id='word_1_51' title='bbox 690 876 787 907; x_wconf 61' lang='lat' dir='ltr'><strong>„on</strong></span> <span class='ocrx_word' id='word_1_52' title='bbox 832 826 1035 963; x_wconf 42' lang='lat' dir='ltr'><strong>hur.</strong></span> <span class='ocrx_word' id='word_1_53' title='bbox 1056 824 1335 963; x_wconf 44' lang='lat' dir='ltr'><strong>Rssfiffis</strong></span> <span class='ocrx_word' id='word_1_54' title='bbox 1352 832 1502 963; x_wconf 50' lang='lat' dir='ltr'><strong>suff,</strong></span> <span class='ocrx_word' id='word_1_55' title='bbox 1527 827 1579 884; x_wconf 90' lang='lat'><strong>1.</strong></span> <span class='ocrx_word' id='word_1_56' title='bbox 1603 824 1778 961; x_wconf 56' lang='lat' dir='ltr'><strong>guia,</strong></span> <span class='ocrx_word' id='word_1_57' title='bbox 1799 824 2186 963; x_wconf 38' lang='lat' dir='ltr'><strong>Gemyiialls,</strong></span> <span class='ocrx_word' id='word_1_58' title='bbox 2208 829 2304 903; x_wconf 81' lang='lat'><strong>20,</strong></span> <span class='ocrx_word' id='word_1_59' title='bbox 2321 826 2714 966; x_wconf 59' lang='lat' dir='ltr'><strong>gifluvitiuaquae</strong></span> 
     </span>
    </p>

    <p class='ocr_par' dir='ltr' id='par_1_3' title="bbox 309 916 2718 2025">
     <span class='ocr_line' id='line_1_7' title="bbox 368 916 2716 1063; baseline 0.002 -23"><span class='ocrx_word' id='word_1_60' title='bbox 368 933 619 1022; x_wconf 49' lang='lat' dir='ltr'><strong>afflasse</strong></span> <span class='ocrx_word' id='word_1_61' title='bbox 678 934 789 979; x_wconf 81' lang='lat' dir='ltr'><strong>pro-</strong></span> <span class='ocrx_word' id='word_1_62' title='bbox 828 924 1447 1061; x_wconf 46' lang='lat' dir='ltr'><strong>{ltisgi‘iiiosoquosq‘iie</strong></span> <span class='ocrx_word' id='word_1_63' title='bbox 1465 922 2094 1059; x_wconf 53' lang='grc' dir='ltr'>Θῐῗιιοιιιθῐέαῗιιῗιιᾶιθᾚιιι</span> <span class='ocrx_word' id='word_1_64' title='bbox 2103 925 2347 1045; x_wconf 53' lang='lat' dir='ltr'><strong>udzsliitis</strong></span> <span class='ocrx_word' id='word_1_65' title='bbox 2373 916 2716 1063; x_wconf 48' lang='lat' dir='ltr'><strong>3312er</strong></span> 
     </span>
     <span class='ocr_line' id='line_1_8' title="bbox 314 1060 2714 1140; baseline 0.003 -23"><span class='ocrx_word' id='word_1_66' title='bbox 314 1060 474 1139; x_wconf 89' lang='lat' dir='ltr'><strong>Ergo</strong></span> <span class='ocrx_word' id='word_1_67' title='bbox 500 1061 693 1121; x_wconf 89' lang='lat' dir='ltr'><strong>delere</strong></span> <span class='ocrx_word' id='word_1_68' title='bbox 719 1064 893 1123; x_wconf 88' lang='lat' dir='ltr'><strong>etiam</strong></span> <span class='ocrx_word' id='word_1_69' title='bbox 920 1063 1151 1122; x_wconf 89' lang='lat' dir='ltr'><strong>hortum</strong></span> <span class='ocrx_word' id='word_1_70' title='bbox 1176 1063 1353 1135; x_wconf 86' lang='lat' dir='ltr'><strong>istum</strong></span> <span class='ocrx_word' id='word_1_71' title='bbox 1380 1062 1721 1121; x_wconf 87' lang='lat' dir='ltr'><strong>debuerunt.</strong></span> <span class='ocrx_word' id='word_1_72' title='bbox 1804 1061 1974 1136; x_wconf 88' lang='lat' dir='ltr'><strong>Quod</strong></span> <span class='ocrx_word' id='word_1_73' title='bbox 2001 1082 2138 1121; x_wconf 88' lang='lat' dir='ltr'><strong>vero</strong></span> <span class='ocrx_word' id='word_1_74' title='bbox 2167 1064 2440 1124; x_wconf 85' lang='lat' dir='ltr'><strong>Bellarm.</strong></span> <span class='ocrx_word' id='word_1_75' title='bbox 2469 1065 2568 1140; x_wconf 86' lang='lat' dir='ltr'><strong>ait,</strong></span> <span class='ocrx_word' id='word_1_76' title='bbox 2593 1085 2714 1124; x_wconf 89' lang='lat' dir='ltr'><strong>cre-</strong></span> 
     </span>
     <span class='ocr_line' id='line_1_9' title="bbox 311 1139 2718 1219; baseline 0.002 -22"><span class='ocrx_word' id='word_1_77' title='bbox 311 1139 489 1199; x_wconf 82' lang='lat' dir='ltr'><strong>dibile</strong></span> <span class='ocrx_word' id='word_1_78' title='bbox 518 1160 645 1200; x_wconf 89' lang='lat' dir='ltr'><strong>esse</strong></span> <span class='ocrx_word' id='word_1_79' title='bbox 671 1160 853 1219; x_wconf 86' lang='lat' dir='ltr'><strong>aquas</strong></span> <span class='ocrx_word' id='word_1_80' title='bbox 879 1142 1087 1201; x_wconf 83' lang='lat' dir='ltr'><strong>diluvii</strong></span> <span class='ocrx_word' id='word_1_81' title='bbox 1102 1141 1164 1199; x_wconf 89' lang='lat' dir='ltr'><strong>in</strong></span> <span class='ocrx_word' id='word_1_82' title='bbox 1188 1141 1517 1219; x_wconf 74' lang='lat' dir='ltr'>paradisum</span> <span class='ocrx_word' id='word_1_83' title='bbox 1544 1161 1663 1199; x_wconf 87' lang='lat' dir='ltr'><strong>non</strong></span> <span class='ocrx_word' id='word_1_84' title='bbox 1688 1148 2036 1217; x_wconf 77' lang='lat' dir='ltr'><strong>penetrasse,</strong></span> <span class='ocrx_word' id='word_1_85' title='bbox 2059 1150 2120 1200; x_wconf 84' lang='lat' dir='ltr'><strong>et</strong></span> <span class='ocrx_word' id='word_1_86' title='bbox 2145 1143 2302 1217; x_wconf 89' lang='lat' dir='ltr'><strong>quod</strong></span> <span class='ocrx_word' id='word_1_87' title='bbox 2329 1143 2401 1202; x_wconf 88' lang='lat' dir='ltr'><strong>de</strong></span> <span class='ocrx_word' id='word_1_88' title='bbox 2422 1143 2718 1204; x_wconf 86' lang='lat' dir='ltr'><strong>montibus</strong></span> 
     </span>
     <span class='ocr_line' id='line_1_10' title="bbox 311 1220 2717 1299; baseline 0.002 -22"><span class='ocrx_word' id='word_1_89' title='bbox 311 1238 459 1296; x_wconf 88' lang='lat' dir='ltr'><strong>quos</strong></span> <span class='ocrx_word' id='word_1_90' title='bbox 476 1222 874 1296; x_wconf 77' lang='lat' dir='ltr'><strong>superaverint</strong></span> <span class='ocrx_word' id='word_1_91' title='bbox 899 1240 1065 1297; x_wconf 72' lang='lat' dir='ltr'><strong>aquae</strong></span> <span class='ocrx_word' id='word_1_92' title='bbox 1090 1229 1370 1296; x_wconf 86' lang='lat' dir='ltr'><strong>narratur,</strong></span> <span class='ocrx_word' id='word_1_93' title='bbox 1399 1220 1844 1297; x_wconf 88' lang='lat' dir='ltr'><strong>intelligendum</strong></span> <span class='ocrx_word' id='word_1_94' title='bbox 1869 1239 1995 1279; x_wconf 87' lang='lat' dir='ltr'><strong>esse</strong></span> <span class='ocrx_word' id='word_1_95' title='bbox 2023 1220 2102 1279; x_wconf 89' lang='lat' dir='ltr'><strong>de</strong></span> <span class='ocrx_word' id='word_1_96' title='bbox 2123 1221 2242 1281; x_wconf 86' lang='lat' dir='ltr'><strong>illis</strong></span> <span class='ocrx_word' id='word_1_97' title='bbox 2279 1222 2590 1297; x_wconf 89' lang='lat' dir='ltr'><strong>montibus,</strong></span> <span class='ocrx_word' id='word_1_98' title='bbox 2614 1224 2717 1299; x_wconf 86' lang='lat' dir='ltr'><strong>qui</strong></span> 
     </span>
     <span class='ocr_line' id='line_1_11' title="bbox 312 1298 2716 1379; baseline 0.002 -23"><span class='ocrx_word' id='word_1_99' title='bbox 312 1318 349 1356; x_wconf 91' lang='lat' dir='ltr'><strong>a</strong></span> <span class='ocrx_word' id='word_1_100' title='bbox 372 1300 769 1375; x_wconf 85' lang='lat' dir='ltr'><strong>peccatoribus</strong></span> <span class='ocrx_word' id='word_1_101' title='bbox 796 1300 859 1357; x_wconf 93' lang='lat' dir='ltr'><strong>in</strong></span> <span class='ocrx_word' id='word_1_102' title='bbox 878 1308 1033 1359; x_wconf 87' lang='lat' dir='ltr'><strong>terra</strong></span> <span class='ocrx_word' id='word_1_103' title='bbox 1045 1300 1305 1358; x_wconf 87' lang='lat' dir='ltr'><strong>habitata</strong></span> <span class='ocrx_word' id='word_1_104' title='bbox 1324 1299 1710 1358; x_wconf 73' lang='lat' dir='ltr'><strong>incolerentur</strong></span> <span class='ocrx_word' id='word_1_105' title='bbox 1732 1320 1748 1374; x_wconf 89' lang='lat'>;</span> <span class='ocrx_word' id='word_1_106' title='bbox 1791 1299 1994 1359; x_wconf 83' lang='lat' dir='ltr'><strong>eadem</strong></span> <span class='ocrx_word' id='word_1_107' title='bbox 2013 1298 2288 1361; x_wconf 79' lang='lat' dir='ltr'><strong>facilitate</strong></span> <span class='ocrx_word' id='word_1_108' title='bbox 2303 1302 2578 1377; x_wconf 77' lang='lat' dir='ltr'><strong>rejicitur,</strong></span> <span class='ocrx_word' id='word_1_109' title='bbox 2597 1321 2716 1379; x_wconf 80' lang='lat' dir='ltr'><strong>qua</strong></span> 
     </span>
     <span class='ocr_line' id='line_1_12' title="bbox 311 1378 2712 1473; baseline 0.002 -39"><span class='ocrx_word' id='word_1_110' title='bbox 311 1378 493 1454; x_wconf 87' lang='lat' dir='ltr'><strong>gratis</strong></span> <span class='ocrx_word' id='word_1_111' title='bbox 542 1386 601 1437; x_wconf 88' lang='lat' dir='ltr'><strong>et</strong></span> <span class='ocrx_word' id='word_1_112' title='bbox 647 1379 771 1471; x_wconf 79' lang='lat' dir='ltr'><strong>sine</strong></span> <span class='ocrx_word' id='word_1_113' title='bbox 818 1378 1191 1438; x_wconf 81' lang='lat' dir='ltr'><strong>fundamento</strong></span> <span class='ocrx_word' id='word_1_114' title='bbox 1234 1378 1589 1469; x_wconf 81' lang='lat' dir='ltr'><strong>proponitur.</strong></span> <span class='ocrx_word' id='word_1_115' title='bbox 1673 1378 1803 1470; x_wconf 75' lang='lat' dir='ltr'><strong>Imq</strong></span> <span class='ocrx_word' id='word_1_116' title='bbox 1833 1378 2142 1455; x_wconf 74' lang='lat' dir='ltr'><strong>Scripturas</strong></span> <span class='ocrx_word' id='word_1_117' title='bbox 2181 1388 2378 1473; x_wconf 77' lang='lat' dir='ltr'><strong>aperte</strong></span> <span class='ocrx_word' id='word_1_118' title='bbox 2408 1388 2712 1459; x_wconf 87' lang='lat' dir='ltr'><strong>repugnat,</strong></span> 
     </span>
     <span class='ocr_line' id='line_1_13' title="bbox 311 1456 2712 1615; baseline -0.003 -22"><span class='ocrx_word' id='word_1_119' title='bbox 311 1475 588 1613; x_wconf 47' lang='lat'><strong>2⁸52&amp;</strong></span> <span class='ocrx_word' id='word_1_120' title='bbox 602 1456 1609 1611; x_wconf 52' lang='lat' dir='ltr'><strong>Jssssffifflffisfflffiffi</strong></span> <span class='ocrx_word' id='word_1_121' title='bbox 1623 1457 2070 1595; x_wconf 55' lang='grc' dir='ltr'><strong>’ἑῖἳέῗῖἕέθῖἒὲ</strong></span> <span class='ocrx_word' id='word_1_122' title='bbox 2084 1457 2492 1597; x_wconf 58' lang='lat' dir='ltr'><strong>sfflm&#39;iff‘</strong></span> <span class='ocrx_word' id='word_1_123' title='bbox 2504 1462 2712 1615; x_wconf 60' lang='lat' dir='ltr'><strong>,Ii-&#39;01⁹1</strong></span> 
     </span>
     <span class='ocr_line' id='line_1_14' title="bbox 311 1559 2712 1693; baseline 0.001 -20"><span class='ocrx_word' id='word_1_124' title='bbox 311 1613 445 1679; x_wconf 87' lang='lat' dir='ltr'><strong>sitio</strong></span> <span class='ocrx_word' id='word_1_125' title='bbox 472 1616 819 1685; x_wconf 57' lang='lat' dir='ltr'><strong>universalis,</strong></span> <span class='ocrx_word' id='word_1_126' title='bbox 842 1635 959 1675; x_wconf 88' lang='lat' dir='ltr'><strong>non</strong></span> <span class='ocrx_word' id='word_1_127' title='bbox 986 1616 1160 1675; x_wconf 90' lang='lat' dir='ltr'><strong>debet</strong></span> <span class='ocrx_word' id='word_1_128' title='bbox 1198 1614 1485 1692; x_wconf 83' lang='lat' dir='ltr'><strong>restringi,</strong></span> <span class='ocrx_word' id='word_1_129' title='bbox 1516 1614 1631 1671; x_wconf 89' lang='lat' dir='ltr'><strong>nisi</strong></span> <span class='ocrx_word' id='word_1_130' title='bbox 1677 1615 1740 1671; x_wconf 93' lang='lat' dir='ltr'><strong>in</strong></span> <span class='ocrx_word' id='word_1_131' title='bbox 1785 1615 1914 1690; x_wconf 89' lang='lat' dir='ltr'><strong>ipsa</strong></span> <span class='ocrx_word' id='word_1_132' title='bbox 1961 1615 2256 1693; x_wconf 82' lang='lat' dir='ltr'><strong>Scriptura</strong></span> <span class='ocrx_word' id='word_1_133' title='bbox 2286 1616 2552 1693; x_wconf 82' lang='lat' dir='ltr'><strong>exceptio</strong></span> <span class='ocrx_word' id='word_1_134' title='bbox 2590 1559 2712 1693; x_wconf 58' lang='lat' dir='ltr'><strong>liant,</strong></span> 
     </span>
     <span class='ocr_line' id='line_1_15' title="bbox 309 1693 2716 1772; baseline 0.002 -22"><span class='ocrx_word' id='word_1_135' title='bbox 309 1694 409 1752; x_wconf 75' lang='lat' dir='ltr'><strong>vel</strong></span> <span class='ocrx_word' id='word_1_136' title='bbox 434 1695 581 1753; x_wconf 90' lang='lat' dir='ltr'><strong>ratio</strong></span> <span class='ocrx_word' id='word_1_137' title='bbox 607 1695 931 1753; x_wconf 88' lang='lat' dir='ltr'><strong>necessaria</strong></span> <span class='ocrx_word' id='word_1_138' title='bbox 956 1714 1083 1753; x_wconf 90' lang='lat' dir='ltr'><strong>eam</strong></span> <span class='ocrx_word' id='word_1_139' title='bbox 1112 1702 1405 1771; x_wconf 83' lang='lat' dir='ltr'><strong>exposcat,</strong></span> <span class='ocrx_word' id='word_1_140' title='bbox 1434 1711 1565 1770; x_wconf 80' lang='lat' dir='ltr'><strong>quae</strong></span> <span class='ocrx_word' id='word_1_141' title='bbox 1590 1693 1756 1752; x_wconf 86' lang='lat' dir='ltr'><strong>nulla</strong></span> <span class='ocrx_word' id='word_1_142' title='bbox 1780 1693 1876 1751; x_wconf 92' lang='lat' dir='ltr'><strong>hic</strong></span> <span class='ocrx_word' id='word_1_143' title='bbox 1903 1693 2108 1753; x_wconf 85' lang='lat' dir='ltr'><strong>datur:</strong></span> <span class='ocrx_word' id='word_1_144' title='bbox 2151 1695 2207 1753; x_wconf 90' lang='lat' dir='ltr'>N</span> <span class='ocrx_word' id='word_1_145' title='bbox 2209 1715 2304 1755; x_wconf 88' lang='lat' dir='ltr'><strong>am</strong></span> <span class='ocrx_word' id='word_1_146' title='bbox 2323 1715 2454 1772; x_wconf 76' lang='lat' dir='ltr'><strong>quse</strong></span> <span class='ocrx_word' id='word_1_147' title='bbox 2479 1694 2716 1755; x_wconf 83' lang='lat' dir='ltr'><strong>affertur</strong></span> 
     </span>
     <span class='ocr_line' id='line_1_16' title="bbox 312 1772 2712 1851; baseline 0.002 -22"><span class='ocrx_word' id='word_1_148' title='bbox 312 1772 385 1830; x_wconf 90' lang='lat' dir='ltr'><strong>de</strong></span> <span class='ocrx_word' id='word_1_149' title='bbox 415 1772 643 1831; x_wconf 87' lang='lat' dir='ltr'><strong>Enochi</strong></span> <span class='ocrx_word' id='word_1_150' title='bbox 670 1774 853 1833; x_wconf 84' lang='lat' dir='ltr'><strong>salute</strong></span> <span class='ocrx_word' id='word_1_151' title='bbox 881 1782 1083 1851; x_wconf 88' lang='lat' dir='ltr'><strong>postea</strong></span> <span class='ocrx_word' id='word_1_152' title='bbox 1108 1773 1419 1833; x_wconf 87' lang='lat' dir='ltr'><strong>refelletur.</strong></span> <span class='ocrx_word' id='word_1_153' title='bbox 1503 1772 1633 1831; x_wconf 89' lang='lat' dir='ltr'><strong>Imo</strong></span> <span class='ocrx_word' id='word_1_154' title='bbox 1673 1772 1798 1850; x_wconf 89' lang='lat' dir='ltr'><strong>ipse</strong></span> <span class='ocrx_word' id='word_1_155' title='bbox 1827 1772 2214 1833; x_wconf 86' lang='lat' dir='ltr'><strong>Bellarminus</strong></span> <span class='ocrx_word' id='word_1_156' title='bbox 2248 1793 2355 1833; x_wconf 85' lang='lat' dir='ltr'><strong>sua</strong></span> <span class='ocrx_word' id='word_1_157' title='bbox 2380 1775 2577 1833; x_wconf 80' lang='lat' dir='ltr'><strong>vineta</strong></span> <span class='ocrx_word' id='word_1_158' title='bbox 2603 1794 2712 1833; x_wconf 79' lang='lat' dir='ltr'><strong>cse-</strong></span> 
     </span>
     <span class='ocr_line' id='line_1_17' title="bbox 312 1850 2714 1929; baseline 0.002 -20"><span class='ocrx_word' id='word_1_159' title='bbox 312 1851 457 1909; x_wconf 89' lang='lat' dir='ltr'><strong>dens</strong></span> <span class='ocrx_word' id='word_1_160' title='bbox 484 1851 696 1911; x_wconf 87' lang='lat' dir='ltr'><strong>fatetur</strong></span> <span class='ocrx_word' id='word_1_161' title='bbox 720 1860 940 1929; x_wconf 84' lang='lat' dir='ltr'><strong>postea,</strong></span> <span class='ocrx_word' id='word_1_162' title='bbox 970 1872 1151 1929; x_wconf 86' lang='lat' dir='ltr'><strong>aquas</strong></span> <span class='ocrx_word' id='word_1_163' title='bbox 1191 1852 1253 1909; x_wconf 90' lang='lat' dir='ltr'><strong>in</strong></span> <span class='ocrx_word' id='word_1_164' title='bbox 1282 1850 1623 1909; x_wconf 75' lang='lat' dir='ltr'><strong>Paradisum</strong></span> <span class='ocrx_word' id='word_1_165' title='bbox 1663 1860 2012 1928; x_wconf 80' lang='lat' dir='ltr'><strong>penetrasse,</strong></span> <span class='ocrx_word' id='word_1_166' title='bbox 2043 1862 2102 1911; x_wconf 89' lang='lat' dir='ltr'><strong>et</strong></span> <span class='ocrx_word' id='word_1_167' title='bbox 2129 1853 2180 1910; x_wconf 91' lang='lat' dir='ltr'><strong>si</strong></span> <span class='ocrx_word' id='word_1_168' title='bbox 2205 1872 2323 1912; x_wconf 88' lang='lat' dir='ltr'><strong>non</strong></span> <span class='ocrx_word' id='word_1_169' title='bbox 2351 1854 2585 1913; x_wconf 90' lang='lat' dir='ltr'><strong>omnino</strong></span> <span class='ocrx_word' id='word_1_170' title='bbox 2613 1854 2714 1913; x_wconf 91' lang='lat' dir='ltr'><strong>de·</strong></span> 
     </span>
     <span class='ocr_line' id='line_1_18' title="bbox 312 1930 2715 2025; baseline 0.001 -36"><span class='ocrx_word' id='word_1_171' title='bbox 312 1938 610 2005; x_wconf 87' lang='lat' dir='ltr'><strong>structum,</strong></span> <span class='ocrx_word' id='word_1_172' title='bbox 642 1931 1049 1990; x_wconf 82' lang='lat' dir='ltr'><strong>detrimentum</strong></span> <span class='ocrx_word' id='word_1_173' title='bbox 1090 1940 1281 1989; x_wconf 88' lang='lat' dir='ltr'><strong>tamen</strong></span> <span class='ocrx_word' id='word_1_174' title='bbox 1308 1930 1545 2006; x_wconf 87' lang='lat' dir='ltr'><strong>aliquod</strong></span> <span class='ocrx_word' id='word_1_175' title='bbox 1585 1930 1894 2007; x_wconf 86' lang='lat' dir='ltr'><strong>accepisse,</strong></span> <span class='ocrx_word' id='word_1_176' title='bbox 1927 1931 2030 1989; x_wconf 87' lang='lat' dir='ltr'><strong>sed</strong></span> <span class='ocrx_word' id='word_1_177' title='bbox 2057 1950 2174 1989; x_wconf 87' lang='lat' dir='ltr'><strong>non</strong></span> <span class='ocrx_word' id='word_1_178' title='bbox 2200 1932 2394 2007; x_wconf 83' lang='lat' dir='ltr'><strong>totale,</strong></span> <span class='ocrx_word' id='word_1_179' title='bbox 2425 1934 2564 2009; x_wconf 72' lang='lat' dir='ltr'><strong>quia</strong></span> <span class='ocrx_word' id='word_1_180' title='bbox 2601 1952 2715 2025; x_wconf 60' lang='lat' dir='ltr'><strong>saon</strong></span> 
     </span>
    </p>
   </div>
   <div class='ocr_carea' id='block_1_3' title="bbox 311 2010 2814 2085">
    <p class='ocr_par' dir='ltr' id='par_1_4' title="bbox 311 2010 2814 2085">
     <span class='ocr_line' id='line_1_19' title="bbox 311 2010 2814 2085; baseline 0.002 -19"><span class='ocrx_word' id='word_1_181' title='bbox 311 2010 611 2069; x_wconf 79' lang='lat' dir='ltr'><strong>mutaverit</strong></span> <span class='ocrx_word' id='word_1_182' title='bbox 632 2010 798 2067; x_wconf 74' lang='lat' dir='ltr'><strong>eitum</strong></span> <span class='ocrx_word' id='word_1_183' title='bbox 824 2010 947 2085; x_wconf 81' lang='lat' dir='ltr'><strong>loci,</strong></span> <span class='ocrx_word' id='word_1_184' title='bbox 977 2029 1077 2068; x_wconf 80' lang='lat' dir='ltr'><strong>nec</strong></span> <span class='ocrx_word' id='word_1_185' title='bbox 1102 2010 1255 2067; x_wconf 74' lang='lat' dir='ltr'><strong>ae&#39;ris</strong></span> <span class='ocrx_word' id='word_1_186' title='bbox 1294 2017 1804 2085; x_wconf 77' lang='lat' dir='ltr'><strong>temperamentum,</strong></span> <span class='ocrx_word' id='word_1_187' title='bbox 1833 2028 1934 2067; x_wconf 80' lang='lat' dir='ltr'><strong>nec</strong></span> <span class='ocrx_word' id='word_1_188' title='bbox 1963 2011 2198 2068; x_wconf 75' lang='lat' dir='ltr'><strong>arbores</strong></span> <span class='ocrx_word' id='word_1_189' title='bbox 2225 2031 2411 2069; x_wconf 77' lang='lat' dir='ltr'><strong>omnes</strong></span> <span class='ocrx_word' id='word_1_190' title='bbox 2450 2012 2712 2070; x_wconf 74' lang='lat' dir='ltr'><strong>eradtca-</strong></span> <span class='ocrx_word' id='word_1_191' title='bbox 2803 2066 2814 2079; x_wconf 82' lang='lat'><strong>,</strong></span> 
     </span>
    </p>
   </div>
   <div class='ocr_carea' id='block_1_4' title="bbox 306 2089 2720 4378">
    <p class='ocr_par' dir='ltr' id='par_1_5' title="bbox 312 2089 925 2164">
     <span class='ocr_line' id='line_1_20' title="bbox 312 2089 925 2164; baseline 0.003 -19"><span class='ocrx_word' id='word_1_192' title='bbox 312 2089 470 2164; x_wconf 80' lang='lat' dir='ltr'><strong>verit,</strong></span> <span class='ocrx_word' id='word_1_193' title='bbox 501 2092 590 2147; x_wconf 83' lang='lat' dir='ltr'><strong>vel</strong></span> <span class='ocrx_word' id='word_1_194' title='bbox 612 2089 925 2164; x_wconf 60' lang='lat' dir='ltr'><strong>arefecerit.</strong></span> 
     </span>
    </p>

    <p class='ocr_par' dir='ltr' id='par_1_6' title="bbox 311 2164 2715 2562">
     <span class='ocr_line' id='line_1_21' title="bbox 390 2164 2715 2243; baseline 0.001 -18"><span class='ocrx_word' id='word_1_195' title='bbox 390 2167 469 2226; x_wconf 91' lang='lat' dir='ltr'><strong>V.</strong></span> <span class='ocrx_word' id='word_1_196' title='bbox 516 2167 797 2242; x_wconf 81' lang='lat' dir='ltr'><strong>SecundO,</strong></span> <span class='ocrx_word' id='word_1_197' title='bbox 832 2167 981 2241; x_wconf 85' lang='lat' dir='ltr'><strong>Quia</strong></span> <span class='ocrx_word' id='word_1_198' title='bbox 1018 2166 1243 2225; x_wconf 87' lang='lat' dir='ltr'><strong>nullum</strong></span> <span class='ocrx_word' id='word_1_199' title='bbox 1286 2164 1533 2243; x_wconf 89' lang='lat' dir='ltr'><strong>amplius</strong></span> <span class='ocrx_word' id='word_1_200' title='bbox 1574 2164 1793 2241; x_wconf 79' lang='lat' dir='ltr'><strong>existit,</strong></span> <span class='ocrx_word' id='word_1_201' title='bbox 1823 2166 1921 2224; x_wconf 82' lang='lat' dir='ltr'><strong>vel</strong></span> <span class='ocrx_word' id='word_1_202' title='bbox 1962 2166 2410 2243; x_wconf 82' lang='lat' dir='ltr'><strong>deprehenditur</strong></span> <span class='ocrx_word' id='word_1_203' title='bbox 2451 2167 2715 2227; x_wconf 89' lang='lat' dir='ltr'><strong>Paradisi</strong></span> 
     </span>
     <span class='ocr_line' id='line_1_22' title="bbox 311 2244 2710 2323; baseline 0.002 -21"><span class='ocrx_word' id='word_1_204' title='bbox 311 2246 641 2322; x_wconf 83' lang='lat' dir='ltr'><strong>vestigium,</strong></span> <span class='ocrx_word' id='word_1_205' title='bbox 656 2266 763 2313; x_wconf 83' lang='lat' dir='ltr'><strong>nee</strong></span> <span class='ocrx_word' id='word_1_206' title='bbox 773 2247 837 2304; x_wconf 90' lang='lat' dir='ltr'><strong>in</strong></span> <span class='ocrx_word' id='word_1_207' title='bbox 848 2246 1285 2323; x_wconf 76' lang='lat' dir='ltr'><strong>Mesopotamia,</strong></span> <span class='ocrx_word' id='word_1_208' title='bbox 1298 2246 1361 2302; x_wconf 93' lang='lat' dir='ltr'><strong>in</strong></span> <span class='ocrx_word' id='word_1_209' title='bbox 1374 2265 1506 2321; x_wconf 85' lang='lat' dir='ltr'><strong>qua,</strong></span> <span class='ocrx_word' id='word_1_210' title='bbox 1520 2252 1586 2303; x_wconf 88' lang='lat' dir='ltr'><strong>ut</strong></span> <span class='ocrx_word' id='word_1_211' title='bbox 1595 2244 1866 2319; x_wconf 81' lang='lat' dir='ltr'><strong>diximus,</strong></span> <span class='ocrx_word' id='word_1_212' title='bbox 1878 2245 2403 2321; x_wconf 84' lang='lat' dir='ltr'><strong>probabilissimum</strong></span> <span class='ocrx_word' id='word_1_213' title='bbox 2415 2255 2504 2305; x_wconf 88' lang='lat' dir='ltr'><strong>est</strong></span> <span class='ocrx_word' id='word_1_214' title='bbox 2515 2246 2710 2323; x_wconf 87' lang='lat' dir='ltr'><strong>fuisse,</strong></span> 
     </span>
     <span class='ocr_line' id='line_1_23' title="bbox 312 2323 2715 2403; baseline 0.002 -21"><span class='ocrx_word' id='word_1_215' title='bbox 312 2325 449 2401; x_wconf 90' lang='lat' dir='ltr'><strong>quia</strong></span> <span class='ocrx_word' id='word_1_216' title='bbox 476 2332 565 2385; x_wconf 85' lang='lat' dir='ltr'><strong>est</strong></span> <span class='ocrx_word' id='word_1_217' title='bbox 591 2326 751 2402; x_wconf 85' lang='lat' dir='ltr'><strong>regio</strong></span> <span class='ocrx_word' id='word_1_218' title='bbox 780 2326 1187 2399; x_wconf 75' lang='lat' dir='ltr'><strong>amoenissima,</strong></span> <span class='ocrx_word' id='word_1_219' title='bbox 1215 2324 1317 2383; x_wconf 93' lang='lat' dir='ltr'><strong>ubi</strong></span> <span class='ocrx_word' id='word_1_220' title='bbox 1342 2325 1704 2401; x_wconf 88' lang='lat' dir='ltr'><strong>reperiuntur</strong></span> <span class='ocrx_word' id='word_1_221' title='bbox 1731 2323 1970 2383; x_wconf 87' lang='lat' dir='ltr'><strong>flumina</strong></span> <span class='ocrx_word' id='word_1_222' title='bbox 1997 2325 2261 2384; x_wconf 87' lang='lat' dir='ltr'><strong>Paradisi</strong></span> <span class='ocrx_word' id='word_1_223' title='bbox 2287 2325 2614 2403; x_wconf 87' lang='lat' dir='ltr'><strong>Euphrates</strong></span> <span class='ocrx_word' id='word_1_224' title='bbox 2655 2336 2715 2387; x_wconf 85' lang='lat' dir='ltr'><strong>et</strong></span> 
     </span>
     <span class='ocr_line' id='line_1_24' title="bbox 311 2402 2714 2481; baseline 0.001 -20"><span class='ocrx_word' id='word_1_225' title='bbox 311 2404 523 2481; x_wconf 87' lang='lat' dir='ltr'><strong>Tigris,</strong></span> <span class='ocrx_word' id='word_1_226' title='bbox 555 2404 654 2463; x_wconf 90' lang='lat' dir='ltr'><strong>ubi</strong></span> <span class='ocrx_word' id='word_1_227' title='bbox 698 2414 787 2465; x_wconf 89' lang='lat' dir='ltr'><strong>est</strong></span> <span class='ocrx_word' id='word_1_228' title='bbox 832 2414 987 2464; x_wconf 88' lang='lat' dir='ltr'><strong>terra</strong></span> <span class='ocrx_word' id='word_1_229' title='bbox 1013 2407 1182 2463; x_wconf 82' lang='lat' dir='ltr'><strong>Eden</strong></span> <span class='ocrx_word' id='word_1_230' title='bbox 1224 2424 1354 2481; x_wconf 81' lang='lat' dir='ltr'><strong>quae</strong></span> <span class='ocrx_word' id='word_1_231' title='bbox 1381 2423 1591 2462; x_wconf 90' lang='lat' dir='ltr'><strong>nomen</strong></span> <span class='ocrx_word' id='word_1_232' title='bbox 1634 2402 1796 2462; x_wconf 88' lang='lat' dir='ltr'><strong>dedit</strong></span> <span class='ocrx_word' id='word_1_233' title='bbox 1838 2402 2132 2477; x_wconf 81' lang='lat' dir='ltr'><strong>ParadisO,</strong></span> <span class='ocrx_word' id='word_1_234' title='bbox 2164 2404 2314 2463; x_wconf 86' lang='lat' dir='ltr'><strong>Gen.</strong></span> <span class='ocrx_word' id='word_1_235' title='bbox 2341 2405 2403 2463; x_wconf 89' lang='lat' dir='ltr'><strong>ii.</strong></span> <span class='ocrx_word' id='word_1_236' title='bbox 2432 2406 2489 2480; x_wconf 89' lang='lat'><strong>8,</strong></span> <span class='ocrx_word' id='word_1_237' title='bbox 2520 2405 2714 2465; x_wconf 83' lang='lat' dir='ltr'><strong>vicina</strong></span> 
     </span>
     <span class='ocr_line' id='line_1_25' title="bbox 313 2482 2229 2562; baseline 0.001 -21"><span class='ocrx_word' id='word_1_238' title='bbox 313 2484 557 2559; x_wconf 86' lang='lat' dir='ltr'><strong>Charan,</strong></span> <span class='ocrx_word' id='word_1_239' title='bbox 588 2488 625 2542; x_wconf 79' lang='lat'><strong>2</strong></span> <span class='ocrx_word' id='word_1_240' title='bbox 656 2484 806 2562; x_wconf 89' lang='lat' dir='ltr'><strong>Reg.</strong></span> <span class='ocrx_word' id='word_1_241' title='bbox 835 2486 960 2544; x_wconf 82' lang='lat' dir='ltr'><strong>xix.</strong></span> <span class='ocrx_word' id='word_1_242' title='bbox 996 2488 1087 2558; x_wconf 81' lang='lat'><strong>12,</strong></span> <span class='ocrx_word' id='word_1_243' title='bbox 1119 2484 1291 2542; x_wconf 88' lang='lat' dir='ltr'><strong>Ezec.</strong></span> <span class='ocrx_word' id='word_1_244' title='bbox 1320 2483 1507 2541; x_wconf 83' lang='lat' dir='ltr'><strong>xxvii.</strong></span> <span class='ocrx_word' id='word_1_245' title='bbox 1538 2485 1643 2558; x_wconf 77' lang='lat'><strong>233</strong></span> <span class='ocrx_word' id='word_1_246' title='bbox 1685 2502 1794 2541; x_wconf 88' lang='lat' dir='ltr'><strong>nec</strong></span> <span class='ocrx_word' id='word_1_247' title='bbox 1819 2482 2044 2559; x_wconf 85' lang='lat' dir='ltr'><strong>uspiam</strong></span> <span class='ocrx_word' id='word_1_248' title='bbox 2071 2483 2229 2542; x_wconf 91' lang='lat' dir='ltr'><strong>alibi.</strong></span> 
     </span>
    </p>

    <p class='ocr_par' dir='ltr' id='par_1_7' title="bbox 310 2561 2715 2940">
     <span class='ocr_line' id='line_1_26' title="bbox 391 2561 2712 2641; baseline 0 -18"><span class='ocrx_word' id='word_1_249' title='bbox 391 2562 505 2623; x_wconf 89' lang='lat' dir='ltr'><strong>VI.</strong></span> <span class='ocrx_word' id='word_1_250' title='bbox 548 2564 761 2640; x_wconf 87' lang='lat' dir='ltr'><strong>Terti0,</strong></span> <span class='ocrx_word' id='word_1_251' title='bbox 797 2563 860 2622; x_wconf 88' lang='lat' dir='ltr'><strong>Si</strong></span> <span class='ocrx_word' id='word_1_252' title='bbox 903 2563 1213 2623; x_wconf 86' lang='lat' dir='ltr'><strong>Paradisus</strong></span> <span class='ocrx_word' id='word_1_253' title='bbox 1254 2562 1489 2641; x_wconf 86' lang='lat' dir='ltr'><strong>speciali</strong></span> <span class='ocrx_word' id='word_1_254' title='bbox 1520 2561 1828 2640; x_wconf 82' lang='lat' dir='ltr'><strong>privilegio</strong></span> <span class='ocrx_word' id='word_1_255' title='bbox 1856 2570 2230 2622; x_wconf 83' lang='lat' dir='ltr'><strong>conservatus</strong></span> <span class='ocrx_word' id='word_1_256' title='bbox 2255 2562 2462 2623; x_wconf 85' lang='lat' dir='ltr'><strong>fuisset</strong></span> <span class='ocrx_word' id='word_1_257' title='bbox 2487 2583 2529 2622; x_wconf 88' lang='lat' dir='ltr'><strong>a</strong></span> <span class='ocrx_word' id='word_1_258' title='bbox 2565 2564 2712 2640; x_wconf 81' lang='lat' dir='ltr'><strong>Dee,</strong></span> 
     </span>
     <span class='ocr_line' id='line_1_27' title="bbox 310 2641 2715 2721; baseline 0 -19"><span class='ocrx_word' id='word_1_259' title='bbox 310 2651 369 2702; x_wconf 88' lang='lat' dir='ltr'><strong>et</strong></span> <span class='ocrx_word' id='word_1_260' title='bbox 395 2643 667 2704; x_wconf 90' lang='lat' dir='ltr'><strong>immunis</strong></span> <span class='ocrx_word' id='word_1_261' title='bbox 694 2645 767 2703; x_wconf 88' lang='lat' dir='ltr'><strong>ab</strong></span> <span class='ocrx_word' id='word_1_262' title='bbox 816 2644 981 2720; x_wconf 86' lang='lat' dir='ltr'><strong>aquis</strong></span> <span class='ocrx_word' id='word_1_263' title='bbox 1010 2643 1271 2718; x_wconf 79' lang='lat' dir='ltr'><strong>Diluvii3</strong></span> <span class='ocrx_word' id='word_1_264' title='bbox 1330 2642 1545 2702; x_wconf 78' lang='lat' dir='ltr'><strong>frustra</strong></span> <span class='ocrx_word' id='word_1_265' title='bbox 1570 2641 1844 2700; x_wconf 86' lang='lat' dir='ltr'><strong>Noaehus</strong></span> <span class='ocrx_word' id='word_1_266' title='bbox 1887 2649 2048 2700; x_wconf 82' lang='lat' dir='ltr'><strong>tanto</strong></span> <span class='ocrx_word' id='word_1_267' title='bbox 2091 2650 2348 2720; x_wconf 76' lang='lat' dir='ltr'><strong>tempore</strong></span> <span class='ocrx_word' id='word_1_268' title='bbox 2389 2651 2450 2702; x_wconf 86' lang='lat' dir='ltr'><strong>et</strong></span> <span class='ocrx_word' id='word_1_269' title='bbox 2479 2652 2715 2721; x_wconf 84' lang='lat' dir='ltr'><strong>sumptu</strong></span> 
     </span>
     <span class='ocr_line' id='line_1_28' title="bbox 313 2719 2712 2800; baseline 0.001 -21"><span class='ocrx_word' id='word_1_270' title='bbox 313 2723 529 2781; x_wconf 86' lang='lat' dir='ltr'><strong>Arcam</strong></span> <span class='ocrx_word' id='word_1_271' title='bbox 558 2724 913 2799; x_wconf 86' lang='lat' dir='ltr'><strong>confecisset,</strong></span> <span class='ocrx_word' id='word_1_272' title='bbox 942 2723 1005 2780; x_wconf 91' lang='lat' dir='ltr'><strong>in</strong></span> <span class='ocrx_word' id='word_1_273' title='bbox 1032 2742 1206 2800; x_wconf 85' lang='lat' dir='ltr'><strong>quam</strong></span> <span class='ocrx_word' id='word_1_274' title='bbox 1234 2741 1295 2780; x_wconf 86' lang='lat' dir='ltr'><strong>se</strong></span> <span class='ocrx_word' id='word_1_275' title='bbox 1321 2721 1619 2798; x_wconf 89' lang='lat' dir='ltr'><strong>reciperet,</strong></span> <span class='ocrx_word' id='word_1_276' title='bbox 1643 2740 1774 2779; x_wconf 92' lang='lat' dir='ltr'><strong>cum</strong></span> <span class='ocrx_word' id='word_1_277' title='bbox 1789 2719 1958 2778; x_wconf 87' lang='lat' dir='ltr'><strong>facile</strong></span> <span class='ocrx_word' id='word_1_278' title='bbox 1979 2723 2262 2798; x_wconf 88' lang='lat' dir='ltr'><strong>potuisset</strong></span> <span class='ocrx_word' id='word_1_279' title='bbox 2288 2722 2350 2779; x_wconf 91' lang='lat' dir='ltr'><strong>in</strong></span> <span class='ocrx_word' id='word_1_280' title='bbox 2373 2722 2712 2781; x_wconf 87' lang='lat' dir='ltr'><strong>Paradisum</strong></span> 
     </span>
     <span class='ocr_line' id='line_1_29' title="bbox 312 2799 2710 2878; baseline 0 -18"><span class='ocrx_word' id='word_1_281' title='bbox 312 2821 447 2860; x_wconf 89' lang='lat' dir='ltr'><strong>cum·</strong></span> <span class='ocrx_word' id='word_1_282' title='bbox 472 2802 691 2860; x_wconf 86' lang='lat' dir='ltr'><strong>familia</strong></span> <span class='ocrx_word' id='word_1_283' title='bbox 714 2821 837 2878; x_wconf 85' lang='lat' dir='ltr'><strong>sua,</strong></span> <span class='ocrx_word' id='word_1_284' title='bbox 868 2811 927 2862; x_wconf 88' lang='lat' dir='ltr'><strong>et</strong></span> <span class='ocrx_word' id='word_1_285' title='bbox 966 2801 1190 2862; x_wconf 84' lang='lat' dir='ltr'><strong>caeteris</strong></span> <span class='ocrx_word' id='word_1_286' title='bbox 1218 2800 1621 2875; x_wconf 86' lang='lat' dir='ltr'><strong>animantibus,</strong></span> <span class='ocrx_word' id='word_1_287' title='bbox 1653 2800 1919 2876; x_wconf 84' lang='lat' dir='ltr'><strong>migrare,</strong></span> <span class='ocrx_word' id='word_1_288' title='bbox 1949 2799 2052 2860; x_wconf 88' lang='lat' dir='ltr'><strong>ubi</strong></span> <span class='ocrx_word' id='word_1_289' title='bbox 2091 2809 2252 2861; x_wconf 84' lang='lat' dir='ltr'><strong>tutus</strong></span> <span class='ocrx_word' id='word_1_290' title='bbox 2291 2800 2497 2860; x_wconf 67' lang='lat' dir='ltr'><strong>fixisset</strong></span> <span class='ocrx_word' id='word_1_291' title='bbox 2522 2801 2598 2860; x_wconf 90' lang='lat' dir='ltr'><strong>ab</strong></span> <span class='ocrx_word' id='word_1_292' title='bbox 2623 2801 2710 2860; x_wconf 89' lang='lat' dir='ltr'><strong>in-</strong></span> 
     </span>
     <span class='ocr_line' id='line_1_30' title="bbox 312 2881 644 2940; baseline 0 0"><span class='ocrx_word' id='word_1_293' title='bbox 312 2881 644 2940; x_wconf 83' lang='lat' dir='ltr'><strong>undatione.</strong></span> 
     </span>
    </p>

    <p class='ocr_par' dir='ltr' id='par_1_8' title="bbox 308 2957 2716 3965">
     <span class='ocr_line' id='line_1_31' title="bbox 392 2957 2714 3035; baseline 0.001 -19"><span class='ocrx_word' id='word_1_294' title='bbox 392 2960 540 3017; x_wconf 92' lang='lat' dir='ltr'><strong>VII.</strong></span> <span class='ocrx_word' id='word_1_295' title='bbox 585 2961 819 3034; x_wconf 88' lang='lat' dir='ltr'><strong>Quarto,</strong></span> <span class='ocrx_word' id='word_1_296' title='bbox 855 2960 918 3019; x_wconf 88' lang='lat' dir='ltr'><strong>Si</strong></span> <span class='ocrx_word' id='word_1_297' title='bbox 947 2959 1259 3018; x_wconf 84' lang='lat' dir='ltr'><strong>Paradisus</strong></span> <span class='ocrx_word' id='word_1_298' title='bbox 1286 2967 1663 3018; x_wconf 77' lang='lat' dir='ltr'><strong>conservatus</strong></span> <span class='ocrx_word' id='word_1_299' title='bbox 1689 2965 1795 3034; x_wconf 88' lang='lat' dir='ltr'><strong>est,</strong></span> <span class='ocrx_word' id='word_1_300' title='bbox 1825 2957 2020 3034; x_wconf 87' lang='lat' dir='ltr'><strong>aliqua</strong></span> <span class='ocrx_word' id='word_1_301' title='bbox 2045 2958 2423 3035; x_wconf 88' lang='lat' dir='ltr'><strong>proculdubio</strong></span> <span class='ocrx_word' id='word_1_302' title='bbox 2445 2958 2518 3018; x_wconf 89' lang='lat' dir='ltr'><strong>de</strong></span> <span class='ocrx_word' id='word_1_303' title='bbox 2539 2978 2714 3018; x_wconf 77' lang='lat' dir='ltr'><strong>eausa</strong></span> 
     </span>
     <span class='ocr_line' id='line_1_32' title="bbox 312 3037 2712 3114; baseline 0.002 -20"><span class='ocrx_word' id='word_1_304' title='bbox 312 3040 641 3096; x_wconf 84' lang='lat' dir='ltr'><strong>conservari</strong></span> <span class='ocrx_word' id='word_1_305' title='bbox 668 3039 885 3112; x_wconf 84' lang='lat' dir='ltr'><strong>debuit,</strong></span> <span class='ocrx_word' id='word_1_306' title='bbox 915 3048 975 3097; x_wconf 87' lang='lat' dir='ltr'><strong>et</strong></span> <span class='ocrx_word' id='word_1_307' title='bbox 1000 3039 1062 3096; x_wconf 86' lang='lat' dir='ltr'><strong>in</strong></span> <span class='ocrx_word' id='word_1_308' title='bbox 1087 3038 1339 3114; x_wconf 88' lang='lat' dir='ltr'><strong>aliquem</strong></span> <span class='ocrx_word' id='word_1_309' title='bbox 1366 3039 1559 3096; x_wconf 88' lang='lat' dir='ltr'><strong>finem.</strong></span> <span class='ocrx_word' id='word_1_310' title='bbox 1646 3037 1764 3098; x_wconf 90' lang='lat' dir='ltr'><strong>Sed</strong></span> <span class='ocrx_word' id='word_1_311' title='bbox 1789 3038 1952 3095; x_wconf 88' lang='lat' dir='ltr'><strong>nulla</strong></span> <span class='ocrx_word' id='word_1_312' title='bbox 1975 3038 2122 3096; x_wconf 87' lang='lat' dir='ltr'><strong>ratio</strong></span> <span class='ocrx_word' id='word_1_313' title='bbox 2149 3045 2340 3113; x_wconf 88' lang='lat' dir='ltr'><strong>potest</strong></span> <span class='ocrx_word' id='word_1_314' title='bbox 2367 3038 2495 3114; x_wconf 89' lang='lat' dir='ltr'><strong>ejus</strong></span> <span class='ocrx_word' id='word_1_315' title='bbox 2528 3037 2712 3098; x_wconf 90' lang='lat' dir='ltr'><strong>reddi.</strong></span> 
     </span>
     <span class='ocr_line' id='line_1_33' title="bbox 314 3115 2712 3194; baseline 0 -20"><span class='ocrx_word' id='word_1_316' title='bbox 314 3115 464 3174; x_wconf 87' lang='lat' dir='ltr'><strong>Nam</strong></span> <span class='ocrx_word' id='word_1_317' title='bbox 492 3135 561 3174; x_wconf 90' lang='lat' dir='ltr'><strong>ea</strong></span> <span class='ocrx_word' id='word_1_318' title='bbox 586 3136 761 3194; x_wconf 88' lang='lat' dir='ltr'><strong>quam</strong></span> <span class='ocrx_word' id='word_1_319' title='bbox 789 3117 1133 3176; x_wconf 81' lang='lat' dir='ltr'><strong>Adversarii</strong></span> <span class='ocrx_word' id='word_1_320' title='bbox 1158 3116 1403 3192; x_wconf 86' lang='lat' dir='ltr'><strong>fingunt,</strong></span> <span class='ocrx_word' id='word_1_321' title='bbox 1433 3117 1705 3176; x_wconf 85' lang='lat' dir='ltr'><strong>nimirum</strong></span> <span class='ocrx_word' id='word_1_322' title='bbox 1731 3123 1798 3174; x_wconf 92' lang='lat' dir='ltr'><strong>ut</strong></span> <span class='ocrx_word' id='word_1_323' title='bbox 1826 3117 2031 3175; x_wconf 87' lang='lat' dir='ltr'><strong>Enoch</strong></span> <span class='ocrx_word' id='word_1_324' title='bbox 2068 3125 2128 3176; x_wconf 91' lang='lat' dir='ltr'><strong>et</strong></span> <span class='ocrx_word' id='word_1_325' title='bbox 2155 3116 2317 3174; x_wconf 85' lang='lat' dir='ltr'><strong>Elias</strong></span> <span class='ocrx_word' id='word_1_326' title='bbox 2345 3136 2414 3175; x_wconf 93' lang='lat' dir='ltr'><strong>eo</strong></span> <span class='ocrx_word' id='word_1_327' title='bbox 2441 3116 2712 3176; x_wconf 86' lang='lat' dir='ltr'><strong>transfer-</strong></span> 
     </span>
     <span class='ocr_line' id='line_1_34' title="bbox 310 3194 2716 3272; baseline 0.001 -20"><span class='ocrx_word' id='word_1_328' title='bbox 310 3202 523 3270; x_wconf 86' lang='lat' dir='ltr'><strong>rentur,</strong></span> <span class='ocrx_word' id='word_1_329' title='bbox 552 3204 619 3254; x_wconf 91' lang='lat' dir='ltr'><strong>ut</strong></span> <span class='ocrx_word' id='word_1_330' title='bbox 646 3203 1059 3272; x_wconf 82' lang='lat' dir='ltr'><strong>congruentem</strong></span> <span class='ocrx_word' id='word_1_331' title='bbox 1086 3214 1191 3254; x_wconf 90' lang='lat' dir='ltr'><strong>suo</strong></span> <span class='ocrx_word' id='word_1_332' title='bbox 1218 3196 1395 3254; x_wconf 88' lang='lat' dir='ltr'><strong>statui</strong></span> <span class='ocrx_word' id='word_1_333' title='bbox 1422 3195 1617 3253; x_wconf 87' lang='lat' dir='ltr'><strong>sedem</strong></span> <span class='ocrx_word' id='word_1_334' title='bbox 1644 3195 1939 3270; x_wconf 88' lang='lat' dir='ltr'><strong>haberent,</strong></span> <span class='ocrx_word' id='word_1_335' title='bbox 1971 3194 2153 3254; x_wconf 88' lang='lat' dir='ltr'><strong>donec</strong></span> <span class='ocrx_word' id='word_1_336' title='bbox 2179 3204 2408 3272; x_wconf 89' lang='lat' dir='ltr'><strong>tempus</strong></span> <span class='ocrx_word' id='word_1_337' title='bbox 2434 3205 2604 3272; x_wconf 87' lang='lat' dir='ltr'><strong>esset,</strong></span> <span class='ocrx_word' id='word_1_338' title='bbox 2647 3205 2716 3255; x_wconf 84' lang='lat' dir='ltr'><strong>ut</strong></span> 
     </span>
     <span class='ocr_line' id='line_1_35' title="bbox 312 3273 2716 3350; baseline 0.001 -19"><span class='ocrx_word' id='word_1_339' title='bbox 312 3293 443 3332; x_wconf 89' lang='lat' dir='ltr'><strong>cum</strong></span> <span class='ocrx_word' id='word_1_340' title='bbox 471 3274 875 3332; x_wconf 89' lang='lat' dir='ltr'><strong>Anti-Christo</strong></span> <span class='ocrx_word' id='word_1_341' title='bbox 904 3273 1359 3350; x_wconf 86' lang='lat' dir='ltr'><strong>congredientes,</strong></span> <span class='ocrx_word' id='word_1_342' title='bbox 1382 3273 1565 3332; x_wconf 83' lang='lat' dir='ltr'><strong>vitam</strong></span> <span class='ocrx_word' id='word_1_343' title='bbox 1592 3293 1724 3332; x_wconf 89' lang='lat' dir='ltr'><strong>cum</strong></span> <span class='ocrx_word' id='word_1_344' title='bbox 1753 3281 1934 3331; x_wconf 89' lang='lat' dir='ltr'><strong>morte</strong></span> <span class='ocrx_word' id='word_1_345' title='bbox 1963 3283 2396 3348; x_wconf 87' lang='lat' dir='ltr'><strong>commutarent,</strong></span> <span class='ocrx_word' id='word_1_346' title='bbox 2419 3275 2602 3334; x_wconf 83' lang='lat' dir='ltr'><strong>futilis</strong></span> <span class='ocrx_word' id='word_1_347' title='bbox 2623 3284 2716 3334; x_wconf 91' lang='lat' dir='ltr'><strong>est</strong></span> 
     </span>
     <span class='ocr_line' id='line_1_36' title="bbox 310 3350 2716 3428; baseline 0.001 -18"><span class='ocrx_word' id='word_1_348' title='bbox 310 3361 371 3410; x_wconf 88' lang='lat' dir='ltr'><strong>et</strong></span> <span class='ocrx_word' id='word_1_349' title='bbox 398 3352 647 3412; x_wconf 89' lang='lat' dir='ltr'><strong>absurda</strong></span> <span class='ocrx_word' id='word_1_350' title='bbox 672 3353 885 3427; x_wconf 84' lang='lat' dir='ltr'><strong>fabula,</strong></span> <span class='ocrx_word' id='word_1_351' title='bbox 915 3371 1045 3428; x_wconf 78' lang='lat' dir='ltr'><strong>quse</strong></span> <span class='ocrx_word' id='word_1_352' title='bbox 1072 3352 1233 3410; x_wconf 88' lang='lat' dir='ltr'><strong>nullo</strong></span> <span class='ocrx_word' id='word_1_353' title='bbox 1255 3350 1627 3410; x_wconf 80' lang='lat' dir='ltr'><strong>fundamento</strong></span> <span class='ocrx_word' id='word_1_354' title='bbox 1648 3352 1869 3408; x_wconf 86' lang='lat' dir='ltr'><strong>nititur.</strong></span> <span class='ocrx_word' id='word_1_355' title='bbox 1953 3351 2210 3410; x_wconf 91' lang='lat' dir='ltr'><strong>Dubium</strong></span> <span class='ocrx_word' id='word_1_356' title='bbox 2231 3351 2467 3426; x_wconf 92' lang='lat' dir='ltr'><strong>quidem</strong></span> <span class='ocrx_word' id='word_1_357' title='bbox 2485 3372 2604 3411; x_wconf 87' lang='lat' dir='ltr'><strong>non</strong></span> <span class='ocrx_word' id='word_1_358' title='bbox 2623 3363 2716 3413; x_wconf 88' lang='lat' dir='ltr'><strong>est</strong></span> 
     </span>
     <span class='ocr_line' id='line_1_37' title="bbox 313 3429 2712 3503; baseline 0 -13"><span class='ocrx_word' id='word_1_359' title='bbox 313 3431 616 3490; x_wconf 89' lang='lat' dir='ltr'><strong>Enochum</strong></span> <span class='ocrx_word' id='word_1_360' title='bbox 642 3440 703 3491; x_wconf 91' lang='lat' dir='ltr'><strong>et</strong></span> <span class='ocrx_word' id='word_1_361' title='bbox 729 3432 921 3490; x_wconf 89' lang='lat' dir='ltr'><strong>Eliam</strong></span> <span class='ocrx_word' id='word_1_362' title='bbox 948 3431 1007 3488; x_wconf 92' lang='lat' dir='ltr'><strong>in</strong></span> <span class='ocrx_word' id='word_1_363' title='bbox 1037 3430 1375 3488; x_wconf 86' lang='lat' dir='ltr'><strong>Paradisum</strong></span> <span class='ocrx_word' id='word_1_364' title='bbox 1402 3430 1581 3488; x_wconf 88' lang='lat' dir='ltr'><strong>fuisse</strong></span> <span class='ocrx_word' id='word_1_365' title='bbox 1620 3429 1946 3503; x_wconf 85' lang='lat' dir='ltr'><strong>translatos,</strong></span> <span class='ocrx_word' id='word_1_366' title='bbox 1977 3429 2077 3488; x_wconf 92' lang='lat' dir='ltr'><strong>ubi</strong></span> <span class='ocrx_word' id='word_1_367' title='bbox 2104 3429 2166 3486; x_wconf 91' lang='lat' dir='ltr'><strong>in</strong></span> <span class='ocrx_word' id='word_1_368' title='bbox 2207 3439 2485 3490; x_wconf 73' lang='lat' dir='ltr'><strong>aeternum</strong></span> <span class='ocrx_word' id='word_1_369' title='bbox 2510 3432 2712 3490; x_wconf 83' lang='lat' dir='ltr'><strong>vivere</strong></span> 
     </span>
     <span class='ocr_line' id='line_1_38' title="bbox 311 3507 2712 3587; baseline 0 -19"><span class='ocrx_word' id='word_1_370' title='bbox 311 3509 557 3587; x_wconf 90' lang='lat' dir='ltr'><strong>debent;</strong></span> <span class='ocrx_word' id='word_1_371' title='bbox 605 3511 709 3570; x_wconf 87' lang='lat' dir='ltr'><strong>sed</strong></span> <span class='ocrx_word' id='word_1_372' title='bbox 754 3511 1007 3570; x_wconf 87' lang='lat' dir='ltr'><strong>coelestis</strong></span> <span class='ocrx_word' id='word_1_373' title='bbox 1049 3509 1174 3584; x_wconf 86' lang='lat' dir='ltr'><strong>fuit,</strong></span> <span class='ocrx_word' id='word_1_374' title='bbox 1220 3529 1338 3567; x_wconf 89' lang='lat' dir='ltr'><strong>non</strong></span> <span class='ocrx_word' id='word_1_375' title='bbox 1378 3517 1638 3568; x_wconf 87' lang='lat' dir='ltr'><strong>terrenus</strong></span> <span class='ocrx_word' id='word_1_376' title='bbox 1662 3530 1678 3583; x_wconf 88' lang='lat'>;</span> <span class='ocrx_word' id='word_1_377' title='bbox 1724 3507 2034 3566; x_wconf 88' lang='lat' dir='ltr'><strong>Paradisus</strong></span> <span class='ocrx_word' id='word_1_378' title='bbox 2075 3507 2294 3565; x_wconf 85' lang='lat' dir='ltr'><strong>scilicet</strong></span> <span class='ocrx_word' id='word_1_379' title='bbox 2333 3508 2450 3582; x_wconf 90' lang='lat' dir='ltr'><strong>ille,</strong></span> <span class='ocrx_word' id='word_1_380' title='bbox 2501 3509 2560 3567; x_wconf 80' lang='lat' dir='ltr'><strong>in</strong></span> <span class='ocrx_word' id='word_1_381' title='bbox 2599 3527 2712 3584; x_wconf 79' lang='lat' dir='ltr'><strong>quo</strong></span> 
     </span>
     <span class='ocr_line' id='line_1_39' title="bbox 311 3586 2712 3670; baseline -0.001 -23"><span class='ocrx_word' id='word_1_382' title='bbox 311 3591 529 3648; x_wconf 78' lang='lat' dir='ltr'><strong>Paulus</strong></span> <span class='ocrx_word' id='word_1_383' title='bbox 555 3590 772 3649; x_wconf 74' lang='grc' dir='ltr'>αιιᾱίυἰε</span> <span class='ocrx_word' id='word_1_384' title='bbox 794 3591 964 3648; x_wconf 80' lang='lat' dir='ltr'><strong>verba</strong></span> <span class='ocrx_word' id='word_1_385' title='bbox 990 3587 1191 3670; x_wconf 66' lang='grc' dir='ltr'><strong>ἔρῥιτα,</strong></span> <span class='ocrx_word' id='word_1_386' title='bbox 1220 3597 1287 3647; x_wconf 86' lang='lat' dir='ltr'><strong>ut</strong></span> <span class='ocrx_word' id='word_1_387' title='bbox 1314 3589 1570 3646; x_wconf 82' lang='lat' dir='ltr'><strong>Irenaeus</strong></span> <span class='ocrx_word' id='word_1_388' title='bbox 1596 3586 1855 3663; x_wconf 86' lang='lat' dir='ltr'><strong>loquitur</strong></span> <span class='ocrx_word' id='word_1_389' title='bbox 1873 3587 1975 3646; x_wconf 91' lang='lat' dir='ltr'><strong>lib.</strong></span> <span class='ocrx_word' id='word_1_390' title='bbox 1995 3605 2056 3645; x_wconf 81' lang='lat' dir='ltr'><strong>v.</strong></span> <span class='ocrx_word' id='word_1_391' title='bbox 2079 3605 2202 3662; x_wconf 90' lang='lat' dir='ltr'><strong>cap.</strong></span> <span class='ocrx_word' id='word_1_392' title='bbox 2232 3589 2288 3660; x_wconf 79' lang='lat'><strong>7,</strong></span> <span class='ocrx_word' id='word_1_393' title='bbox 2312 3587 2450 3663; x_wconf 85' lang='lat' dir='ltr'><strong>quia</strong></span> <span class='ocrx_word' id='word_1_394' title='bbox 2475 3587 2550 3645; x_wconf 90' lang='lat' dir='ltr'><strong>de</strong></span> <span class='ocrx_word' id='word_1_395' title='bbox 2577 3588 2712 3646; x_wconf 90' lang='lat' dir='ltr'><strong>Elia</strong></span> 
     </span>
     <span class='ocr_line' id='line_1_40' title="bbox 310 3664 2710 3746; baseline -0 -20"><span class='ocrx_word' id='word_1_396' title='bbox 310 3677 539 3729; x_wconf 88' lang='lat' dir='ltr'><strong>constat</strong></span> <span class='ocrx_word' id='word_1_397' title='bbox 565 3689 697 3728; x_wconf 92' lang='lat' dir='ltr'><strong>eum</strong></span> <span class='ocrx_word' id='word_1_398' title='bbox 742 3677 971 3746; x_wconf 86' lang='lat' dir='ltr'><strong>raptum</strong></span> <span class='ocrx_word' id='word_1_399' title='bbox 1018 3689 1145 3728; x_wconf 88' lang='lat' dir='ltr'><strong>esse</strong></span> <span class='ocrx_word' id='word_1_400' title='bbox 1202 3667 1264 3724; x_wconf 89' lang='lat' dir='ltr'><strong>in</strong></span> <span class='ocrx_word' id='word_1_401' title='bbox 1320 3667 1533 3726; x_wconf 82' lang='lat' dir='ltr'><strong>coelum</strong></span> <span class='ocrx_word' id='word_1_402' title='bbox 1571 3666 1634 3723; x_wconf 92' lang='lat' dir='ltr'><strong>in</strong></span> <span class='ocrx_word' id='word_1_403' title='bbox 1682 3665 1928 3741; x_wconf 86' lang='lat' dir='ltr'><strong>turbine,</strong></span> <span class='ocrx_word' id='word_1_404' title='bbox 1979 3668 2015 3723; x_wconf 87' lang='lat'><strong>2</strong></span> <span class='ocrx_word' id='word_1_405' title='bbox 2072 3665 2254 3741; x_wconf 87' lang='lat' dir='ltr'><strong>Reg.·</strong></span> <span class='ocrx_word' id='word_1_406' title='bbox 2271 3664 2332 3722; x_wconf 90' lang='lat' dir='ltr'><strong>ii.</strong></span> <span class='ocrx_word' id='word_1_407' title='bbox 2385 3667 2478 3740; x_wconf 88' lang='grc'><strong>11,</strong></span> <span class='ocrx_word' id='word_1_408' title='bbox 2522 3673 2584 3724; x_wconf 89' lang='lat' dir='ltr'><strong>et</strong></span> <span class='ocrx_word' id='word_1_409' title='bbox 2635 3665 2710 3725; x_wconf 78' lang='lat' dir='ltr'><strong>de</strong></span> 
     </span>
     <span class='ocr_line' id='line_1_41' title="bbox 313 3743 2708 3824; baseline -0 -19"><span class='ocrx_word' id='word_1_410' title='bbox 313 3747 553 3806; x_wconf 89' lang='lat' dir='ltr'><strong>Enocho</strong></span> <span class='ocrx_word' id='word_1_411' title='bbox 576 3747 732 3824; x_wconf 90' lang='lat' dir='ltr'><strong>quod</strong></span> <span class='ocrx_word' id='word_1_412' title='bbox 758 3749 1071 3807; x_wconf 86' lang='lat' dir='ltr'><strong>translatus</strong></span> <span class='ocrx_word' id='word_1_413' title='bbox 1100 3748 1194 3821; x_wconf 90' lang='lat' dir='ltr'><strong>sit,</strong></span> <span class='ocrx_word' id='word_1_414' title='bbox 1218 3747 1441 3805; x_wconf 88' lang='lat' dir='ltr'><strong>scilicet</strong></span> <span class='ocrx_word' id='word_1_415' title='bbox 1466 3746 1527 3803; x_wconf 90' lang='lat' dir='ltr'><strong>in</strong></span> <span class='ocrx_word' id='word_1_416' title='bbox 1555 3745 1784 3819; x_wconf 81' lang='lat' dir='ltr'><strong>coelum,</strong></span> <span class='ocrx_word' id='word_1_417' title='bbox 1813 3765 1887 3803; x_wconf 89' lang='lat' dir='ltr'><strong>ne</strong></span> <span class='ocrx_word' id='word_1_418' title='bbox 1915 3752 2157 3802; x_wconf 89' lang='lat' dir='ltr'><strong>mortem</strong></span> <span class='ocrx_word' id='word_1_419' title='bbox 2184 3743 2423 3819; x_wconf 85' lang='lat' dir='ltr'><strong>videret,</strong></span> <span class='ocrx_word' id='word_1_420' title='bbox 2447 3744 2601 3804; x_wconf 87' lang='lat' dir='ltr'><strong>Heb.</strong></span> <span class='ocrx_word' id='word_1_421' title='bbox 2625 3745 2708 3804; x_wconf 83' lang='lat' dir='ltr'><strong>xi.</strong></span> 
     </span>
     <span class='ocr_line' id='line_1_42' title="bbox 310 3822 2712 3904; baseline -0.001 -20"><span class='ocrx_word' id='word_1_422' title='bbox 310 3828 376 3900; x_wconf 87' lang='lat'><strong>5;</strong></span> <span class='ocrx_word' id='word_1_423' title='bbox 406 3846 525 3885; x_wconf 88' lang='lat' dir='ltr'><strong>non</strong></span> <span class='ocrx_word' id='word_1_424' title='bbox 545 3827 749 3886; x_wconf 87' lang='lat' dir='ltr'><strong>fuisset</strong></span> <span class='ocrx_word' id='word_1_425' title='bbox 770 3836 961 3887; x_wconf 88' lang='lat' dir='ltr'><strong>autem</strong></span> <span class='ocrx_word' id='word_1_426' title='bbox 978 3826 1314 3886; x_wconf 84' lang='lat' dir='ltr'><strong>mortalitati</strong></span> <span class='ocrx_word' id='word_1_427' title='bbox 1341 3833 1660 3904; x_wconf 83' lang='lat' dir='ltr'><strong>exemptus,</strong></span> <span class='ocrx_word' id='word_1_428' title='bbox 1685 3823 1736 3882; x_wconf 88' lang='lat' dir='ltr'><strong>si</strong></span> <span class='ocrx_word' id='word_1_429' title='bbox 1757 3823 1945 3884; x_wconf 87' lang='lat' dir='ltr'><strong>adhuc</strong></span> <span class='ocrx_word' id='word_1_430' title='bbox 1971 3824 2036 3882; x_wconf 93' lang='lat' dir='ltr'><strong>in</strong></span> <span class='ocrx_word' id='word_1_431' title='bbox 2055 3822 2300 3884; x_wconf 85' lang='lat' dir='ltr'><strong>Hedene</strong></span> <span class='ocrx_word' id='word_1_432' title='bbox 2317 3831 2712 3884; x_wconf 82' lang='lat' dir='ltr'><strong>asservaretur</strong></span> 
     </span>
     <span class='ocr_line' id='line_1_43' title="bbox 308 3905 770 3965; baseline 0.002 -1"><span class='ocrx_word' id='word_1_433' title='bbox 308 3905 386 3964; x_wconf 88' lang='lat' dir='ltr'><strong>ad</strong></span> <span class='ocrx_word' id='word_1_434' title='bbox 411 3914 561 3965; x_wconf 86' lang='lat' dir='ltr'><strong>mart</strong></span> <span class='ocrx_word' id='word_1_435' title='bbox 636 3907 770 3965; x_wconf 83' lang='lat' dir='ltr'><strong>&#39;um.</strong></span> 
     </span>
    </p>

    <p class='ocr_par' dir='ltr' id='par_1_9' title="bbox 306 3927 2720 4378">
     <span class='ocr_line' id='line_1_44' title="bbox 391 3927 2708 4062; baseline -0.001 -20"><span class='ocrx_word' id='word_1_436' title='bbox 391 3927 653 4044; x_wconf 75' lang='lat' dir='ltr'><strong>VIII.yn</strong></span> <span class='ocrx_word' id='word_1_437' title='bbox 619 3986 811 4046; x_wconf 87' lang='lat' dir='ltr'><strong>Locus</strong></span> <span class='ocrx_word' id='word_1_438' title='bbox 843 3984 1139 4062; x_wconf 88' lang='lat' dir='ltr'><strong>Syracidis</strong></span> <span class='ocrx_word' id='word_1_439' title='bbox 1166 4003 1291 4060; x_wconf 87' lang='lat' dir='ltr'><strong>cap.</strong></span> <span class='ocrx_word' id='word_1_440' title='bbox 1320 3983 1466 4042; x_wconf 82' lang='lat' dir='ltr'><strong>xliv.</strong></span> <span class='ocrx_word' id='word_1_441' title='bbox 1500 3985 1593 4059; x_wconf 84' lang='lat'><strong>16,</strong></span> <span class='ocrx_word' id='word_1_442' title='bbox 1622 3982 1828 4042; x_wconf 88' lang='lat' dir='ltr'><strong>asserit</strong></span> <span class='ocrx_word' id='word_1_443' title='bbox 1856 3981 2090 4059; x_wconf 90' lang='lat' dir='ltr'><strong>quidem</strong></span> <span class='ocrx_word' id='word_1_444' title='bbox 2115 3983 2412 4045; x_wconf 71' lang='lat' dir='ltr'><strong>Enoclmm</strong></span> <span class='ocrx_word' id='word_1_445' title='bbox 2429 3981 2708 4057; x_wconf 72' lang='lat' dir='ltr'><strong>placuisse</strong></span> 
     </span>
     <span class='ocr_line' id='line_1_45' title="bbox 309 4059 2710 4140; baseline -0.001 -19"><span class='ocrx_word' id='word_1_446' title='bbox 309 4067 454 4138; x_wconf 81' lang='lat' dir='ltr'><strong>Dec,</strong></span> <span class='ocrx_word' id='word_1_447' title='bbox 486 4074 541 4122; x_wconf 82' lang='lat' dir='ltr'><strong>et</strong></span> <span class='ocrx_word' id='word_1_448' title='bbox 565 4068 901 4124; x_wconf 76' lang='lat' dir='ltr'><strong>translatum</strong></span> <span class='ocrx_word' id='word_1_449' title='bbox 924 4066 1124 4140; x_wconf 55' lang='lat' dir='ltr'><strong>flasse,</strong></span> <span class='ocrx_word' id='word_1_450' title='bbox 1156 4063 1377 4122; x_wconf 88' lang='lat' dir='ltr'><strong>scilicet</strong></span> <span class='ocrx_word' id='word_1_451' title='bbox 1402 4083 1479 4121; x_wconf 82' lang='lat' dir='ltr'><strong>ex</strong></span> <span class='ocrx_word' id='word_1_452' title='bbox 1504 4061 1722 4121; x_wconf 90' lang='lat' dir='ltr'><strong>mundo</strong></span> <span class='ocrx_word' id='word_1_453' title='bbox 1763 4063 1824 4120; x_wconf 91' lang='lat' dir='ltr'><strong>in</strong></span> <span class='ocrx_word' id='word_1_454' title='bbox 1864 4061 2091 4135; x_wconf 89' lang='lat' dir='ltr'><strong>coelum,</strong></span> <span class='ocrx_word' id='word_1_455' title='bbox 2121 4059 2226 4118; x_wconf 88' lang='lat' dir='ltr'><strong>sed</strong></span> <span class='ocrx_word' id='word_1_456' title='bbox 2253 4060 2710 4120; x_wconf 84' lang='lat' dir='ltr'><strong>additamentum</strong></span> 
     </span>
     <span class='ocr_line' id='line_1_46' title="bbox 308 4139 2714 4220; baseline -0.001 -20"><span class='ocrx_word' id='word_1_457' title='bbox 308 4142 471 4218; x_wconf 75' lang='lat' dir='ltr'><strong>illud,</strong></span> <span class='ocrx_word' id='word_1_458' title='bbox 502 4163 619 4220; x_wconf 89' lang='lat' dir='ltr'><strong>quo</strong></span> <span class='ocrx_word' id='word_1_459' title='bbox 646 4144 857 4202; x_wconf 86' lang='lat' dir='ltr'><strong>dicitur</strong></span> <span class='ocrx_word' id='word_1_460' title='bbox 882 4147 1189 4202; x_wconf 72' lang='lat' dir='ltr'><strong>translatus</strong></span> <span class='ocrx_word' id='word_1_461' title='bbox 1216 4143 1274 4201; x_wconf 78' lang='lat' dir='ltr'><strong>in</strong></span> <span class='ocrx_word' id='word_1_462' title='bbox 1301 4143 1666 4217; x_wconf 75' lang='lat' dir='ltr'><strong>Paradisum,</strong></span> <span class='ocrx_word' id='word_1_463' title='bbox 1695 4160 1813 4199; x_wconf 91' lang='lat' dir='ltr'><strong>non</strong></span> <span class='ocrx_word' id='word_1_464' title='bbox 1840 4149 2002 4200; x_wconf 82' lang='lat' dir='ltr'><strong>extat</strong></span> <span class='ocrx_word' id='word_1_465' title='bbox 2027 4140 2088 4198; x_wconf 90' lang='lat' dir='ltr'><strong>in</strong></span> <span class='ocrx_word' id='word_1_466' title='bbox 2117 4139 2328 4198; x_wconf 89' lang='lat' dir='ltr'><strong>Codice</strong></span> <span class='ocrx_word' id='word_1_467' title='bbox 2351 4141 2574 4215; x_wconf 71' lang='lat' dir='ltr'><strong>Graece,</strong></span> <span class='ocrx_word' id='word_1_468' title='bbox 2605 4139 2714 4200; x_wconf 85' lang='lat' dir='ltr'><strong>sed</strong></span> 
     </span>
     <span class='ocr_line' id='line_1_47' title="bbox 308 4218 2710 4298; baseline -0.001 -18"><span class='ocrx_word' id='word_1_469' title='bbox 308 4223 589 4281; x_wconf 86' lang='lat' dir='ltr'><strong>insertum</strong></span> <span class='ocrx_word' id='word_1_470' title='bbox 616 4232 705 4282; x_wconf 87' lang='lat' dir='ltr'><strong>est</strong></span> <span class='ocrx_word' id='word_1_471' title='bbox 732 4243 767 4281; x_wconf 89' lang='lat' dir='ltr'><strong>a</strong></span> <span class='ocrx_word' id='word_1_472' title='bbox 792 4223 870 4281; x_wconf 85' lang='lat' dir='ltr'><strong>V.</strong></span> <span class='ocrx_word' id='word_1_473' title='bbox 901 4222 1239 4298; x_wconf 86' lang='lat' dir='ltr'><strong>Interprete,</strong></span> <span class='ocrx_word' id='word_1_474' title='bbox 1270 4229 1330 4280; x_wconf 91' lang='lat' dir='ltr'><strong>et</strong></span> <span class='ocrx_word' id='word_1_475' title='bbox 1369 4240 1406 4278; x_wconf 90' lang='lat' dir='ltr'><strong>a</strong></span> <span class='ocrx_word' id='word_1_476' title='bbox 1446 4220 1705 4279; x_wconf 88' lang='lat' dir='ltr'><strong>Concilio</strong></span> <span class='ocrx_word' id='word_1_477' title='bbox 1730 4220 2069 4279; x_wconf 86' lang='lat' dir='ltr'><strong>Tridentino</strong></span> <span class='ocrx_word' id='word_1_478' title='bbox 2104 4239 2403 4297; x_wconf 88' lang='lat' dir='ltr'><strong>perperam</strong></span> <span class='ocrx_word' id='word_1_479' title='bbox 2429 4218 2710 4297; x_wconf 86' lang='lat' dir='ltr'><strong>approba·</strong></span> 
     </span>
     <span class='ocr_line' id='line_1_48' title="bbox 306 4298 2720 4378; baseline -0.003 -18"><span class='ocrx_word' id='word_1_480' title='bbox 306 4309 451 4360; x_wconf 80' lang='lat' dir='ltr'><strong>tum.</strong></span> <span class='ocrx_word' id='word_1_481' title='bbox 534 4301 710 4361; x_wconf 89' lang='lat' dir='ltr'><strong>Adde</strong></span> <span class='ocrx_word' id='word_1_482' title='bbox 736 4301 899 4378; x_wconf 90' lang='lat' dir='ltr'><strong>quod</strong></span> <span class='ocrx_word' id='word_1_483' title='bbox 922 4301 1081 4360; x_wconf 84' lang='lat' dir='ltr'><strong>aliud</strong></span> <span class='ocrx_word' id='word_1_484' title='bbox 1108 4309 1197 4371; x_wconf 81' lang='lat' dir='ltr'><strong>est</strong></span> <span class='ocrx_word' id='word_1_485' title='bbox 1224 4299 1519 4359; x_wconf 88' lang='lat' dir='ltr'><strong>transferri</strong></span> <span class='ocrx_word' id='word_1_486' title='bbox 1543 4300 1605 4357; x_wconf 87' lang='lat' dir='ltr'><strong>in</strong></span> <span class='ocrx_word' id='word_1_487' title='bbox 1632 4299 1978 4376; x_wconf 88' lang='lat' dir='ltr'><strong>paradisum,</strong></span> <span class='ocrx_word' id='word_1_488' title='bbox 2008 4298 2169 4358; x_wconf 87' lang='lat' dir='ltr'><strong>aliud</strong></span> <span class='ocrx_word' id='word_1_489' title='bbox 2193 4298 2490 4358; x_wconf 84' lang='lat' dir='ltr'><strong>transferri</strong></span> <span class='ocrx_word' id='word_1_490' title='bbox 2519 4298 2582 4356; x_wconf 86' lang='lat' dir='ltr'><strong>in</strong></span> <span class='ocrx_word' id='word_1_491' title='bbox 2607 4317 2720 4374; x_wconf 88' lang='lat' dir='ltr'><strong>pa-.</strong></span> 
     </span>
    </p>
   </div>
   <div class='ocr_carea' id='block_1_5' title="bbox 308 4375 2832 4472">
    <p class='ocr_par' dir='ltr' id='par_1_10' title="bbox 308 4375 2832 4472">
     <span class='ocr_line' id='line_1_49' title="bbox 308 4375 2832 4472; baseline -0.002 -34"><span class='ocrx_word' id='word_1_492' title='bbox 308 4379 567 4440; x_wconf 87' lang='lat' dir='ltr'><strong>radisum</strong></span> <span class='ocrx_word' id='word_1_493' title='bbox 592 4389 959 4458; x_wconf 79' lang='lat' dir='ltr'><strong>terrestrem3</strong></span> <span class='ocrx_word' id='word_1_494' title='bbox 1000 4381 1163 4459; x_wconf 89' lang='lat' dir='ltr'><strong>prius</strong></span> <span class='ocrx_word' id='word_1_495' title='bbox 1188 4379 1464 4440; x_wconf 88' lang='lat' dir='ltr'><strong>asseritur</strong></span> <span class='ocrx_word' id='word_1_496' title='bbox 1490 4377 1645 4457; x_wconf 89' lang='lat' dir='ltr'><strong>apud</strong></span> <span class='ocrx_word' id='word_1_497' title='bbox 1676 4377 2012 4457; x_wconf 82' lang='lat' dir='ltr'><strong>Syracidem</strong></span> <span class='ocrx_word' id='word_1_498' title='bbox 2048 4398 2126 4438; x_wconf 84' lang='lat' dir='ltr'><strong>ex</strong></span> <span class='ocrx_word' id='word_1_499' title='bbox 2151 4379 2229 4438; x_wconf 93' lang='lat' dir='ltr'><strong>V.</strong></span> <span class='ocrx_word' id='word_1_500' title='bbox 2258 4378 2560 4452; x_wconf 88' lang='lat' dir='ltr'><strong>Versione,</strong></span> <span class='ocrx_word' id='word_1_501' title='bbox 2605 4375 2709 4435; x_wconf 90' lang='lat' dir='ltr'><strong>sed</strong></span> <span class='ocrx_word' id='word_1_502' title='bbox 2829 4468 2832 4472; x_wconf 20' lang='grc' dir='ltr'>Ι</span> 
     </span>
    </p>
   </div>
   <div class='ocr_carea' id='block_1_6' title="bbox 308 4468 2710 4673">
    <p class='ocr_par' dir='ltr' id='par_1_11' title="bbox 308 4468 2710 4673">
     <span class='ocr_line' id='line_1_50' title="bbox 308 4468 2710 4673; baseline 0.015 -77"><span class='ocrx_word' id='word_1_503' title='bbox 308 4468 801 4600; x_wconf 46' lang='grc' dir='ltr'><strong>110111ὶὲῗεὶἓὲῗῶ</strong></span> <span class='ocrx_word' id='word_1_504' title='bbox 828 4537 1233 4614; x_wconf 81' lang='lat' dir='ltr'><strong>Bellarminus,</strong></span> <span class='ocrx_word' id='word_1_505' title='bbox 1264 4546 1329 4597; x_wconf 90' lang='lat' dir='ltr'><strong>ut</strong></span> <span class='ocrx_word' id='word_1_506' title='bbox 1354 4536 1560 4628; x_wconf 82' lang='lat' dir='ltr'><strong>probet</strong></span> <span class='ocrx_word' id='word_1_507' title='bbox 1588 4535 2054 4610; x_wconf 74' lang='lat' dir='ltr'><strong>Anti-Christum</strong></span> <span class='ocrx_word' id='word_1_508' title='bbox 2083 4535 2338 4673; x_wconf 52' lang='lat' dir='ltr'><strong>mugum</strong></span> <span class='ocrx_word' id='word_1_509' title='bbox 2366 4534 2612 4608; x_wconf 53' lang='lat' dir='ltr'><strong>Vffniffle’</strong></span> <span class='ocrx_word' id='word_1_510' title='bbox 2635 4553 2710 4594; x_wconf 71' lang='lat'><strong>¹¹⁰</strong></span> 
     </span>
     <span class='ocr_line' id='line_1_51' title="bbox 2275 4633 2310 4672; baseline 0.057 -1"><span class='ocrx_word' id='word_1_511' title='bbox 2275 4633 2310 4672; x_wconf 68' lang='grc' dir='ltr'>ι.</span> 
     </span>
    </p>
   </div>
  </div>
 </body>
</html>
