3300 5225
417 402 640 455 ouzsr.
669 384 875 471 xxm]
1356 406 1435 447 nn
1462 406 1582 449 nso
1608 406 1746 467 imo,
1778 406 1854 449 ετ
1881 408 2076 451 ramo.
2705 390 2826 451 229

413 543 477 603 in
502 563 619 604 esse
643 544 923 621 suffodit·
932 567 956 603 .-
1000 544 1115 604 Illa
1140 546 1417 625 explicari
1442 546 1591 607 solet
1616 564 1722 625 per
1759 543 2257 625 Independe'ntimn
2291 562 2333 607 ‘a
2371 539 2672 626 subjeeto,
2695 564 2827 626 quae

412 624 691 701 competit
716 623 985 683 omnibus
1022 625 1361 686 substantiis
1398 634 1524 685 tam
1559 626 1923 705 incompletis
1961 648 2136 706 quam
2177 628 2515 705 completis3
2561 628 2685 686 Ista
2722 648 2828 706 per

414 703 1037 779 moomnmnioationena
1084 722 1189 764 seu
1234 706 1916 782 incommunicabilitatan,
1967 712 2250 785 quatenus
2277 706 2600 767 substantia
2622 704 2825 785 singti-

414 782 571 858 laris,
622 801 810 859 neque
849 789 940 842 est
976 799 1129 861 pars,
1172 802 1280 843 nec
1324 784 1665 862 adjunctum
1709 786 1964 863 alterius,
2009 805 2140 865 quae
2184 786 2235 845 si
2282 787 2374 863 sit,
2417 786 2826 847 intellectualis

416 869 660 921 vocatur
710 862 985 921 Persona.
1068 862 1185 920 Illa
1218 870 1315 921 ,est
1356 864 1487 941 ipsa
1528 865 1866 924 substantia
1892 865 2217 941 existentia,
2266 865 2392 925 Ista
2431 882 2574 925 vero
2613 865 2828 925 dicitur

417 938 803 1019 superaddere
842 941 1081 1001 modum
1120 942 1371 1019 aliquem
1392 943 1722 1003 existentiae
1749 944 2084 1004 substantiae
2121 943 2448 1022 singularis,
2477 944 2579 1022 qui
2619 944 2826 1004 modus

416 1018 756 1080 entitativus
796 1018 1008 1079 dicitur
1052 1020 1259 1080 ultimo
1300 1022 1618 1082 terminans
1659 1030 1721 1083 et
1755 1023 2050 1102 complens
2075 1028 2340 1083 naturam
2369 1024 2824 1101 substantialem,

420 1106 595 1176 atque
648 1097 737 1156 mi
790 1096 939 1157 dans
990 1099 1712 1178 incommunicabilitatem,
1756 1106 1825 1162 ut
1869 1102 2184 1163 subsistere
2225 1104 2337 1162 hoc
2379 1120 2554 1162 sensu
2593 1102 2671 1163 sit
2723 1122 2825 1162 na-

420 1186 567 1237 tura
620 1177 937 1255 singulan's
986 1178 1195 1239 ultimo
1248 1180 1566 1258 completae,
1622 1188 1686 1241 et
1733 1181 2308 1241 incommunicabilis.
2377 1180 2473 1240 Ita
2509 1182 2830 1241 htmmm‘tas

424 1256 640 1317 christi
675 1256 852 1316 habet
884 1258 1134 1335 priorem
1181 1259 1612 1319 subsistentiam
1659 1278 1776 1338 qua
1817 1260 2188 1320 constituitur
2215 1261 2292 1319 ‘in
2313 1278 2443 1320 esse
2469 1260 2825 1336 substantiae,

420 1335 561 1415 quia
586 1342 677 1395 est
700 1352 843 1395 vera
860 1338 1185 1397 substantia
1208 1337 1603 1415 independens
1627 1358 1667 1397 a
1691 1340 1953 1432 subjecto
1975 1360 1991 1416 3
2021 1340 2128 1399 sed
2152 1358 2270 1399 non
2295 1340 2670 1419 posteriorem
2698 1358 2828 1417 quas

420 1413 723 1475 constituit
748 1416 1125 1493 suppositum,
1154 1417 1293 1495 quia
1318 1436 1435 1475 non
1462 1424 1553 1476 est
1578 1428 1940 1496 supposltum
1979 1420 2312 1496 humanum,
2353 1426 2554 1497 utpote
2579 1419 2746 1477 unita
2769 1425 2832 1477 et

420 1493 696 1571 adjuncta
720 1493 919 1554 Verbo
946 1494 1023 1555 ad
1048 1496 1514 1575 ‚constitutionem
1540 1498 1864 1578 θωοςόπου.
1947 1498 2065 1558 Hic
2103 1516 2246 1558 vero
2283 1516 2406 1558 vox
2445 1497 2834 1557 subsistentiae

423 1592 544 1633 non
568 1570 747 1650 priori
773 1590 963 1650 sensu,
996 1573 1101 1633 sed
1124 1576 1429 1652 posteriori
1456 1578 1719 1635 sumitur.
2039 1618 2046 1623 ·
2812 1620 2818 1629 -

430 1686 437 1691 ·
504 1660 515 1667 ‘
814 1660 825 1667 ‘
956 1678 959 1681 ⁴
1030 1653 1145 1713 VI.
1187 1658 1246 1713 4.
1288 1654 1449 1713 Huic
1486 1655 1880 1715 subsistentiae
1919 1654 2295 1733 designandis
2324 1654 2516 1715 Graeci
2549 1654 2829 1715 adhibue-

908 1740 1045 1793 runt
1084 1748 1299 1809 vocem
1334 1732 1670 1809 fea-desdam,
1699 1754 1830 1812 quoe
1869 1754 2210 1812 magnarum
2247 1734 2546 1795 turbarum
2589 1732 2728 1792 olim
2769 1734 2831 1791 in

428 1810 695 1873 Ecclesia
718 1811 1079 1872 occasionem
1104 1812 1369 1890 praebuit,
1386 1822 1622 1891 propter
1645 1814 1810 1873 vocis
1834 1812 2299 1892 homonymiam3
2329 1813 2446 1872 Vel
2471 1812 2628 1871 enim
2655 1827 2830 1890 gene⁴

428 1892 548 1951 rice
574 1900 635 1951 et
659 1892 777 1951 late
798 1891 1043 1951 sumitur
1068 1891 1225 1969 apud
1252 1891 1458 1951 Patres
1482 1912 1589 1971 pro
1614 1892 1744 1971 ipsa
1768 1893 1854 1952 rei
1881 1893 2220 1970 substantia,
2255 1902 2316 1952 et
2342 1892 2424 1951 ita
2448 1900 2678 1951 veteres
2711 1892 2831 1950 Ro-

428 1970 588 2029 mani
614 1977 675 2029 et
699 1969 964 2028 Africani
988 1970 1215 2029 nullum
1234 1970 1545 2030 discrimen
1586 1972 1880 2049 ponebant
1915 1973 2070 2031 inter
2107 1972 2416 2032 essentiam
2455 1980 2518 2031 et
2556 1971 2833 2049 hyposta-

432 2048 578 2124 sim;
618 2048 773 2107 unde
798 2049 863 2107 in
892 2049 1129 2125 Synodo
1160 2050 1491 2109 Sui-dicensi
1528 2069 1622 2109 an.
1653 2053 1768 2109 347
1799 2050 2014 2126 habita,
2043 2051 2442 2110 haereticorum
2469 2068 2597 2109 esse
2625 2050 2837 2108 dicitur

430 2135 551 2201 tres
570 2127 914 2205 hypostases
940 2146 1213 2203 asserere,
1238 2128 1666 2188 Catholicorum
1681 2148 1822 2188 vero
1841 2149 2016 2189 unam
2031 2138 2276 2206 tantum,
2299 2138 2358 2189 et
2371 2129 2622 2188 Athana.
2646 2128 2836 2205 Epist.

431 2206 508 2264 nd
536 2205 757 2265 Africa.
786 2215 846 2265 et
862 2205 1135 2265 Antioeh.
1158 2207 1431 2274 {ordnung
1460 2209 1598 2266 οὖνῆι
1625 2209 1762 2282 ἔστιν,
1783 2212 1874 2267 καὶ
1901 2206 2028 2267 “Db
2055 2205 2194 2267 ἅλλα
2217 2210 2454 2277 mnae‘m,
2482 2206 2519 2276 ὅ
2540 2210 2664 2266 abr}
2689 2212 2744 2265 τ’)
2771 2205 2838 2282 ἵν,

431 2284 747 2362 &wasta-³²3
754 2286 1063 2345 ambutant-'a
1072 2296 1166 2363 est,
1180 2296 1235 2345 et
1242 2289 1382 2346 ninia
1390 2289 1555 2346 aliud
1558 2298 1736 2362 notat,
1749 2309 1921 2365 quam
1931 2290 1996 2347 id
2002 2292 2158 2365 quod
2165 2288 2354 2347 existit
2360 2311 2385 2362 ,·
2401 2306 2533 2365 quse
2541 2288 2651 2346 fuit
2663 2287 2840 2345 etiam

433 2364 723 2431 sententia
743 2364 1090 2442 Hieronymi
1114 2366 1179 2424 in
1203 2366 1372 2443 epist.
1400 2366 1478 2425 ad
1505 2367 1840 2442 Damasum,
1859 2366 1962 2445 qui
1985 2386 2105 2425 non
2129 2367 2454 2445 patiebatur
2475 2372 2598 2425 tres
2621 2366 2840 2443 hypos-

432 2451 590 2503 tases
616 2442 750 2518 diei,
777 2462 854 2502 ne
878 2451 999 2503 tres
1024 2446 1290 2503 essentiae
1316 2445 1551 2521 divinae,
1582 2454 1643 2505 et
1665 2445 1754 2506 sic
1771 2454 1891 2506 tres
1919 2446 2022 2505 Dii
2047 2454 2452 2507 statuerentur.
2518 2445 2636 2505 Vel
2661 2443 2840 2504 sumi-

434 2530 532 2581 tm·
555 2523 745 2587 stricte
769 2542 877 2600 pro
900 2522 988 2581 rei
1022 2522 1413 2599 subsistentia,
1442 2532 1505 2585 et
1542 2525 1857 2603 supposito,
1897 2525 2186 2602 quomodo
2227 2525 2406 2583 Alex.
2449 2524 2720 2604 Synodus
2746 2542 2841 2583 an.

436 2603 577 2678 319,
606 2610 806 2663 contra
835 2601 1195 2662 Sabellianos
1234 2602 1437 2664 definit
1471 2623 1647 2664 unam
1687 2624 1816 2664 esse
1853 2604 2280 2683 prxediemdam
2297 2604 2500 2678 ωὖσίᾰιν,
2542 2608 2662 2662 tres
2700 2620 2844 2662 vero

440 2681 753 2755 ὅποπιίηις,
782 2682 919 2742 vide
948 2682 1152 2742 Basili.
1180 2683 1347 2761 epist.
1368 2682 1455 2743 ad
1480 2683 1726 2761 Gregor.
1753 2684 1978 2745 statius.
2022 2685 2180 2744 Hinc
2205 2683 2374 2743 facile
2401 2682 2728 2742 conciliatio
2753 2681 2842 2740 in-

440 2763 698 2826 stituitnu
724 2763 875 2820 inter
897 2762 1029 2820 loca
1057 2761 1296 2822 Pata-um
1320 2763 1474 2823 inter
1512 2781 1576 2822 se
1614 2765 1955 2841 pugnantia,
1997 2773 2067 2824 ut
2103 2763 2360 2823 ostendit
2385 2761 2742 2822 Athanasius
2781 2761 2846 2820 in

442 2840 703 2900 Concilio
748 2839 1041 2900 Alexand.
1084 2842 1253 2920 cujus
1293 2850 1419 2902 erat
1458 2860 1692 2920 praeses,
1737 2843 1842 2920 qui
1879 2844 2042 2903 litem
2085 2862 2276 2902 acrem
2312 2851 2499 2902 ortam
2537 2841 2690 2900 inter
2715 2840 2843 2900 Ori-

441 2919 663 2986 entales
688 2927 749 2980 et
776 2920 1193 2996 Occidentales,
1216 2921 1460 2981 Graecos
1478 2929 1538 2981 et
1566 2922 1826 2998 Latinos,
1853 2942 1927 2982 ea
1951 2921 2024 2982 de
2039 2941 2216 2983 causa
2239 2921 2554 3000 prudenter
2575 2927 2639 2979 et
2663 2919 2845 2978 felici·

442 3006 533 3058 ter
572 2999 819 3074 diremit,
862 2999 1021 3077 quod
1060 2999 1279 3078 Ger-ego.
1321 3001 1487 3060 Naai.
1526 3001 1822 3062 observat
1839 3001 1903 3060 in
1943 3001 2101 3062 Orat.
2140 3001 2216 3063 de
2255 3001 2474 3060 laudib.
2517 2997 2846 3058 Athanasii.

446 3077 621 3138 Unde
660 3086 809 3138 teste
835 3077 999 3154 Aug.
1025 3078 1089 3138 li.
1115 3099 1175 3138 v.
1204 3079 1279 3138 de
1304 3080 1487 3139 Trini.
1518 3099 1643 3158 cap.
1673 3081 1796 3140 viii.
1825 3081 2016 3140 dicere
2043 3088 2464 3141 consueverant
2501 3079 2622 3154 μίαν
2663 3079 2840 3153 οὖα-(ιι,

444 3155 567 3237 «pk
590 3157 903 3232 ὑποσταίης,
932 3177 1110 3216 unam
1134 3157 1356 3219 scilicet
1379 3161 1721 3236 Essentiam,
1751 3169 1864 3218 tra
1889 3161 2296 3220 Subsistmtias.
2367 3159 2582 3218 Postea
2604 3177 2746 3218 vero
2770 3175 2847 3216 ne

448 3239 613 3295 vocis
639 3239 989 3313 ambiguitas
1030 3243 1184 3296 esset
1220 3237 1431 3297 erroris
1458 3239 1702 3314 occasio,
1731 3247 1800 3299 ut
1826 3239 2034 3299 Thom.
2059 3249 2226 3300 notat
2262 3259 2320 3318 p.
2355 3242 2407 3298 1.
2434 3257 2496 3316 q.
2525 3239 2622 3313 29,
2653 3237 2760 3296 art.
2789 3241 2848 3297 2.

448 3315 703 3374 obtinuit
728 3315 1065 3376 Graecorum
1102 3316 1403 3392 sententia,
1430 3317 1535 3396 qui
1572 3318 1844 3377 ὑπέσται,
1881 3338 1987 3396 pro
2029 3318 2402 3378 subsistentia
2437 3317 2678 3395 ponunt,
2719 3333 2853 3393 qua

450 3394 773 3455 communis
798 3402 889 3454 est
912 3394 1087 3455 hodie
1114 3401 1175 3454 et
1200 3403 1431 3473 recepta
1468 3398 1623 3474 apud
1665 3415 1883 3464 omnes,
1919 3415 2107 3474 eoque
2132 3397 2338 3474 magis,
2366 3396 2527 3473 quod
2557 3393 2856 3472 Scriptura

450 3473 549 3532 hio
588 3473 793 3552 praeire
832 3473 1002 3535 nobis
1041 3471 1287 3549 videtur,
1332 3474 1471 3534 dum
1512 3475 1861 3536 conferendo
1904 3475 2218 3534 Personam
2244 3476 2387 3533 Filii
2427 3479 2558 3533 etun
2597 3475 2856 3533 Persona

452 3553 663 3692 gazis,
692 3552 863 3693 eaujus
888 3552 1063 3615 reffert
1096 3553 1425 3632 imaginem,
1452 3561 1627 3614 vocat
1665 3574 1798 3616 enm
1829 3555 2232 3615 Ghoeaoeemm
2255 3554 2613 3613 subsistam
2552 3553 2566 3566 ⁶
2637 3553 2852 3628 Patris,

520 3652 555 3692 e
594 3675 612 3692 .
640 3653 681 3692 1.
752 3675 771 3692 .

455 3767 463 3778 '
540 3767 587 3814 5.
606 3769 837 3822 Persona.

499 1712 549 1757 4.
570 1710 831 1763 &rotenec-

1057 3711 1203 3772 VII.
1247 3713 1303 3772 5.
1334 3711 1492 3772 Hinc
1518 3719 1679 3791 patet
1702 3711 1848 3790 quid
1871 3711 2104 3771 nomine
2123 3713 2391 3770 Persona
2414 3707 2858 3787 intelligendum

979 3789 1094 3867 sit3
1134 3792 1287 3850 Nam
1312 3791 1471 3869 quod
1510 3791 1667 3868 apud
1695 3792 1934 3851 Graecos
1971 3790 2304 3869 hypostasis
2339 3788 2566 3864 dicitur,
2598 3788 2666 3847 id
2703 3788 2860 3866 apud

352 3915 373 3926 ..
458 3867 699 3928 latinos
726 3877 818 3929 est
841 3870 1115 3946 Persona,
1144 3889 1263 3930 non
1288 3879 1461 3948 prout
1485 3881 1609 3929 vox
1638 3871 1826 3929 Scena
1850 3869 2032 3947 petita
2055 3878 2164 3945 est,
2193 3873 2256 3930 et
2277 3867 2606 3928 lustr-ionum
2633 3869 2860 3927 lamam

457 3954 639 4023 notat,
668 3947 825 4026 apud
850 3948 1126 4024 Gellium,
1155 3949 1257 4008 lib.
1284 3970 1344 4009 v.
1374 3971 1425 4010 c.
1456 3953 1516 4024 7,
1541 3948 1645 4010 ubi
1669 3949 1996 4026 histriones,
2025 3948 2251 4024 larvati,
2264 3947 2566 4025 personati
2585 3946 2858 4007 diceban-

454 4035 583 4102 ,ταῖς
625 4027 724 4086 vel
750 4046 931 4105 quum
970 4027 1215 4088 sumitur
1252 4047 1359 4106 pro
1386 4029 1658 4106 qualitate
1697 4028 1910 4106 aliqua,
1951 4037 2057 4088 aut
2093 4037 2338 4088 externa
2374 4026 2580 4104 specie,
2611 4045 2742 4104 quae
2783 4025 2861 4086 ad

460 4124 651 4164 causae
676 4113 1031 4166 momentum
1058 4107 1205 4164 nihil
1230 4107 1405 4185 facit3
1434 4127 1549 4186 quo
1574 4115 1748 4186 pacto
1767 4108 1812 4167 J
1813 4107 1972 4166 udex
1995 4127 2114 4166 non
2141 4107 2314 4166 debet
2337 4125 2642 4184 personam
2657 4106 2862 4165 divitis

458 4183 525 4242 in
544 4184 769 4262 judicio
795 4186 1081 4263 respicere
1105 4193 1226 4264 pree
1261 4207 1533 4265 paupere,
1574 4193 1637 4247 et
1675 4207 1714 4245 a
1740 4187 1869 4246 Deo
1907 4195 2238 4246 removetur
2278 4183 2720 4267 renna-camptu:
2761 4186 2862 4244 vel

460 4281 569 4341 pro
590 4265 767 4336 officio
792 4272 853 4325 et
867 4283 1105 4325 munere
1132 4265 1345 4344 aliquo,
1365 4275 1433 4326 ut
1457 4285 1637 4345 quum
1659 4266 1792 4344 quis
1811 4266 2024 4326 dicitur
2049 4283 2260 4326 exuere
2285 4285 2592 4344 personam
2607 4267 2650 4326 J
2653 4264 2858 4340 udicis,

458 4350 525 4402 et
548 4342 791 4403 induere
816 4343 1193 4404 Accusatoris
1210 4367 1229 4405 ε
1272 4345 1389 4405 Sed
1405 4347 1652 4423 proprie
1676 4355 1737 4406 et
1773 4346 1978 4422 stricte,
2007 4354 2179 4423 prout
2208 4345 2479 4423 designat
2516 4345 2862 4421 suffosimm

458 4422 845 4500 mentale,
888 4423 1181 4500 quomodo
1223 4425 1485 4500 sumitur,
1524 4429 1561 4484 2
1605 4425 1864 4485 Corinth.
1897 4425 1937 4484 i.
1971 4429 2063 4500 11,
2105 4433 2166 4484 et
2205 4424 2362 4502 apud
2399 4425 2444 4484 J
2445 4423 2862 4484 urisconsultos

604 4501 617 4515 ⁰
708 4511 1033 4580 usurpatur,
1062 4521 1241 4580 quum
1268 4505 1419 4565 actio
1446 4504 1726 4564 dividitur
1749 4504 1814 4563 in
1838 4525 1960 4564 rem
1979 4504 2078 4564 vel
2101 4523 2426 4582 personam

456 4639 463 4646 .
546 4581 733 4642 VIII.
775 4582 916 4641 Vox
940 4583 1209 4642 Persona
1243 4583 1475 4661 proprie
1514 4592 1798 4644 concreta.
1823 4592 1930 4660 est,
1972 4603 2090 4643 non
2129 4584 2438 4658 abstracta,
2467 4601 2609 4660 quse
2655 4587 2864 4657 praeter

459 4659 728 4737 formam,
758 4681 889 4738 quae
916 4669 1009 4722 est
1031 4663 1427 4740 personalitas,
1449 4663 1774 4742 subjeetum
1799 4664 1974 4724 etiam
1999 4672 2165 4724 notat
2189 4683 2322 4724 eum
2347 4662 2533 4722 forma
2558 4680 2596 4720 a
2619 4677 2736 4738 qua
2761 4657 2860 4718 de·
