3300 5225
567 335 686 391 340
1505 349 1689 390 Locus
1717 331 2023 398 QUARTUS}
2553 307 2820 406 [Quirzsr.
2852 343 2995 383 xiv.

574 494 882 552 Miser-etm-
921 494 1075 568 cujus
1115 495 1246 568 vult,
1292 501 1344 550 et
1383 511 1544 568 quem
1584 493 1704 550 vuit
1742 491 1990 564 indurat,
2021 509 2078 546 v.
2116 489 2206 564 18,
2252 487 2325 545 de
2367 487 2517 545 vasis
2560 485 2987 560 misericordia,

573 593 704 650 quae
736 573 898 632 Deus
937 571 1283 650 praeparavit
1309 571 1383 630 ad
1426 570 1689 649 gloriam,
1719 579 1779 630 et
1816 569 1889 629 de
1924 569 2076 628 vasis
2098 569 2205 627 ἕνα·
2228 587 2359 644 quae
2386 573 2587 644 parata
2615 573 2750 626 sunt
2776 565 2852 624 ad
2894 565 2988 623 in-

572 653 824 728 teritum,
857 673 914 711 v.
945 655 1040 728 21,
1073 656 1168 727 22,
1201 652 1274 712 de
1301 651 1418 710 illis
1447 651 1548 728 qui
1577 659 1712 710 sunt
1751 650 1927 728 positi
1952 649 2028 708 ad
2069 649 2329 724 salutem,
2362 656 2421 707 et
2446 647 2565 705 illis
2592 647 2692 724 qui
2720 645 2796 704 ad
2836 645 2989 703 iram

575 742 635 792 et
662 732 918 808 ἐκτίθησιν,
955 735 985 790 1
1015 732 1222 791 Thess.
1252 753 1310 791 v.
1341 734 1396 808 9,
1432 734 1461 790 1
1498 731 1653 790 Petr.
1689 730 1751 788 ii.
1780 733 1837 806 8,
1868 730 1970 807 qui
2008 728 2272 806 inseripti
2300 734 2435 787 sunt
2458 726 2610 786 libro
2628 727 2769 786 vitoe
2798 723 2987 804 Agni,

577 812 765 892 Apoc.
795 813 918 871 xiii.
949 815 1005 889 8,
1037 821 1096 872 et
1123 812 1196 870 de
1223 812 1370 888 aliia,
1401 811 1502 889 qui
1518 810 1850 888 praescripti
1871 819 2002 868 sunt
2024 812 2109 868 ad
2115 809 2413 886 judicium,
2444 807 2489 867 J
2492 806 2590 866 ud.
2620 809 2675 882 4,
2706 805 2781 865 de
2806 805 2989 865 bene-

577 893 764 970 dietis,
796 893 898 971 qui
938 913 973 952 a
1003 893 1130 951 Deo
1171 893 1232 950 in
1273 891 1440 969 regni
1479 889 1905 968 possessionem
1932 899 2232 964 vocantur,
2263 897 2322 948 et
2349 887 2423 946 de
2462 886 2802 962 maledictis,
2834 903 2988 964 quos

575 982 642 1032 ut
669 993 964 1050 nunquam
991 973 1172 1048 novit,
1203 971 1405 1048 procul
1432 990 1468 1029 a
1488 970 1633 1029 facie
1656 988 1761 1029 sua
1780 970 1985 1048 rejicit,
2012 970 2181 1028 Matt.
2206 969 2306 1028 vii.
2330 969 2427 1044 23,
2450 973 2511 1026 et
2538 985 2681 1025 xxv.
2701 969 2797 1026 41.
2856 965 2988 1024 Nee

559 1061 878 1132 propterea
903 1052 1261 1130 periclitatur
1279 1051 1376 1109 vel
1402 1051 1632 1110 bonitas
1664 1049 1792 1127 Dei,
1816 1050 1915 1108 vel
1936 1069 2160 1108 summa
2180 1049 2309 1127 ejus
2330 1046 2739 1122 misericordia,
2771 1046 2872 1123 qui
2896 1045 2990 1104 ita

577 1141 667 1192 est
693 1133 881 1192 bonus
901 1140 960 1190 et
981 1131 1323 1206 misericors,
1347 1139 1414 1190 ut
1436 1131 1511 1190 sit
1533 1129 1708 1190 etiam
1730 1149 1951 1189 summe
1973 1130 2197 1208 justus;
2239 1136 2297 1188 et
2317 1126 2801 1206 quemadmodum
2822 1125 2990 1184 illam

577 1233 717 1290 erga
732 1213 948 1272 electos
965 1212 1338 1286 demonstrat,
1358 1211 1440 1270 ita
1457 1210 1628 1270 istam
1645 1211 1707 1267 in
1728 1209 2004 1303 reprobos
2019 1229 2151 1304 reos
2172 1218 2232 1269 et
2250 1216 2584 1286 peccatores
2598 1205 2988 1301 juste-exerit.

563 1331 785 1437 ”tm
805 1333 1058 1450 3233?ss
1097 1291 1303 1448 10οέἶῴ
1337 1287 2991 1447 ξὲἔιίῐὲηὲῑᾝῖἶῗὲἷῗὲἳηὲᾝὲηἓὲοὲἓῗξῖἷὲἓῒὲἱῗα

635 1451 814 1522 sitim
835 1454 890 1496 0⁸
918 1464 1060 1509 ¹¹08*
1103 1458 1238 1510 sunt
1277 1449 1713 1528 praemittendae.
1746 1450 1943 1508 Primo
1970 1448 2417 1526 distinguendus
2444 1447 2606 1506 venit
2632 1455 2765 1506 ante
2794 1446 2993 1504 omnia

636 1515 786 1554 um·
1102 1534 1315 1608 duplex
1343 1530 1791 1607 Reprobationis
1817 1538 1975 1588 actus
1990 1554 2014 1603 ,·
2052 1529 2193 1588 lieet
2220 1529 2373 1588 enim
2400 1548 2436 1586 a
2475 1536 2639 1604 parte
2675 1525 2787 1585 Dei
2810 1525 2989 1584 unico

577 1619 637 1670 et
679 1611 1103 1688 simplicissimo
1145 1618 1278 1670 actu
1318 1617 1644 1687 peragatur,
1692 1610 1838 1669 solet
1878 1617 2071 1668 tamen
2108 1609 2283 1686 juxta
2321 1615 2583 1667 nostrum
2628 1605 2995 1684 concipiendi

563 1689 816 1749 modum
857 1690 1284 1768 inadaequatum
1312 1689 1388 1748 ad
1427 1689 1743 1748 faciliorem
1782 1691 1867 1748 rei
1908 1688 2367 1766 intelligentiam,
2411 1687 2472 1745 in
2501 1686 2648 1746 duos
2676 1684 2924 1764 dispesci
2954 1703 2995 1744 a

577 1769 927 1847 Theologis3
985 1789 1228 1848 quorum
1276 1770 1433 1847 prior
1477 1769 1767 1846 mqatimw
1814 1768 2041 1844 dicitur,
2092 1768 2375 1846 posterior
2413 1785 2555 1826 vero
2598 1765 2988 1840 affirmativus,

581 1869 686 1908 seu
723 1850 996 1925 positivus
1009 1873 1032 1907 -.·
1083 1849 1194 1908 Ille
1235 1849 1478 1908 refertur
1514 1848 1591 1907 ad
1619 1848 2062 1925 praeteritionem
2080 1873 2104 1922 ;
2154 1849 2276 1908 Iste
2314 1847 2390 1906 ad
2422 1846 2993 1924 praedamnationem.

581 1929 862 2004 Quamvis
902 1929 1055 1988 enim
1097 1937 1338 2007 uterque
1380 1948 1487 1989 suo
1529 1947 1705 1988 sensu
1746 1929 1823 1988 sit
1858 1930 2131 2005 positivus
2170 1949 2211 1987 a
2246 1937 2421 2004 parte
2465 1928 2595 2002 Dei,
2643 1927 2779 2004 quia
2825 1933 2995 1985 notat

580 2016 773 2068 actum
802 2008 1118 2068 voluntatis
1145 2007 1376 2084 divinae,
1406 2028 1510 2086 per
1536 2027 1708 2086 quem
1736 2027 1855 2066 non
1881 2016 2104 2068 tantum
2133 2027 2251 2067 non
2277 2009 2408 2067 vult
2434 2007 2567 2065 illos
2590 2006 2855 2081 liberare,
2886 2004 2996 2065 sed

581 2087 710 2148 vult
750 2087 884 2148 illos
924 2088 986 2147 in
1011 2096 1176 2148 reatu
1212 2096 1273 2146 et
1313 2087 1545 2147 miseria
1573 2108 1679 2148 sua
1706 2088 2062 2166 relinquere;
2106 2097 2262 2147 recte
2289 2095 2481 2147 tamen
2521 2086 2679 2164 prior
2704 2086 2995 2163 neyativtoe

580 2167 792 2227 dieitur
817 2176 1082 2246 respectu
1111 2168 1490 2244 terminorum,
1521 2169 1624 2246 qui
1666 2176 1801 2227 sunt
1842 2187 1959 2226 non
2000 2166 2274 2244 misereri,
2305 2175 2366 2227 et
2398 2186 2514 2226 non
2541 2166 2681 2225 dare
2722 2165 2989 2243 gratiam,

580 2247 718 2326 quia
745 2248 1008 2308 consistit
1051 2248 1112 2306 in
1153 2249 1460 2324 negatione
1493 2247 1743 2324 ·gratiae;
1790 2248 1935 2308 alter
1962 2267 2100 2307 vero
2134 2247 2423 2324 positimoe,
2468 2246 2606 2324 quia
2646 2245 2889 2304 affimat
2916 2243 2993 2303 de

579 2327 696 2385 illis
723 2327 943 2404 aliquid
969 2327 1301 2406 positivum,
1333 2328 1602 2386 nimirum
1625 2327 1911 2404 judicium
1940 2335 1999 2386 et
2026 2347 2273 2405 poenam.

565 2425 570 2430 ·
661 2405 737 2466 V.
783 2407 1095 2472 Distinctio
1137 2418 1331 2466 autem
1373 2408 1500 2482 ista,
1544 2426 1664 2465 non
1705 2415 1794 2465 est
1834 2406 2061 2483 divisio,
2103 2414 2205 2468 aut
2246 2406 2475 2484 generis
2516 2405 2575 2464 in
2621 2404 2858 2482 species,
2889 2411 2993 2463 aut

580 2487 758 2545 totius
799 2487 860 2544 in
903 2496 1110 2563 partes,
1141 2495 1242 2546 aut
1270 2486 1518 2563 subjecti
1557 2486 1620 2544 in
1648 2486 1985 2562 accidentia,
2018 2487 2121 2546 sed
2162 2485 2457 2546 distinctio
2484 2486 2657 2545 unius
2685 2492 2848 2542 aetus
2875 2483 2988 2542 for·

581 2566 767 2641 malis,
813 2575 1079 2644 respectu
1121 2565 1411 2626 variorum
1453 2565 1828 2626 terminorum
1872 2575 1931 2627 et
1972 2567 2344 2645 objectorum,
2388 2585 2518 2645 quae
2555 2563 2695 2649 ἅμα
2742 2569 2831 2624 καὶ
2858 2565 2999 2626 θέσει

581 2653 883 2722 constant3
927 2665 1058 2723 quae
1094 2646 1154 2705 in
1189 2646 1316 2723 ipsa
1356 2646 1653 2723 Scriptura.
1688 2646 1979 2723 fundatur,
2010 2656 2296 2725 quatenus
2338 2647 2411 2705 de
2446 2646 2847 2725 reprobatione
2887 2644 2991 2703 ali-

581 2725 815 2803 quando
841 2725 1099 2803 loquitur
1124 2726 1392 2803 amative,
1425 2725 1564 2785 dum
1594 2745 1722 2785 eam
1750 2726 2050 2787 constituit
2076 2727 2137 2784 in
2177 2727 2563 2804 praeteritione
2592 2724 2992 2804 quorumdam,

583 2814 710 2865 tum
749 2806 810 2863 in
851 2802 1236 2865 destinatione
1277 2804 1496 2883 gratiae,
1529 2804 1702 2865 Matt.
1732 2806 1814 2865 xi.
1844 2809 1940 2882 25,
1972 2814 2033 2866 et
2059 2806 2183 2865 xiii.
2218 2810 2309 2881 11,
2342 2816 2465 2866 tum
2504 2806 2568 2865 in
2609 2804 2993 2865 destinatione

585 2884 804 2965 gloriae,
837 2884 1008 2945 Matt.
1039 2884 1139 2945 vii.
1169 2888 1283 2962 233
1329 2884 1516 2961 Apoc.
1542 2906 1648 2944 xx.
1685 2886 1776 2962 15,
1822 2885 2109 2946 interdum
2142 2888 2377 2963 positive
2417 2886 2479 2945 in
2507 2884 2890 2945 destinatione
2916 2884 2995 2943 ad

583 2966 861 3043 majorem
887 2964 1328 3041 indurationem,
1358 2964 1403 3024 J
1406 2984 1458 3023 o.
1487 2964 1592 3023 xii.
1622 2967 1719 3041 39,
1751 2968 1864 3043 403
1910 2966 2079 3026 Rom.
2110 2967 2191 3025 ix.
2227 2968 2317 3043 18,
2348 2972 2408 3026 et
2435 2966 2511 3025 ad
2548 2965 2992 3040 damnationem,

586 3044 758 3103 Rom.
786 3044 870 3103 ix.
904 3047 995 3121 11,
1034 3046 1122 3121 12,
1155 3044 1298 3105 Jud.
1325 3048 1384 3103 4.
2387 3066 2393 3073 ·

585 3165 1070 3281 Amatam?
1111 3125 1249 3281 pe?
1247 3124 1528 3281 3121,ssss
1565 3124 2323 3281 ἑὶῖὲᾝωθιὲἓὲωἳῗᾞὲἒ
2358 3132 2995 3283 ἕὲζιέἒῖξῗτᾜᾚ

645 3281 963 3386 ἓῇῑξζῃθῗῶθῦ
991 3283 1072 3329 ‘¹⁰-
1111 3284 1374 3361 gratiam,
1417 3284 1552 3343 illos
1592 3284 1855 3363 neglexit
1890 3293 1949 3343 et
1991 3285 2226 3363 insuper
2262 3285 2483 3361 habuit,
2524 3284 2683 3363 quod
2718 3290 2878 3361 patet
2917 3300 2996 3341 ex

911 3372 925 3386 '
1111 3372 1325 3424 eventu
1368 3364 1703 3441 Electionis,
1748 3373 1875 3424 tum
1910 3366 2273 3425 desertionem
2312 3367 2645 3442 negativam,
2682 3383 2799 3441 qua
2836 3363 2995 3440 ipsos

587 3440 648 3500 in
673 3460 868 3501 massa
891 3451 1178 3521 corrupta,
1207 3452 1268 3504 et
1297 3464 1401 3504 sua
1426 3444 1661 3503 miseria
1686 3444 1953 3522 reliquit;
1998 3444 2156 3524 quod
2182 3444 2263 3505 ita
2290 3453 2483 3504 tamen
2516 3442 2993 3521 intelligendum3

591 3524 645 3581 1.
674 3530 742 3581 ut
781 3542 900 3581 non
939 3524 1304 3601 excipiantur
1341 3524 1573 3603 legibus
1614 3525 1935 3584 eommunis
1974 3525 2371 3602 providentiae,
2420 3524 2524 3584 sed
2566 3524 2684 3582 illis
2726 3529 2998 3581 maneant

587 3602 853 3681 subJeeti,
883 3621 992 3663 nec
1018 3604 1176 3662 omni
1204 3605 1392 3683 gratia
1415 3604 1526 3663 Dei
1547 3605 1743 3665 statim
1770 3604 2086 3683 priventur,
2118 3604 2223 3663 sed
2249 3612 2475 3663 tantum
2502 3602 2740 3663 salutari
2768 3611 2827 3662 et
2846 3600 2995 3659 vivi·

587 3681 714 3759 fica,
739 3702 870 3760 quse
889 3683 1189 3743 electionis
1209 3692 1298 3743 est
1325 3684 1565 3760 fructus,
1611 3688 1668 3744 2.
1698 3693 1764 3743 ut
1784 3684 1860 3743 ad
1878 3684 2040 3743 illam
2066 3684 2509 3762 praeteritionem
2535 3691 2593 3743 et
2613 3682 2997 3742 desertionem

588 3770 903 3839 sequantur
931 3764 1117 3823 omnis
1145 3763 1375 3841 generis
1401 3773 1639 3842 peccata
1666 3764 1946 3840 actualia3
1990 3784 2107 3823 non
2135 3763 2367 3842 quidem
2397 3784 2471 3823 ex
2498 3770 2706 3823 natura
2741 3760 2995 3840 proeteri-

589 3838 766 3900 tionis
793 3850 852 3900 et
879 3842 1221 3902 desertionis
1248 3842 1448 3921 ipsine,
1479 3852 1539 3903 et
1559 3845 1620 3902 vi
1647 3844 1831 3923 ipsius
1860 3845 2060 3921 gratioe
2088 3852 2331 3923 negatae,
2364 3843 2468 3903 sed
2496 3864 2572 3903 ex
2597 3851 2805 3902 natura
2830 3840 2997 3899 liberi

535 3992 538 3995 ⁴
593 3920 814 3978 arbitrii
841 3923 1112 3999 corrupti,
1143 3929 1204 3982 et
1230 3924 1293 3981 vi
1320 3922 1720 4000 corruptionis,
1750 3944 1881 3999 quae
1923 3925 1984 3981 in
2024 3924 2125 3983 illo
2154 3932 2275 3999 est;
2324 3925 2407 3985 Ut
2434 3924 2533 3983 ille
2562 3923 2663 4001 qui
2688 3940 2809 3981 non
2838 3929 2999 3980 curat

593 3998 857 4057 morbum
883 4000 946 4057 in
975 4009 1211 4078 aegroto,
1241 4022 1359 4060 non
1387 4010 1477 4061 est
1504 4022 1679 4062 causa
1704 4004 1892 4061 morbi
1922 4024 2027 4081 per
2053 4023 2133 4082 se,
2164 4022 2351 4081 neque
2380 4002 2609 4063 illorum
2638 4022 2768 4081 quae
2794 4002 2871 4060 ab
2896 4000 2998 4059 illo

592 4078 794 4170 morbo
821 4080 1140 4157 resultant3
1187 4081 1282 4140 Ita
1307 4088 1546 4159 peccata
1575 4090 1710 4141 sunt
1737 4085 2122 4160 consequentia
2148 4084 2341 4162 potius
2370 4102 2542 4161 quam
2585 4084 2779 4158 effecta
2806 4100 2996 4159 repro-

593 4158 862 4231 bationis,
907 4167 974 4217 ut
1017 4178 1148 4237 quse
1191 4160 1588 4221 futuritionem
1631 4170 1876 4222 eventus
1923 4166 2248 4224 necessario
2296 4164 2519 4239 inserat,
2572 4163 2676 4223 sed
2718 4160 2995 4220 malitiam

591 4246 789 4296 tamen
815 4252 932 4297 non
959 4238 1180 4315 influat,
1209 4240 1310 4300 vel
1349 4239 1653 4319 infundam
1696 4262 1813 4302 non
1842 4244 2192 4304 removendo
2221 4244 2378 4322 quod
2407 4243 2589 4320 adest,
2621 4240 2726 4302 sed
2752 4261 2872 4301 non
2898 4239 2997 4299 ad-

593 4316 882 4376 movendo
911 4318 1069 4396 quod
1105 4328 1472 4380 sustentaret.
1556 4322 1681 4382 Nec
1715 4323 1767 4382 si
1811 4322 1913 4383 Sol
1939 4342 2057 4382 non
2086 4322 2419 4384 illuminans
2447 4331 2676 4399 terram,
2708 4329 2799 4381 est
2827 4338 2999 4381 eausa

593 4415 700 4474 per
725 4396 992 4457 accidens
1019 4398 1418 4477 tenebrarum3
1465 4402 1660 4461 statim
1691 4402 1853 4462 Deus
1884 4402 2157 4463 deserens
2196 4405 2507 4479 hominem,
2549 4410 2608 4463 et
2648 4421 2767 4461 non
2792 4418 2998 4460 curans

595 4477 726 4555 ejus
745 4476 1170 4556 corruptionem
1195 4488 1389 4556 potest
1407 4480 1524 4541 diei
1553 4502 1727 4542 causa
1754 4502 1859 4561 per
1876 4484 2145 4543 accidens
2156 4506 2179 4561 ,ς
2223 4484 2360 4563 quia
2379 4504 2497 4543 non
2524 4481 3000 4542 illuminationem

601 4556 754 4617 Solis
793 4557 1138 4618 necessitate
1177 4567 1398 4620 naturae
1440 4571 1761 4644 sequuntur
1798 4564 2069 4642 tenebrae,
2116 4565 2219 4623 sed
2258 4564 2626 4643 negationem
2670 4562 2871 4641 gratiae
2914 4578 2999 4619 se·

589 4644 854 4715 ‚quuntur
877 4647 1116 4718 peccata
1142 4639 1483 4702 voluntarie.
2516 4644 2529 4655 ⁰
