3300 5225
86 43 120 58 (
86 11 122 15 i

563 405 641 468 38
1542 422 1724 466 Locus
1753 423 1989 466 mnus.
2581 401 2829 485 [Quas-r.
2859 421 2969 466 m.

563 563 803 624 cedente
856 583 1231 644 consequens,
1291 585 1365 626 ex
1414 585 1625 644 genere
1679 567 1916 645 species,
1965 586 2040 624 ex
2093 585 2269 624 causa
2321 563 2589 624 effectum
2643 564 2967 626 deducitur.

564 647 621 706 3.
668 644 752 704 Ut
778 643 854 704 sit
880 644 1121 704 evidens
1146 655 1379 724 propter
1405 665 1723 723 assensum,
1766 655 1834 706 ut
1871 655 2106 724 propter
2143 645 2494 704 evidentiam
2533 645 2812 704 illationis
2851 665 2968 704 non

563 725 754 784 minus
780 725 1247 786 conclusionibus
1274 745 1449 804 quam
1474 727 1788 805 praemissis
1815 727 2212 786 assentiamur.

646 804 802 864 XX.
846 804 1031 864 Aliud
1076 815 1168 866 est
1208 807 1371 884 loqui
1416 807 1493 866 de
1534 807 2070 866 ratiocinationibus
2111 805 2388 866 extractis
2431 824 2509 864 ex
2566 805 2864 883 Scriptura
2909 814 2972 864 et

564 883 883 944 secundum
909 904 1053 960 eam,
1084 893 1144 946 et
1170 905 1303 964 quae
1346 886 1795 947 subordinantur
1835 885 2176 945 revelationi
2217 893 2277 944 et
2319 884 2380 943 in
2407 903 2535 944 eam
2562 885 2966 960 resolvuntur3

568 963 753 1024 Aliud
778 964 851 1023 de
896 964 968 1025 iis
994 984 1125 1044 quae
1154 965 1245 1024 illi
1286 975 1673 1044 opponuntur.
1757 967 1892 1026 Non
1933 965 2209 1044 sequitur,
2255 964 2394 1024 licet
2436 965 2692 1023 haeretici
2733 972 2974 1024 utantur

566 1043 694 1103 istis
720 1043 797 1102 ad
824 1063 1045 1104 errores
1073 1063 1211 1104 suos
1238 1046 1680 1121 confirmandos,
1709 1045 1842 1104 illas
1867 1064 1986 1104 non
2013 1063 2142 1104 esse
2169 1044 2592 1120 admittendas3
2635 1063 2770 1104 nam
2797 1063 2968 1122 prop-

566 1133 657 1183 ter
682 1123 768 1182 rei
793 1124 1056 1200 abusum,
1086 1125 1217 1203 ejus
1242 1145 1384 1186 usus
1412 1126 1710 1204 legitimus
1737 1125 1866 1185 tolli
1891 1144 2011 1184 non
2037 1125 2228 1184 debet.

647 1203 841 1263 XXI.
884 1204 1045 1265 Usus
1064 1207 1600 1283 consequentiarum
1620 1225 1738 1265 non
1755 1214 1844 1266 est
1863 1205 2086 1265 alienus
2112 1224 2149 1263 a
2175 1204 2540 1283 simplicitate
2559 1203 2974 1282 discipulorum

568 1283 816 1361 Christi;
856 1303 993 1344 nam
1020 1304 1163 1344 oves
1190 1285 1403 1346 Christi
1446 1287 1557 1345 etsi
1600 1285 1892 1365 simplices
1935 1304 2063 1344 esse
2105 1283 2336 1361 debent,
2379 1303 2496 1344 non
2523 1283 2740 1344 debent
2777 1293 2974 1343 tamen

566 1382 693 1422 esse
721 1363 923 1440 brutas,
954 1364 1059 1423 sed
1100 1365 1445 1441 rationales3
1488 1385 1597 1424 nec
1640 1366 1693 1424 si
1733 1385 1910 1425 unam
1939 1364 2154 1425 Christi
2197 1363 2398 1424 audire
2439 1364 2720 1424 debemus
2747 1383 2970 1439 vocem,

566 1442 839 1502 continuo
864 1442 1175 1522 impeditur
1198 1446 1698 1506 ratiocinationum
1739 1464 1898 1522 usus,
1943 1444 2116 1504 modo
2158 1443 2502 1505 adhibeatur
2532 1463 2664 1503 cnm
2691 1451 2974 1522 tempera-

568 1531 763 1582 mento
790 1523 1082 1602 legitimo;
1124 1524 1241 1584 imo
1260 1527 1397 1605 quia
1425 1526 1641 1586 Christi
1667 1543 1788 1585 vox
1815 1533 1908 1584 est
1931 1523 2235 1600 audienda,
2261 1523 2584 1584 scrutandae
2611 1531 2750 1584 sunt
2779 1523 2974 1602 Scrip-

566 1611 731 1678 turae,
762 1611 823 1662 et
849 1623 969 1663 vox
994 1605 1301 1682 peregrina
1326 1625 1363 1664 a
1388 1623 1533 1665 voce
1562 1605 1778 1665 Christi
1805 1603 2200 1680 discernenda,
2231 1604 2390 1682 quod
2431 1604 2557 1664 sine
2594 1603 2836 1663 rationis
2861 1623 2974 1664 usu

568 1683 693 1742 fieri
720 1681 939 1760 nequit.
1024 1684 1119 1744 Ita
1158 1693 1383 1744 tantum
1426 1685 1593 1746 abest
1634 1695 1703 1746 ut
1743 1685 2277 1745 ratiocinationibus
2319 1702 2424 1762 per
2465 1684 2909 1762 consequentias
2939 1703 2976 1742 e

574 1763 869 1841 Scriptura
908 1762 1173 1823 deductis
1200 1764 1503 1825 recedatur
1542 1784 1579 1824 a
1626 1765 1938 1844 Scriptura,
1968 1764 2066 1824 vel
2107 1764 2198 1822 illi
2239 1763 2461 1840 aliquid
2503 1763 2766 1840 addatur,
2795 1773 2863 1824 ut
2903 1783 2976 1822 ea

570 1840 855 1902 duntaxat
881 1861 1011 1921 qum
1039 1851 1177 1903 sunt
1200 1843 1263 1903 in
1294 1845 1591 1923 Scriptura
1616 1853 1890 1906 eruantur
1908 1853 1976 1905 et
2001 1844 2078 1903 ad
2101 1863 2272 1904 usum
2299 1843 2666 1905 reducantur.

652 1921 879 1980 XXII.
924 1923 1090 1983 Licet
1132 1924 1429 2003 Scriptura
1456 1925 1682 1985 dicatur
1705 1925 1960 2004 perfecta
1985 1926 2047 1983 in
2087 1943 2299 2002 genere
2337 1923 2698 1984 fundamenti
2737 1921 2973 1982 creden-

570 2002 775 2062 dorum
822 2011 883 2062 et
926 2001 1335 2082 faciendorum,
1384 2015 1670 2084 quatenus
1719 2005 1910 2064 omnia
1953 2005 2225 2082 dogmata
2267 2004 2524 2064 continet
2577 2013 2638 2064 et
2687 2011 2979 2083 praecepta

570 2101 811 2158 morum,
842 2102 972 2160 quae
1016 2085 1337 2144 necessaria
1378 2094 1516 2153 sunt
1556 2085 1633 2145 ad
1677 2085 1957 2162 salutem;
2013 2085 2126 2144 hoc
2167 2103 2284 2143 non
2327 2085 2522 2145 obstat
2563 2083 2872 2163 quominus
2916 2091 2978 2142 et

570 2161 957 2239 explicatione
984 2170 1044 2223 et
1070 2164 1453 2242 applicatione
1481 2185 1628 2244 opus
1654 2164 1900 2241 habeat;
1943 2173 2008 2225 ut
2035 2164 2239 2243 regula
2265 2163 2518 2242 perfecta
2543 2173 2650 2240 est,
2695 2172 2756 2224 et
2781 2171 2978 2222 tamen

570 2242 700 2320 ejus
726 2242 1109 2320 applicatione
1130 2263 1277 2322 opus
1292 2253 1411 2322 est3
1440 2265 1547 2306 nec
1574 2245 1689 2306 ista
1715 2244 2023 2325 applicatio
2044 2244 2348 2304 intercedit
2374 2242 2712 2322 perfectioni
2738 2243 2974 2321 regulae,

571 2322 677 2382 sed
701 2323 894 2399 potius
922 2341 1048 2382 eam
1074 2324 1281 2402 probat
1308 2334 1369 2386 et
1394 2325 1667 2386 declarat.

654 2401 915 2462 XXIII.
956 2405 1321 2476 Marma-qia
1334 2425 1439 2466 seu
1456 2406 1890 2483 vaniloquentia,
1909 2423 2084 2482 quam
2103 2403 2411 2482 proscribit
2432 2402 2753 2482 Apostolus
2773 2406 2804 2461 1
2825 2401 2977 2461 Tim.

570 2482 609 2542 i.
654 2484 709 2558 6,
753 2501 871 2541 uon
910 2493 1001 2543 est
1040 2486 1401 2545 ratiocinatio
1448 2505 1589 2545 sana
1624 2505 1729 2563 per
1768 2485 2208 2562 consequentias
2254 2503 2332 2544 ex
2375 2483 2704 2562 Scriptura3
2747 2482 2852 2542 sed
2888 2489 2982 2540 est

572 2563 799 2622 curiosa
832 2571 891 2623 et
924 2562 1099 2622 anxia
1145 2563 1219 2625 de
1260 2564 1434 2625 rebus
1476 2565 1645 2625 vanis
1688 2563 2033 2641 dissertatio,
2082 2583 2229 2641 quas
2265 2571 2441 2624 vocat
2482 2583 2540 2623 v.
2569 2567 2626 2624 4.
2669 2561 2846 2640 μῦθους
2889 2565 2982 2621 καὶ

570 2643 888 2715 γενεαλογίας
913 2648 952 2700 ὦ
1042 2644 1230 2710 εἰη-ους,
1250 2644 1451 2723 quales
1477 2654 1641 2704 orant
1667 2662 1786 2702 non
1809 2644 1984 2703 modo
2011 2644 2334 2704 Gentilium
2359 2643 2572 2705 fabulae
2598 2644 2672 2703 de
2703 2644 2832 2702 Diis
2859 2642 2984 2701 suis

570 2730 631 2782 et
654 2723 897 2800 sumis,
941 2742 1001 2781 se
1084 2732 1145 2783 et
1178 2724 1521 2784 ‚Iudaeorum
1560 2724 1765 2783 deliria
1804 2722 1878 2783 de
1919 2722 2118 2801 Lilith,
2163 2723 2506 2801 Behemoth‚
2547 2722 2885 2799 Leviathan,
2921 2730 2984 2781 et

573 2802 704 2861 aliis
732 2800 793 2860 id
820 2820 1005 2879 genus
1032 2802 1387 2865 Talmudicis
1412 2804 1587 2882 nugis
1612 2802 1932 2864 febrilibus.

656 2881 908 2941 XXIV.
953 2880 1194 2943 Abusus
1222 2882 1722 2943 ratiocinationum
1745 2902 1866 2943 non
1891 2892 1982 2943 est
2009 2881 2448 2943 confundendus
2474 2902 2606 2943 cum
2633 2902 2828 2943 earum
2850 2901 2980 2958 usu,

574 2980 681 3021 nec
708 2980 801 3022 res
828 2960 1189 3021 considerata
1214 2962 1275 3021 in
1302 2962 1591 3023 abstracto
1617 2963 1680 3021 in
1707 2982 1770 3022 se
1797 2961 2139 3039 damnanda,
2183 2963 2260 3023 ob
2285 2980 2615 3057 perversam
2641 2964 2770 3041 ejus
2797 2962 2982 3044 appli-

574 3042 859 3102 cationem
886 3042 949 3099 in
975 3050 1279 3102 concreto:
1342 3042 1443 3103 Sic
1480 3042 1649 3103 multi
1690 3042 1970 3103 falluntur
2007 3042 2070 3102 in
2095 3041 2342 3121 objectis
2367 3041 2546 3102 'variis
2573 3041 2986 3121 dignoscendis

574 3140 680 3199 per
704 3120 984 3197 auditum,
1007 3121 1103 3181 vel
1130 3121 1339 3199 visum,
1369 3142 1477 3183 nec
1504 3123 1580 3184 ob
1606 3122 1672 3182 id
1695 3132 1888 3182 tamen
1915 3122 2224 3183 dicendum
2243 3122 2464 3183 incerta
2483 3123 2678 3181 omnia
2695 3140 2824 3181 esse
2851 3139 2984 3199 quas

575 3200 842 3261 sensibus
860 3199 989 3261 istis
1004 3202 1526 3279 apprehenduntur.
1610 3202 1708 3262 Ita
1727 3202 1777 3261 si
1793 3212 2036 3281 peccant
2053 3202 2159 3279 illi,
2176 3203 2279 3281 qui
2297 3202 2724 3279 consequentiis
2743 3208 2988 3262 utuntur

574 3280 652 3341 ad
693 3279 976 3340 firmanda
1016 3281 1163 3342 falsa
1201 3282 1854 3343 'I'ransubstantiationis
1893 3282 1992 3341 vel
2031 3281 2652 3343 Consubstantiationis
2691 3281 2984 3359 dogmata,

575 3360 714 3439 quia
740 3367 875 3420 srmt
900 3360 1171 3421 violenta
1196 3371 1257 3422 et
1282 3362 1616 3441 illegitimae,
1646 3380 1764 3421 non
1791 3360 2064 3422 continno
2091 3361 2351 3421 damnari
2376 3360 2592 3422 debent
2609 3360 2697 3420 illi
2716 3360 2820 3438 qui
2837 3359 2984 3437 legi-

574 3440 715 3499 time
742 3439 815 3499 iis
840 3448 1114 3517 utuntur;
1157 3442 1301 3501 alias
1328 3449 1664 3521 sequeretur
1690 3440 2080 3501 damnandum
2106 3440 2281 3501 etiam
2306 3460 2435 3502 esse
2463 3440 2776 3520 Scriptum
2801 3439 2990 3518 ipsius

576 3538 763 3597 usum,
794 3520 932 3599 quia
958 3520 1125 3581 multi
1150 3521 1407 3581 haeretici
1432 3541 1502 3581 ea
1527 3521 1860 3581 abutuntur.

660 3599 877 3660 XXV.
920 3599 1107 3660 Aliud
1146 3609 1237 3661 est
1274 3601 1525 3679 aliquem
1564 3600 1783 3676 audire,
1829 3608 1896 3661 ut
1941 3600 2210 3679 artificem
2249 3602 2590 3678 domatum,
2637 3599 2722 3659 sic
2765 3599 2983 3674 Moses,

580 3680 904 3757 Propheta,
934 3688 994 3740 et
1014 3680 1277 3740 Christus
1298 3680 1407 3739 soli
1427 3680 1717 3756 audiendi,
1745 3688 1807 3740 et
1831 3679 2024 3757 quoad
2043 3698 2136 3739 res
2155 3679 2415 3755 traditas,
2445 3688 2504 3739 et
2529 3678 2723 3758 quoad
2747 3677 2986 3737 modum

577 3760 879 3837 tradendi3
928 3760 1115 3820 Aliud
1153 3759 1370 3834 audire,
1420 3767 1487 3819 ut
1530 3760 1804 3840 artificem
1849 3761 2340 3819 manutentorem
2383 3758 2753 3837 dogmatibus
2797 3758 2985 3837 expli·

578 3840 779 3898 candis
806 3838 1251 3977 eitualpplicandis
1290 3838 1643 3915 idoneorum,
1691 3840 1776 3899 sic
1813 3839 2078 3898 homines
2119 3839 2544 3917 consequentiis
2582 3844 2814 3899 utentes
2851 3856 2988 3917 pos-

580 3926 717 3978 sunt
744 3938 817 3976 au
862 3918 876 3932 '
912 3918 947 3979 ’.

661 3996 913 4056 XXVI.
956 3997 1099 4057 Alia
1124 4006 1259 4058 sunt
1289 3998 1583 4077 principia
1608 4000 1932 4077 dofflnatum
1973 4006 2033 4057 et
2059 3998 2342 4057 Veritatis
2369 3996 2798 4073 sententiarum,
2847 3995 2990 4057 Alia

580 4084 717 4135 sunt
744 4076 1038 4153 Ρνίησίρία
1076 4078 1326 4138 veritatis
1352 4080 1702 4138 eductionum
1717 4102 1742 4152 ,-
1787 4078 1902 4137 Illa
1939 4077 2230 4137 ducuntur
2267 4096 2345 4136 ex
2389 4077 2702 4156 Scriptura,
2747 4076 2874 4136 Ista
2911 4097 2988 4134 ex

578 4155 799 4214 ratione
811 4177 826 4231 ;
871 4163 931 4215 et
956 4156 1095 4234 quia
1114 4158 1349 4219 Veritas
1376 4158 1788 4218 sententiarum
1815 4156 2116 4237 potissima
2153 4164 2262 4231 est,
2293 4164 2584 4233 spectatur
2621 4156 2988 4234 potissimum

574 4236 639 4293 in
668 4236 1039 4312 argumentis,
1082 4246 1142 4297 et
1180 4258 1255 4297 ex
1284 4239 1397 4297 ista
1429 4237 1719 4316 judicium
1743 4236 1869 4297 fieri
1896 4236 2070 4296 debet
2097 4236 2170 4295 de
2198 4236 2598 4312 conclusione;
2651 4234 2826 4296 Unde
2853 4254 2987 4294 con·

579 4314 762 4374 clusio
802 4318 1125 4393 argumenti
1167 4318 1521 4395 Theologica
1568 4317 1694 4394 erit,
1745 4318 1883 4394 quia
1925 4315 2270 4395 principium
2317 4314 2654 4393 dogmatum
2699 4314 2819 4375 tale
2865 4324 2990 4391 cst;

578 4395 756 4455 Ratio
782 4416 922 4456 vero
948 4416 1066 4455 non
1093 4406 1181 4457 est
1208 4399 1557 4476 principium
1581 4397 1684 4471 rei,
1715 4396 1819 4455 sed
1847 4395 2170 4473 cognitiora}
2195 4396 2297 4471 rei,
2329 4395 2386 4455 N
2387 4414 2453 4455 ec
2479 4402 2598 4454 tam
2624 4394 2989 4474 principium,

578 4496 753 4554 quam
782 4476 1223 4536 instrumentum
1248 4496 1365 4555 quo
1392 4478 1762 4555 cognoscitur
1789 4476 1852 4535 id
1875 4473 2034 4553 quod
2059 4474 2351 4554 probatur.

664 4555 949 4615 XXVII.
995 4556 1420 4635 Consequentia
1462 4564 1551 4615 est
1596 4574 1738 4632 opus
1783 4555 2038 4629 rationi-3,
2087 4563 2372 4632 quatenus
2419 4552 2818 4614 consideratur
2857 4558 2990 4629 sor-

582 4636 805 4695 maliter
844 4644 904 4695 et
940 4636 1227 4713 organice,
1272 4636 1409 4713 quia
1446 4654 1552 4713 per
1590 4633 1870 4695 rationem
1898 4633 2140 4710 elicitur,
2185 4634 2290 4693 sed
2315 4652 2434 4692 non
2459 4640 2526 4692 ut
2553 4634 2908 4712 oriqae‘naliter
2933 4642 2992 4693 et

583 4716 950 4777 materialiter
977 4724 1282 4795 spectatur,
1314 4736 1417 4795 pro
1447 4713 1708 4777 doctrina
1733 4734 1837 4795 per
1863 4714 2330 4795 consequentiam
2359 4712 2566 4775 elicita.
2653 4713 2748 4774 Ita
2777 4715 2989 4776 Conse-
