3300 5225
321 384 540 435 eumer.
572 365 755 448 xvir]
1310 384 1389 425 na
1418 380 1764 426 selum-uns.
2623 365 2756 439 129,

1166 684 1581 761 QUAESTIO
1622 683 1842 743 xvn.

1042 862 1123 902 DE
1148 862 1612 904 Pnnsrlcmra'rn
1640 859 2000 903 somnum.

317 1005 413 1064 An
438 1005 742 1081 Scriptwa
768 1002 849 1061 ita
874 1002 949 1061 sit
960 1002 1271 1079 perspicua
1296 1002 1356 1062 in
1380 1003 1545 1061 rebus
1571 1004 1656 1061 ad
1676 1004 1913 1059 salutem
1937 999 2279 1074 necessariis,
2309 1008 2374 1058 ut
2395 1000 2514 1061 sim
2538 1009 2722 1061 extor-

397 1105 471 1143 no
503 1082 849 1142 Traditionis
876 1083 1119 1163 ἑγςείφου
1144 1085 1233 1141 vel
1266 1082 1625 1141 authoritatis
1673 1080 2084 1141 Ecczoeimeicae
2108 1080 2347 1156 masnilio,
2393 1081 2613 1159 nfideli
2636 1080 2720 1141 in·

397 1164 573 1240 tethyn·
583 1163 810 1240 possit!
890 1162 1118 1221 Affirm.
1147 1170 1349 1221 contra
1377 1160 1732 1221 Pontificios.

394 1321 447 1381 1.
490 1320 625 1381 Non
652 1320 794 1381 satis
820 1318 931 1379 fuit
959 1319 1281 1379 Pontificiis
1312 1318 1669 1397 Scripturam
1708 1316 2160 1397 imperfectionis
2185 1334 2444 1394 arguere,
2487 1324 2555 1377 ut
2579 1316 2722 1376 Tra-

310 1399 595 1461 ditionum
621 1399 1023 1459 necessitatem
1064 1399 1419 1474 inveherent,
1464 1398 1569 1457 sed
1606 1406 1676 1459 ιιι
1714 1398 1910 1475 aliquo
1949 1416 2082 1457 cum
2119 1404 2408 1474 praetextu
2445 1396 2724 1475 populum

310 1480 386 1538 ab
413 1481 542 1557 ejus
568 1480 815 1539 lectione
842 1497 1035 1541 amere
1078 1486 1332 1557 possent,
1378 1486 1438 1538 et
1463 1478 1759 1538 lucernam
1786 1477 1896 1537 sub
1921 1475 2118 1535 modio
2145 1476 2450 1552 occultare,
2479 1484 2548 1535 ιιι
2581 1476 2722 1535 t'aci·

308 1558 424 1618 lius
450 1560 512 1617 in
538 1558 792 1619 tenebris
817 1567 1144 1637 regnarent,
1187 1559 1316 1636 ejus
1344 1558 1753 1618 obscuritatem
1779 1574 1988 1633 urgere
2028 1563 2342 1633 coeperunt,
2371 1555 2540 1632 quasi
2575 1554 2723 1615 nulli

310 1646 469 1698 certo
494 1648 669 1701 notus
688 1658 816 1699 esse
842 1638 1029 1715 possit
1054 1639 1183 1717 ejus
1209 1657 1415 1697 sensus
1442 1637 1567 1696 sine
1588 1634 1814 1713 judicio
1842 1634 2138 1693 Ecclesiae.

832 1718 919 1777 II.
963 1717 1067 1776 Ad
1122 1718 1353 1777 Statum
1406 1714 1758 1792 Quaestionis
1809 1714 2074 1791 observa,
2122 1716 2178 1772 1.
2221 1711 2356 1771 Non
2407 1713 2592 1791 quaeri
2644 1713 2720 1773 de

328 1781 681 1887 Βὴξξεῃῇω
748 1797 1157 1873 Ρονῳίσιιίεαεο
1221 1796 1321 1855 vel
1396 1796 1729 1855 obscuritate
1793 1794 2033 1871 subjecti,
2104 1812 2209 1853 seu
2280 1792 2666 1852 Personarum
2697 1815 2716 1871 3

748 1876 901 1934 Nam
943 1895 1061 1935 non
1096 1895 1378 1953 negamus
1418 1876 1746 1952 Scripturas
1787 1892 1916 1933 esse
1965 1873 2240 1932 obscuras
2279 1872 2613 1932 infidelibus
2659 1881 2722 1933 et

306 1950 652 2029 irregenitis,
701 1954 915 2031 quibus
962 1955 1350 2033 Evangelium
1404 1974 1575 2014 suum
1612 1962 1832 2013 tectum
1875 1972 2004 2013 esse
2045 1952 2189 2011 dicit
2237 1949 2472 2027 Paulus,
2515 1954 2553 2011 2
2585 1952 2716 2013 Cor.

308 2030 390 2089 iv.
447 2038 508 2090 et
560 2031 806 2092 fatemur
862 2034 1142 2112 Spiritum
1194 2033 1618 2092 illuminantem
1677 2032 1949 2091 fidelibus
2007 2031 2396 2091 necessarium
2451 2050 2580 2091 esse
2639 2031 2718 2091 ad

307 2130 408 2169 eas
434 2110 863 2189 intelligendas.
950 2112 1068 2172 Sed
1093 2112 1167 2171 de
1208 2113 1537 2173 obscuritate
1577 2114 1668 2170 vel
1695 2111 2098 2188 perspicuitate
2139 2112 2335 2187 oly‘ecti
2373 2130 2476 2170 seu
2523 2111 2715 2189 Scrip-

306 2196 491 2266 turae3
537 2189 637 2249 An
662 2191 747 2250 ita
774 2192 851 2250 sit
878 2192 1139 2269 obscura,
1168 2200 1237 2251 ut
1260 2192 1435 2250 homo
1462 2190 1652 2249 fidelis
1681 2191 1804 2251 sine
1845 2189 2192 2250 authoritate
2239 2197 2299 2249 et
2337 2188 2562 2268 judicio
2601 2190 2714 2249 Ec·

306 2268 499 2328 clesiae
528 2288 655 2329 eam
682 2269 759 2329 ad
786 2271 1031 2331 salutem
1130 2270 1351 2349 rcipere
1377 2290 1495 2330 non
1518 2270 1742 2348 possit;
1785 2269 1944 2347 quod
1969 2286 2270 2346 negamus.

310 2374 315 2381 ·
387 2348 509 2408 ΙΙΙ.
554 2349 688 2408 Νοιι
730 2351 1007 2428 quaritur
1074 2370 1106 2409 e
1152 2352 1499 2412 obscuritate
1524 2352 1745 2409 Rerum
1768 2368 1866 2408 eeu
1889 2349 2292 2425 Mysteriorum
2318 2346 2381 2406 in
2417 2347 2716 2427 Scriptura

303 2428 644 2489 traditorum
667 2451 683 2506 ;
726 2430 998 2507 utrinque
1025 2429 1180 2489 enim
1207 2431 1575 2508 agnoscimus
1617 2428 1897 2507 mysteria
1947 2428 2240 2507 pleraque,
2269 2448 2400 2506 quse
2427 2428 2489 2485 in
2521 2428 2712 2506 Scrip-

302 2516 434 2567 tura
458 2518 872 2587 proponuntur,
902 2509 987 2569 ita
1011 2528 1139 2569 esse
1168 2510 1439 2569 sublimia
1480 2516 1550 2568 ut
1588 2507 1928 2586 longissime
1965 2515 2198 2585 captum
2239 2516 2500 2567 nostrum
2544 2527 2712 2586 supe·

302 2594 448 2664 rent,
493 2596 552 2648 ct
577 2588 857 2649 hactenus
882 2608 1053 2668 posse
1081 2588 1199 2649 dici
1223 2590 1470 2650 obscura
1514 2588 1577 2648 in
1620 2607 1724 2648 set
1769 2586 1887 2648 Sed
1913 2586 1986 2647 de
2031 2586 2359 2647 obeaeritate
2403 2588 2560 2647 modi
2595 2607 2712 2666 quo

302 2686 397 2726 res
425 2667 541 2726 illes
568 2669 1011 2729 abstrusissima
1046 2669 1371 2745 traduntur,
1422 2676 1482 2728 ct
1526 2687 1702 2746 quem
1727 2667 1980 2726 mirabili
2016 2667 2407 2740 ουγιιταβόπι
2453 2666 2540 2726 ita
2582 2687 2710 2728 esse

302 2755 678 2825 temperatam
731 2768 768 2808 a
822 2749 1075 2809 Domino
1130 2749 1453 2824 statuimus,
1508 2756 1579 2808 ut
1628 2746 1820 2806 fidelis
1873 2746 1976 2824 qui
2027 2747 2206 2806 habet
2257 2747 2457 2806 oculos
2498 2747 2711 2807 mentis

300 2825 621 2889 illustratos
673 2835 894 2889 attente
946 2829 1152 2907 legens
1206 2828 1553 2888 sufficienter
1604 2826 1684 2886 ad
1736 2825 1982 2887 salutem
2023 2825 2150 2888 haec
2188 2827 2466 2906 mysteria
2505 2845 2710 2906 capere
2743 2897 2748 2900 ,

379 2907 501 2968 ssit.

299 2925 491 3046 PoIV.
536 2987 670 3048 Non
697 2987 990 3067 quaeritur,
1035 2987 1137 3048 An
1168 2987 1464 3068 Scriptura
1494 2985 1555 3048 S.
1598 2987 1678 3047 sit
1714 2987 2020 3066 perspicua
2043 2986 2106 3046 in
2133 2985 2402 3048 omnibus
2427 2985 2549 3047 suis
2573 3007 2705 3066 par-

298 3065 473 3143 tibus,
504 3075 571 3126 ut
596 3069 757 3128 nullo
786 3069 1113 3146 interprete,
1143 3069 1417 3147 nullaqw
1444 3067 1754 3128 dubiorum
1779 3067 2139 3145 expositione
2167 3075 2353 3146 egeat,
2383 3067 2542 3145 quod
2568 3067 2698 3128 Bel-

298 3144 463 3206 larm.
508 3147 695 3222 nobis,
742 3147 847 3206 sed
893 3147 1039 3208 falso
1082 3157 1142 3208 et
1182 3167 1287 3226 per
1322 3149 1670 3207 calumniam
1717 3146 1943 3225 affingit
1981 3147 2084 3206 lib.
2127 3150 2184 3208 3.
2229 3147 2304 3206 de
2352 3147 2428 3206 V.
2459 3147 2536 3206 D.
2565 3167 2616 3206 c.
2650 3149 2704 3207 1.

289 3224 530 3285 Statum
547 3227 883 3303 quaestionis
898 3228 982 3287 ita
1006 3228 1295 3304 formans3
1324 3229 1518 3288 Sintne
1544 3228 1856 3304 Sa-ipaeroe
1870 3247 1986 3304 per
2009 3247 2068 3286 se
2079 3228 2376 3304 fact'llimoe
2389 3236 2444 3286 ct
2465 3229 2704 3303 aper-tih-

293 3305 466 3380 simoe,
490 3307 1019 3384 &interpretatione
1037 3327 1149 3366 non
1168 3307 1489 3384 indiqeant!
1518 3307 1668 3366 Nam
1685 3307 1838 3366 ultro
1859 3306 2106 3366 fatemur
2121 3325 2226 3366 sua
2247 3325 2374 3366 esse
2395 3307 2705 3384 Scriptum

297 3383 491 3462 adyta,
523 3393 583 3446 et
608 3405 715 3446 sua
739 3389 885 3461 βὰὴ,
909 3406 1040 3464 quae
1067 3387 1299 3464 assequi
1324 3396 1384 3446 et
1410 3386 1656 3446 scrutari
1682 3405 1798 3445 non
1824 3387 2103 3461 valemus,
2139 3394 2200 3445 et
2225 3403 2356 3462 quoe
2387 3387 2546 3446 Deus
2579 3396 2704 3447 tum

297 3463 373 3522 ad
398 3463 770 3526 excitandum
798 3465 1054 3526 studium
1078 3466 1337 3526 fidelium
1364 3474 1425 3525 et
1464 3465 1792 3544 augendam
1817 3485 2016 3524 eorum
2043 3464 2423 3542 diligentiam,
2463 3474 2588 3525 tum
2627 3465 2706 3525 ad

294 3542 643 3603 domandam
668 3545 920 3606 hominis
948 3546 1292 3624 superbiam,
1337 3553 1463 3605 tum
1507 3545 1584 3604 ad
1624 3542 1922 3603 fastidium
1965 3543 2384 3620 detergendum
2430 3544 2588 3620 quod
2627 3563 2704 3603 ex

294 3622 474 3680 nimia
515 3622 791 3684 facilitate
837 3625 1085 3685 suboriri
1128 3633 1373 3704 poterat,
1423 3624 1486 3682 in
1534 3624 1832 3700 Scriptura
1873 3641 2005 3682 esse
2043 3622 2270 3682 voluit:
2317 3622 2436 3682 Sed
2476 3631 2705 3682 tantum

294 3701 573 3779 quaeritur
596 3702 672 3762 de
698 3704 871 3764 rebus
898 3704 975 3762 ad
1002 3705 1246 3765 salutem
1274 3703 1630 3779 necessariis,
1663 3709 1722 3760 et
1748 3701 1982 3778 quidem
1999 3700 2316 3761 secundum
2331 3721 2460 3760 eam
2476 3709 2704 3762 tantum

296 3781 463 3858 enim
491 3781 806 3845 secundum
833 3802 1007 3860 quam
1050 3783 1388 3844 necessariae
1432 3789 1569 3841 sunt
1611 3781 1868 3858 cognitu,
1914 3789 1975 3841 et
2001 3781 2125 3840 sine
2169 3781 2405 3840 crimine
2448 3780 2471 3839 i
2551 3783 2704 3842 orari

295 3881 413 3919 non
438 3870 717 3939 possunt;
758 3881 819 3922 v.
849 3882 907 3940 g.
950 3863 1251 3922 Trinitatis
1293 3861 1631 3940 mysterium
1676 3859 1976 3938 'perspicue
2022 3860 2270 3921 traditur
2301 3880 2428 3939 ‘quo
2543 3866 2601 3920 τὶ
2628 3861 2706 3920 δ’τὶ

292 3941 453 4079 guod
478 3941 865 4001 necessarium
892 3949 998 4018 est,
1043 3942 1147 4002 sed
1172 3961 1291 4002 non
1317 3941 1510 4020 quoad
1534 3945 1590 3998 τὶ
1618 3944 1726 4006 πὸς
1765 3939 1923 4017 quod
1961 3959 2133 4018 nosse
2159 3939 2327 4000 nobis
2353 3959 2470 3999 non
2497 3961 2702 4002 conce-

334 4021 467 4098 itur,
496 4041 605 4080 nec
631 4021 708 4079 ad
735 4022 977 4081 salutem
1004 4020 1330 4099 requiritur.
1417 4019 1515 4080 Sic
1542 4021 1764 4080 scilicet
1788 4020 1980 4079 visum
2011 4021 2154 4096 Deo,
2187 4028 2257 4080 ut
2281 4021 2344 4080 in
2370 4021 2593 4081 Natura
2618 4023 2704 4082 ita

292 4107 352 4160 et
398 4101 461 4176 in
506 4100 819 4179 Scriptura,
862 4108 931 4161 ut
974 4101 1169 4160 omnia
1210 4101 1537 4162 necessaria
1560 4100 1776 4178 ubique
1819 4099 1938 4159 fere
1963 4100 2223 4159 locorum
2250 4110 2615 4163 occurrerent
2641 4111 2702 4162 et

292 4179 451 4239 facili
502 4181 739 4258 negotio
782 4181 1214 4258 invenirentur3
1259 4181 1364 4252 sed
1405 4181 1686 4251 nonnulla
1730 4179 1923 4238 minus
1969 4180 2294 4256 necessaria
2339 4181 2512 4240 certis
2553 4181 2699 4242 locis

294 4260 469 4319 altius
506 4260 969 4337 reconderentur,
1012 4261 1167 4321 unde
1208 4260 1439 4321 nonnisi
1478 4280 1692 4339 magno
1733 4259 1927 4320 studio
1967 4260 2092 4320 erui
2129 4269 2384 4338 possent.
2470 4261 2556 4322 Ut
2595 4261 2700 4321 illa

290 4349 502 4417 praeter
528 4339 721 4400 cibum
748 4349 808 4401 et
832 4359 1059 4419 panem,
1105 4360 1241 4402 suas
1265 4342 1478 4401 habeat
1502 4340 1688 4400 veluti
1713 4339 1968 4416 delicias,
2012 4359 2148 4400 suas
2188 4358 2464 4417 gemmas,
2507 4349 2570 4400 et
2595 4361 2696 4402 au·

291 4439 419 4477 rum
462 4419 578 4478 alte
623 4419 932 4497 defossum,
980 4429 1041 4480 et
1082 4420 1373 4480 indefesso
1421 4420 1613 4481 studio
1655 4419 2005 4497 eruendum;
2054 4419 2135 4478 Et
2159 4428 2227 4479 ut
2254 4419 2478 4480 Goelum
2507 4419 2696 4479 diver-

291 4498 375 4558 sis
430 4498 614 4559 stellis
667 4501 985 4579 majoribus
1010 4500 1115 4561 vel·
1149 4501 1470 4560 minoribus
1512 4499 2008 4578 interstinguitur3
2080 4498 2176 4559 Ita
2232 4499 2528 4577 Scriptura
2579 4519 2698 4558 non

292 4577 507 4656 ubique
534 4581 749 4657 pariter
773 4580 947 4658 lucet,
995 4581 1100 4642 sed
1144 4581 1291 4642 locis
1334 4580 1674 4641 clarioribus
1721 4587 1780 4639 et
1821 4578 2248 4640 obscurioribus
2294 4579 2478 4640 veluti
2510 4577 2697 4639 stellis

292 4657 637 4735 quibusdam
666 4661 901 4742 majoris
928 4661 1026 4722 vel
1054 4661 1293 4722 minoris
1317 4658 1736 4740 magnitudinis
1762 4659 2155 4739 distinguitur.

2351 4756 2375 4795 1
