3300 5225
386 389 607 437 Qulsss'r.
639 367 800 448 xun]
1255 387 1334 427 m:
1363 389 1951 429 ruffiosssrrmrmffi.
2679 371 2797 426 333

392 530 492 588 J0.
512 529 598 586 vi.-
613 530 708 587 70.
755 528 876 587 Nec
903 528 1186 605 particula
1213 535 1250 588 ιὶ
1267 533 1354 606 μὴ,
1388 530 1488 590 J0.
1513 530 1657 590 xvii.
1683 533 1773 604 12,
1791 529 1995 608 (quum
2023 547 2194 586 nemo
2222 525 2432 586 dicitur
2456 527 2696 604 periisse
2726 547 2803 586 ex

393 609 662 667 omnibus
689 607 778 685 iis,
810 607 910 684 qui
943 607 1065 667 dati
1093 617 1228 668 sunt
1256 610 1502 684 Christo,
1543 611 1656 669 nisi
1674 610 1837 689 filius
1852 605 2215 688 perditionis)
2247 615 2336 666 est
2362 609 2666 683 exceptiva,
2699 607 2803 665 sed

393 687 769 764 adversativa,
800 696 867 746 ut
911 706 1062 765 saepe
1100 688 1258 765 alibi,
1287 710 1404 749 non
1433 699 1497 749 ut
1542 690 1865 768 excipiatur
1891 690 1935 748 J
1937 688 2085 748 udas
2112 708 2189 746 ex
2222 687 2339 745 illis
2366 687 2467 762 qui
2504 687 2627 746 dati
2669 695 2805 746 sunt

395 768 642 842 christo,
693 775 755 826 et
796 787 914 825 non
950 767 1259 844 perierunt,
1292 769 1410 828 sed
1449 778 1516 829 ut
1543 770 1662 829 illis
1700 777 2059 846 opponatur3
2120 775 2185 826 ut
2228 775 2424 844 pateat
2465 785 2584 825 non
2625 766 2805 825 fuisse

395 849 594 985 {atum
641 847 889 922 Christo,
947 847 1086 924 quia
1138 848 1310 924 periit
1361 857 1430 908 ut
1481 849 1638 908 filius
1691 848 2051 927 perditionis,
2108 846 2187 905 id.
2245 846 2426 906 exitio
2462 847 2588 924 jam
2632 854 2805 906 antea

440 934 665 986 evotus.

481 1007 697 1066 XXV.
737 1007 938 1066 Insitio
979 1007 1038 1065 in
1081 1009 1280 1082 oleam,
1325 1007 1440 1066 alia
1481 1015 1570 1067 est
1611 1017 1861 1066 exterum
1900 1006 2203 1080 vocationis
2238 1026 2341 1083 per
2366 1005 2801 1085 professionem,

398 1087 514 1144 alia
541 1095 630 1146 est
657 1087 890 1145 internae
929 1087 1330 1146 communionis
1369 1107 1472 1164 per
1499 1086 1673 1146 fidem
1716 1087 2069 1161 salvificam;
2113 1085 2187 1144 ab
2229 1086 2331 1144 illa
2370 1095 2681 1163 potuerunt
2715 1106 2803 1145 re-

399 1165 586 1226 scindi
630 1165 844 1241 Judaei,
890 1167 993 1243 qui
1034 1186 1138 1244 pro
1181 1166 1398 1245 populo
1445 1167 1557 1226 Dei
1599 1167 1977 1242 habebantur,
2026 1167 2135 1226 Ro.
2166 1166 2247 1225 xi.
2288 1169 2383 1240 23,
2433 1166 2535 1224 sed
2572 1185 2689 1224 non
2732 1165 2806 1224 ab

398 1246 528 1322 ista,
570 1265 700 1323 quse
743 1245 942 1305 electis
983 1247 1216 1325 propria
1259 1255 1364 1322 est,
1406 1255 1466 1306 et
1506 1255 1596 1307 est
1621 1245 2017 1310 immutabilis.
2103 1244 2244 1302 Alia
2287 1253 2421 1304 sunt
2466 1254 2807 1322 argumenta

397 1345 528 1404 quse
555 1345 660 1404 pro
691 1325 1004 1403 Apostasia
1037 1327 1378 1386 Sanctorum
1407 1325 1742 1403 afferuntur,
1763 1345 1893 1403 quse
1910 1324 2040 1384 loeo
2068 1324 2140 1383 de
2169 1325 2600 1384 Per-severantia
2628 1344 2802 1383 excu-

397 1405 632 1464 tientur.
1208 1425 1214 1442 ¹

1294 1645 1670 1720 QUAESTIO
1712 1644 1905 1704 XIII.

397 1805 491 1862 An
499 1804 693 1882 fidelis
711 1803 892 1879 possit
916 1823 1030 1863 esse
1057 1812 1240 1863 certus
1267 1807 1337 1863 de
1363 1807 1653 1865 Electione
1678 1825 1802 1880 sua,
1834 1804 2178 1881 certitudine,
2209 1824 2323 1864 non
2351 1813 2566 1864 tantum
2594 1794 2803 1879 conjec-

481 1883 766 2018 turalizret
804 1885 1028 1958 morali,
1063 1887 1164 1942 sed
1193 1884 1489 1960 infazlffiili,
1525 1895 1580 1944 et
1603 1886 1793 1964 fidei!
1855 1883 1973 1943 Aff.
2014 1893 2195 1944 contr.
2228 1884 2564 1944 Pontificios
2596 1892 2656 1944 et
2692 1885 2805 1944 Re-

487 1981 653 2019 mons
711 2005 726 2018 .

488 2120 536 2178 Ι.
581 2119 827 2177 Asserta
877 2119 1225 2179 Cei-titudine
1279 2123 1542 2197 oly‘ectiva
1599 2121 1933 2196 Electionis,
1993 2122 2084 2180 De
2136 2123 2439 2198 subjectiva
2481 2121 2805 2196 dicendum,

405 2219 580 2278 quam
611 2197 904 2257 Pontificii
953 2208 1011 2257 et
1055 2200 1388 2260 Arminiani
1427 2201 1642 2278 pariter
1688 2200 2070 2279 impugnant:
2130 2200 2409 2274 Quamvis
2453 2220 2592 2259 vero
2638 2201 2811 2278 plena

405 2281 534 2356 ejus
560 2278 826 2337 tractatio
869 2277 944 2336 ad
976 2278 1168 2339 locum
1195 2280 1270 2339 de
1297 2281 1342 2340 J
1342 2280 1725 2340 ustifieatione
1766 2288 1825 2340 et
1855 2279 2294 2339 Perseverantia
2331 2279 2632 2357 pertineat,
2677 2281 2813 2358 quia

405 2368 600 2419 tamen
627 2359 780 2416 circa
807 2356 1126 2418 Electionis
1154 2359 1476 2420 doctrinam
1503 2367 1773 2419 movetur
1813 2359 1987 2418 etiam
2016 2359 2272 2434 Quaestio
2312 2358 2437 2418 haec
2478 2359 2552 2418 ab
2583 2359 2809 2418 Adver-

407 2437 592 2513 sariis,
623 2437 698 2496 de
726 2457 796 2496 ea
822 2437 1022 2516 paucis
1048 2448 1138 2500 est
1165 2440 1474 2517 agendum.

1049 2519 1135 2578 ΙΙ.
1181 2520 1614 2580 Pontificiorum
1658 2518 1943 2578 sententia
1968 2537 2083 2576 non
2127 2518 2339 2578 certius
2378 2525 2570 2596 potest
2596 2517 2810 2596 colligi,

922 2619 1096 2677 quam
1125 2620 1201 2659 ex
1231 2600 1475 2661 Concilii
1503 2599 1829 2659 Tridentini
1854 2599 2103 2675 decreto,
2133 2599 2287 2659 Sese.
2312 2601 2367 2659 6.
2392 2620 2441 2659 c.
2472 2600 2528 2658 9.
2559 2607 2618 2659 et
2634 2598 2811 2659 Cano.

934 2682 1027 2756 13,
1062 2683 1154 2754 14,
1190 2683 1283 2756 15,
1314 2680 1472 2758 quod
1500 2681 1693 2757 Negat
1733 2701 1769 2756 q
1840 2714 1843 2717 ⁴
2010 2701 2067 2738 m
2104 2681 2247 2739 scire
2276 2700 2445 2756 posse
2487 2681 2815 2739 certitudine

387 2761 550 2839 fidei,
571 2760 664 2819 cui
686 2781 798 2819 non
815 2768 1004 2837 potest
1025 2762 1239 2820 subesse
1249 2763 1488 2837 salsum,
1517 2780 1576 2819 se
1597 2761 1851 2837 qratiam
1942 2760 1998 2818 ei
2020 2768 2382 2819 consecutum.
2426 2759 2619 2837 Negat
2645 2780 2811 2837 opor-

408 2849 546 2916 tere,
577 2860 676 2900 eos
704 2840 806 2917 qui
833 2859 969 2899 vere
989 2839 1294 2917 justificati
1329 2847 1479 2916 sunt,
1510 2840 1727 2917 absque
1763 2840 1883 2899 ulla
1911 2840 2143 2899 omnino
2171 2839 2528 2899 dubitatione
2566 2839 2720 2917 apud
2754 2858 2815 2898 se

409 2928 660 2980 statuere
681 2939 742 2979 se
765 2938 892 2979 esse
905 2919 1273 2997 justificatos.
1319 2920 1397 2980 Et
1416 2920 1723 2978 anathema
1751 2920 2059 2979 denunciat
2076 2920 2163 2978 illi
2185 2920 2285 2996 qui
2296 2919 2521 2995 dixerit,
2545 2920 2818 2977 hominem

407 3009 666 3059 minatum
678 3000 1102 3079 &justificatum
1113 3001 1291 3059 teneri
1304 3020 1378 3059 ex
1376 3002 1500 3080 fide
1517 3002 1601 3059 ad
1607 3002 1944 3059 credendum
1959 3020 2017 3059 se
2033 3009 2181 3059 certo
2200 3020 2313 3059 esse
2330 3020 2405 3059 ex
2419 3019 2653 3058 numero
2658 3018 2818 3076 prae-

408 3081 828 3139 destinatorum.
913 3079 1080 3139 Licet
1106 3100 1246 3139 vero
1273 3080 1348 3139 de
1375 3080 1662 3139 sententia
1701 3079 1919 3139 decreti
1963 3080 2239 3157 Synodici
2264 3098 2382 3139 non
2410 3078 2551 3139 satis
2579 3079 2729 3139 inter
2758 3100 2819 3139 se

411 3159 773 3218 consentiant
818 3157 1177 3235 Adversarii,
1222 3160 1352 3218 aliis
1395 3180 1522 3219 eam
1563 3159 1641 3218 ad
1682 3160 2043 3219 certitudinis
2086 3159 2595 3235 confirmationem,
2645 3179 2819 3238 quam

407 3238 733 3317 tuebantur,
763 3238 895 3295 aliis
921 3238 998 3295 ad
1025 3240 1152 3316 ejus
1181 3239 1667 3317 oppugnationem
1712 3239 2087 3315 trahentibus,
2133 3240 2379 3317 singulis
2407 3259 2639 3299 sensum
2670 3240 2816 3299 Con-

411 3318 532 3377 cilii
558 3317 890 3376 versatilem
917 3318 994 3376 ad
1035 3338 1198 3377 suam
1226 3318 1570 3395 vertiginem
1599 3318 2059 3396 inflectentibus3
2106 3319 2339 3379 Certum
2366 3328 2560 3379 tamen
2600 3319 2817 3397 pleros-

411 3417 540 3475 que,
571 3406 631 3457 et
655 3397 701 3456 J
705 3397 922 3456 esuitas
947 3397 1210 3475 inprimis
1251 3398 1334 3457 ita
1360 3398 1506 3458 illud
1531 3397 1912 3477 interpretari,
1957 3398 2115 3476 quod
2138 3398 2329 3459 fidelis
2370 3420 2447 3458 ex
2476 3399 2822 3477 conjecturis

412 3484 471 3536 et
499 3478 682 3555 signis
721 3475 1118 3553 probabilibus
1145 3476 1414 3555 equidem
1456 3477 1528 3537 de
1555 3477 1749 3537 futura
1776 3476 2049 3538 felicitate
2078 3498 2183 3537 sua
2221 3479 2371 3539 bene
2398 3498 2646 3556 sperare,
2676 3478 2823 3538 nihil

412 3563 607 3615 tamen
635 3564 792 3615 certo
821 3556 1182 3632 concludere,
1213 3557 1309 3617 vel
1337 3557 1680 3617 certitudine
1707 3557 1841 3616 fidei
1871 3557 1943 3616 de
1973 3578 2041 3616 ea
2068 3578 2417 3636 cognoscere
2444 3558 2646 3635 possit.

1063 3636 1184 3695 ΙΙΙ.
1229 3636 1558 3695 Arminiani
1589 3646 1807 3715 negant
1848 3637 1972 3696 dari
2021 3638 2205 3697 ullum
2255 3658 2485 3698 sensum
2527 3636 2825 3696 electionis

939 3716 1001 3774 in
1028 3715 1137 3775 hac
1164 3716 1288 3776 vita
1327 3717 1440 3775 nisi
1469 3716 1942 3793 conditionatum,
1987 3726 2046 3777 et
2070 3718 2363 3778 laudabile
2404 3738 2473 3775 ac
2510 3717 2653 3776 utile
2695 3736 2823 3775 esse

939 3795 1158 3856 ducunt
1175 3795 1456 3872 dubitare,
1480 3816 1554 3853 an
1572 3796 1614 3853 ii
1635 3816 1859 3873 semper
1887 3797 2066 3857 futuri
2095 3798 2291 3873 simus,
2312 3797 2413 3875 qui
2432 3816 2586 3855 nunc
2608 3816 2824 3872 sumna,

413 3886 480 3937 ut
507 3877 822 3955 loquuntur
851 3875 1170 3935 Collatores
1198 3876 1376 3953 Hagi.
1455 3876 1750 3935 Verentur
1777 3896 1856 3935 sc.
1886 3896 1959 3935 ne
1989 3876 2272 3935 certitudo
2298 3876 2433 3935 talis
2460 3876 2537 3935 sit
2563 3885 2826 3953 peccato-

413 3957 576 4015 ribus
613 3958 743 4015 loco
779 3955 1118 4035 pulvinaris,
1163 3975 1278 4032 quo
1321 3955 1542 4034 seipsos
1582 3955 1833 4014 molliter
1873 3955 2087 4031 fovere,
2132 3964 2189 4015 et
2208 3957 2465 4016 suaviter
2502 3955 2828 4015 demulcere

415 4036 674 4113 possint3
722 4035 894 4096 Unde
923 4034 1182 4094 sufficere
1223 4036 1572 4094 arbitrantur
1613 4054 1741 4093 eam
1780 4035 2201 4112 certitudinem,
2245 4056 2361 4113 qua
2384 4035 2588 4095 fideles
2618 4035 2823 4111 sciunt,

413 4134 492 4191 se,
525 4114 810 4194 siquidem
837 4115 898 4173 in
924 4113 1039 4172 fide
1067 4123 1452 4192 perseverent,
1475 4134 1880 4192 permansuros
1908 4116 1971 4173 in
2000 4116 2112 4174 Dei
2140 4116 2342 4192 gratia,
2367 4125 2426 4176 et
2452 4115 2635 4175 vitam
2662 4123 2825 4174 eeter-

412 4214 546 4254 nam
575 4203 1022 4269 consecuturos3
1065 4192 1145 4253 id.
1176 4194 1576 4253 certitudinem
1618 4194 2083 4271 conditionalem,
2128 4214 2245 4254 non
2278 4195 2619 4270 absolutam,
2651 4194 2827 4271 idque

417 4273 490 4333 de
521 4274 792 4352 praesenti
821 4272 1198 4349 solummodo,
1243 4294 1360 4333 non
1388 4273 1460 4333 de
1489 4272 1701 4333 futuro.
1785 4274 1945 4333 Fons
1986 4275 2194 4333 erroris
2236 4284 2341 4351 cst,
2386 4275 2532 4334 falsa
2568 4275 2641 4333 de
2684 4274 2832 4333 elec-

414 4355 572 4413 tione
602 4354 814 4431 opini0,
859 4371 1032 4431 quam
1059 4352 1290 4413 demum
1331 4354 1393 4411 in
1434 4354 1677 4412 articulo
1718 4352 1921 4413 mortis
1961 4354 2237 4431 compleri
2277 4355 2455 4431 aiunt,
2498 4374 2632 4413 cum
2660 4360 2830 4412 antea

414 4433 766 4511 incompleta
805 4432 993 4507 fuerit,
1023 4440 1090 4491 ut
1116 4433 1372 4511 quandiu
1401 4433 1530 4510 quis
1558 4433 1618 4489 in
1646 4432 1801 4491 vivis
1829 4439 1935 4508 est,
1976 4434 2223 4511 singulis
2250 4434 2557 4493 momentis
2584 4432 2829 4491 deficere

410 4512 620 4591 possit,
643 4512 840 4591 sicque
907 4511 1039 4571 lane
1068 4511 1330 4573 dubitare
1359 4512 1566 4572 debeat
1593 4512 1667 4571 de
1696 4512 1976 4572 electione
2004 4533 2124 4590 sua,
2156 4513 2314 4591 quod
2340 4513 2395 4571 ei
2422 4532 2538 4572 non
2566 4518 2827 4571 constare

411 4592 612 4671 possit,
645 4612 720 4652 an
747 4593 821 4652 ad
845 4532 1024 4651 libem
1049 4612 1233 4671 usque
1263 4592 1337 4652 sit
1365 4600 1852 4670 perseveraturus.

425 2583 682 2630 Sententia
702 2581 870 2628 Ponti-

522 2642 760 2688 flciorum.

507 3702 576 3749 Et
597 3700 840 3747 Arminiu-

571 3773 761 3803 norum.
