3300 5225
544 324 662 383 432
1535 333 1721 375 Locus
1749 333 2019 383 qux'rus.
2552 312 2803 395 [Quass'r.
2833 336 2961 379 nv.

626 478 746 541 IX.
793 478 858 539 Si
885 476 1078 537 anima
1101 474 1298 535 interit
1323 494 1458 535 cum
1485 493 1741 553 corpore,
1784 472 1879 532 vel
1908 492 2109 532 somno
2137 472 2307 551 gravi
2332 472 2612 550 obruitur,
2656 474 2959 549 Quomodo

545 562 764 620 Paulus
791 578 923 618 cum
963 556 1233 614 fidelibus
1279 564 1412 633 post
1453 554 1743 614 terrestris
1784 553 2142 612 tabernaculi
2182 553 2639 629 dissolutionem,
2690 564 2961 632 expectat

543 640 848 700 aedificium
877 645 936 696 et
962 635 1198 694 domum
1227 644 1499 694 aeternam
1543 642 1603 692 et
1644 633 2006 713 &zugon-uim·
2044 633 2105 690 in
2154 632 2317 691 coelis
2336 636 2366 692 Ρ
2448 634 2752 709 Quomodo
2800 636 2961 712 cupit

543 740 676 780 eum
703 719 846 797 ipsis
873 714 1137 792 ωημῒσιι
1166 717 1218 773 iz
1242 722 1331 773 τοῦ
1355 715 1600 791 νόμους,
1629 723 1719 771 καὶ
1748 710 2001 776 ivdaaiieaec
2027 716 2147 794 πςὶς
2164 716 2245 771 τὶν
2271 724 2461 794 Κυςιοι,
2494 733 2567 772 ex
2590 734 2831 789 corpore
2857 734 2955 773 ex-

541 803 755 874 cedere,
785 807 841 857 ct
863 800 947 855 ad
969 798 1159 855 Deum
1185 798 1498 869 concedere,
1531 798 1566 850 2
1599 793 1731 852 Cor.
1759 812 1818 851 v.
1850 796 1903 868 1,
1934 792 1990 866 8,
2042 800 2102 850 et
2140 791 2281 850 alibi
2308 802 2470 870 optat
2494 794 2669 869 abire,
2724 812 2827 852 seu
2854 794 2957 851 mi-

537 899 716 956 9rare
761 880 846 937 ad
868 876 1192 949 Dominum,
1238 882 1294 933 et
1315 894 1428 932 esse
1453 892 1580 931 cum
1610 872 1833 931 Chresto
1854 873 1882 931 ,²
1924 870 2137 947 Philip.
2166 871 2203 928 i.
2232 874 2331 931 23.
2416 871 2719 947 Quomodo
2748 872 2956 931 Lazari

541 960 734 1017 anima
758 956 1050 1016 inducitur
1075 962 1210 1030 post
1236 952 1456 1011 obitum
1484 952 1545 1009 in
1573 951 1705 1009 sinu
1733 950 2006 1025 Abrahae,
2029 950 2133 1007 ubi
2158 951 2416 1010 suaviter
2432 952 2694 1028 quiescit,
2718 960 2779 1011 et
2796 952 2955 1029 Epu-

539 1038 709 1113 lonis,
755 1056 886 1114 quae
933 1042 1134 1093 contra
1179 1032 1240 1089 in
1287 1031 1486 1090 inferis
1527 1030 1847 1088 miserrime
1881 1038 2199 1105 torquetur,
2232 1031 2373 1089 Luc.
2404 1030 2526 1090 xvi.
2543 1034 2573 1090 Ρ
2653 1030 2956 1106 Quomodo

543 1120 749 1177 animoe
775 1119 1106 1190 Martyrum
1131 1112 1231 1171 sub
1257 1110 1466 1186 Altari,
1497 1111 1709 1168 indutae
1746 1109 1899 1168 stolis
1940 1110 2098 1185 albat«,
2142 1128 2273 1185 quoe
2300 1110 2567 1188 symbola
2594 1120 2730 1169 sunt
2756 1112 2957 1188 gloriae

541 1216 658 1274 qua
683 1197 964 1269 fruuntur,
997 1196 1316 1265 clamantes,
1347 1200 1401 1249 ct
1437 1190 1743 1249 vindictam
1782 1189 1902 1247 Dei
1938 1198 2268 1267 capemenas,
2308 1193 2750 1267 proponuntur?
2792 1191 2955 1269 Apo-

541 1277 648 1335 cal.
679 1276 758 1334 vi.
793 1277 886 1333 11.
970 1270 1272 1347 Quomodo
1301 1268 1537 1348 spiritus
1565 1268 1871 1346 impiorum
1898 1268 2235 1345 corporibus
2262 1268 2439 1328 soluti
2464 1268 2737 1329 dicuntur
2756 1288 2883 1329 esse
2910 1271 2955 1328 in

543 1359 757 1427 φυλακίῐ
797 1356 856 1413 in
895 1370 1126 1413 carcere
1166 1349 1288 1409 scil.
1332 1348 1614 1427 infernali,
1652 1352 1683 1406 1
1726 1348 1879 1407 Petr.
1908 1347 1990 1405 iii.
2024 1350 2117 1425 19,
2159 1347 2261 1407 ubi
2300 1348 2539 1408 meritas
2579 1350 2956 1409 contumaciae

545 1444 606 1495 et
631 1420 887 1513 perfidiae
915 1449 1116 1511 poeuas
1143 1429 1406 1507 pendunt
1424 1432 1453 1487 ?

1141 1508 1226 1569 X.
1259 1508 1431 1568 Ratio
1459 1507 1634 1567 etiam
1660 1506 1965 1585 multiplex
1990 1506 2102 1565 hoc
2119 1506 2493 1567 demonstrat.
2558 1507 2772 1583 Primo,
2803 1506 2953 1565 Ani·

557 1580 603 1625 2.
635 1581 686 1627 Δ
709 1578 1021 1683 fig-giriden&
1059 1608 1170 1647 mse
1196 1588 1685 1647 immortalitatem
1728 1586 1987 1665 postulat
2020 1587 2389 1645 Providentia
2434 1595 2495 1645 et
2538 1587 2777 1646 Jusdaa
2816 1587 2951 1663 Dei,

1059 1677 1125 1727 ut
1151 1668 1319 1727 bonis
1347 1667 1579 1743 bonum,
1607 1666 1779 1724 malis
1806 1666 2023 1724 malum
2050 1666 2412 1743 rependatur,
2455 1666 2611 1743 quod
2640 1686 2772 1725 cum
2798 1667 2951 1743 sapi—

537 1749 837 1809 entissimo
867 1748 979 1806 Dei
1007 1747 1249 1807 consilio
1275 1766 1394 1805 non
1420 1766 1646 1823 semper
1671 1745 1775 1803 fiat
1800 1745 1862 1801 in
1906 1745 2018 1803 hac
2058 1745 2198 1821 vita,
2249 1745 2424 1804 debet
2448 1746 2631 1805 altera
2654 1746 2951 1823 expectari

539 1828 883 1904 necessarie,
912 1828 975 1885 in
1001 1847 1116 1904 qua
1143 1825 1472 1885 distributio
1515 1824 1618 1883 illa
1654 1844 1957 1901 poenarum
1997 1833 2057 1884 et
2097 1824 2463 1902 praemiorum
2488 1825 2609 1883 fiat.
2692 1825 2959 1885 Postulat

1061 1926 1188 1964 eam
1227 1906 1446 1963 Veritas
1489 1905 1619 1979 Dei,
1652 1923 1781 1979 quae
1824 1903 1937 1980 piis
1966 1922 2249 1963 summam
2285 1904 2637 1980 felicitatem,
2674 1912 2734 1963 et
2760 1904 2953 1982 impiis

1061 1994 1378 2044 extremam
1407 1983 1695 2043 miseriam
1732 1983 2150 2058 interminatur,
2195 2002 2315 2042 non
2342 1984 2403 2041 in
2438 1984 2550 2042 hoc
2578 1992 2819 2059 tantum,
2850 1982 2955 2043 sed

647 2118 682 2164 S
745 2118 762 2162 i
825 2118 914 2163 Q
1061 2064 1234 2122 etiam
1261 2064 1322 2121 in
1349 2063 1542 2122 futuro
1571 2063 1784 2121 secu10.
1830 2062 2096 2122 Postulat
2122 2082 2250 2121 eam
2277 2064 2571 2139 Sapientia
2610 2071 2669 2122 et
2695 2064 2951 2139 Bonitas,

683 2132 743 2177 Ῥ
763 2132 824 2163 ⁰¹²
1058 2163 1190 2220 quae
1217 2163 1335 2201 non
1360 2150 1554 2219 potest
1579 2142 1717 2219 pati,
1742 2150 1809 2201 ut
1828 2141 1983 2200 idem
2010 2142 2088 2201 sit
2114 2142 2381 2201 interitus
2398 2142 2696 2201 hominum
2724 2151 2784 2202 et
2819 2143 2953 2201 bru·

535 2234 742 2303 torum,
773 2225 878 2285 sed
897 2231 964 2283 ut
980 2223 1245 2282 diversus
1265 2230 1356 2281 est
1371 2232 1548 2297 ortus,
1573 2221 1657 2281 ita
1683 2220 1977 2280 diversum
2004 2221 2226 2280 exitum
2252 2230 2625 2299 utrorumque
2654 2242 2781 2282 esse
2806 2222 2953 2283 vult.

1062 2302 1328 2361 Postulat
1355 2321 1482 2360 eam
1509 2301 1733 2377 Reliqz‘o
1760 2309 1821 2359 et
1838 2301 2031 2359 Rata-³
2049 2324 2074 2373 ‚·
2114 2300 2327 2360 frustra
2352 2300 2507 2360 enirn
2536 2303 2699 2360 Deus
2724 2302 2949 2378 colitur,

1055 2382 1269 2441 frustra
1296 2401 1357 2441 se
1389 2388 1683 2441 macerant
1718 2380 1937 2455 fideles,
1984 2388 2043 2438 et
2090 2379 2163 2439 de
2208 2381 2515 2441 sanctitate
2561 2380 2957 2458 promovenda

539 2473 675 2525 sunt
703 2461 931 2537 soliciti,
961 2459 1173 2521 frustra
1200 2462 1592 2520 calamitatum
1619 2468 1681 2519 et
1705 2458 1893 2519 crucis
1931 2460 2143 2538 jugum
2170 2460 2455 2536 patienter
2480 2460 2686 2536 ferunt,
2718 2460 2770 2519 si
2798 2460 2953 2519 idem

537 2544 730 2603 exitus
756 2542 884 2636 pios
912 2548 972 2600 et
1011 2540 1218 2618 impios
1261 2550 1457 2600 manet
1499 2560 1631 2599 cum
1677 2538 1899 2598 bestiis.
1986 2538 2407 2617 Sapientissimi
2449 2547 2616 2599 erunt
2660 2540 2951 2618 Epicurei,

537 2623 640 2701 qui
667 2622 974 2682 cuticulam
1003 2629 1223 2696 curant,
1255 2630 1314 2681 et
1339 2621 1484 2679 nihil
1511 2620 1679 2698 pensi
1704 2619 1937 2694 habent,
1987 2637 2163 2696 quam
2202 2629 2265 2679 ut
2292 2620 2464 2698 genio
2490 2620 2846 2698 indulgeant,
2892 2629 2955 2680 et

537 2702 648 2763 toti
675 2701 898 2761 deliciis
941 2701 1392 2778 immergantur;
1436 2702 1715 2775 Edamtoe,
1747 2708 1801 2758 et
1824 2700 2086 2774 bibamus,
2116 2699 2401 2776 inquiunt,
2436 2701 2585 2760 Cras
2628 2702 2951 2776 morimur,

950 2846 961 2856 ι
1063 2783 1092 2838 1
1116 2781 1247 2840 Cor.
1271 2783 1482 2856 xv.‚32.
1513 2779 1780 2838 Postulat
1797 2799 1925 2838 eam
1941 2778 2203 2838 innatum
2224 2779 2490 2839 omnibus
2517 2781 2953 2840 immortalitatis

593 2845 989 2952 Ingffifflgfm
1057 2860 1408 2936 desideriam,
1439 2868 1499 2919 et
1525 2859 1815 2936 appetitus
1841 2859 1942 2917 ille
1968 2857 2245 2934 infinitus,
2288 2859 2389 2936 qui
2414 2879 2709 2937 nunquam
2756 2859 2953 2918 satiari

1055 2947 1248 3016 potest
1273 2938 1388 2998 nisi
1413 2937 1567 2996 bono
1595 2947 1810 2998 aeterno
1838 2947 1898 2996 et
1924 2936 2149 2996 infinito
2172 2960 2191 2998 t
2232 2937 2379 2998 Cum
2399 2939 2553 2998 enim
2580 2959 2796 2999 vanum
2824 2959 2951 2998 esse

537 3045 654 3083 non
680 3021 865 3102 possit
893 3029 952 3080 et
977 3018 1361 3078 frustraneum
1389 3017 1737 3076 desiderium
1764 3017 1877 3076 hoc
1904 3017 2151 3095 singulis
2179 3036 2215 3076 a
2242 3017 2492 3078 Numine
2534 3027 2595 3079 ct
2618 3027 2825 3079 natura
2861 3019 2949 3077 in-

539 3105 732 3178 situm,
761 3098 1246 3160 mortalitatem
1275 3097 1594 3156 animarum
1621 3096 1747 3154 dari
1774 3116 2009 3156 necesse
2036 3105 2126 3155 cst
2151 3106 2219 3156 ut
2244 3098 2563 3174 expleatur.

954 3245 965 3256 ι
1139 3176 1259 3234 XI.
1306 3176 1589 3252 Secund0,
1633 3195 1763 3236 eam
1789 3177 1997 3254 probat
2022 3178 2149 3255 ejus
2174 3178 2582 3254 Spiriacalitac.
2612 3178 2762 3238 Nam
2789 3177 2946 3254 quic-

567 3248 614 3294 3·
635 3249 684 3294 A
715 3244 989 3350 {g’gstu‘h‘
1057 3254 1199 3332 quid
1226 3264 1316 3315 est
1343 3256 1657 3334 spirituale,
1698 3265 1757 3316 et
1803 3277 1839 3315 a
1882 3257 2136 3315 materies
2180 3258 2449 3335 contagio
2489 3258 2753 3333 liberum,
2804 3256 2949 3318 illud

831 3335 843 3350 ⁸
1061 3343 1152 3394 est
1179 3334 1516 3413 immortale,
1547 3337 1687 3413 quia
1712 3345 1779 3396 ut
1806 3356 2028 3395 summe
2056 3336 2306 3413 simplex
2332 3347 2392 3397 et
2429 3336 2802 3414 indivisibile,
2844 3356 2947 3395 ex·

541 3437 675 3497 pers
717 3417 807 3476 est
849 3414 1283 3490 contrarietatis,
1330 3435 1461 3492 quse
1503 3415 1687 3475 oritur
1728 3424 1953 3476 tantum
1992 3435 2029 3474 a
2054 3416 2431 3493 qualitatibus
2457 3417 2777 3492 contrariis,
2820 3436 2951 3493 quse

543 3506 676 3558 sunt
702 3495 1043 3571 materiales,
1075 3503 1134 3554 et
1160 3495 1306 3554 nihil
1327 3504 1416 3555 est
1441 3515 1478 3554 a
1502 3513 1619 3574 quo
1657 3496 1731 3555 ab
1759 3494 2071 3554 intrinseco
2098 3497 2385 3573 corrumpi
2410 3496 2611 3573 possit,
2642 3497 2741 3555 vel
2774 3497 2948 3554 inter-

543 3579 661 3654 ire;
707 3576 946 3636 mortale
989 3575 1144 3634 enim
1185 3575 1332 3634 illud
1375 3574 1608 3634 demum
1656 3583 1762 3651 est,
1812 3574 1971 3651 quod
1996 3573 2293 3634 materiale
2320 3583 2410 3634 est
2449 3584 2509 3634 et
2548 3576 2947 3652 compositum,

542 3656 813 3736 quodque
861 3663 1089 3714 constat
1125 3654 1508 3732 qualitatibus
1557 3653 1859 3714 contrariis
1902 3654 2053 3713 inter
2096 3674 2157 3712 se
2206 3655 2616 3732 pugnantibus.
2704 3655 2769 3714 Si
2810 3673 2951 3731 ergo

539 3739 731 3796 anima
757 3757 786 3795 s
827 3734 1072 3794 iritualis
1097 3743 1202 3808 est,
1227 3753 1333 3793 nec
1361 3734 1625 3794 educitur
1649 3754 1727 3792 ex
1753 3733 2011 3811 potentia
2026 3733 2297 3810 materiae,
2318 3753 2425 3792 nec
2446 3733 2520 3792 ab
2546 3755 2617 3793 ea
2644 3734 2947 3812 dependet,

538 3837 656 3874 non
681 3836 740 3873 m
819 3835 855 3873 o
881 3813 943 3871 in
968 3812 1110 3887 fieri,
1161 3812 1266 3872 sed
1307 3833 1415 3871 nec
1461 3814 1522 3872 in
1570 3833 1718 3889 csse,
1764 3813 1902 3890 quia
1946 3813 2295 3890 peculiarem
2334 3813 2687 3872 subsistendi
2715 3813 2949 3872 modum

541 3895 792 3970 sortitur,
823 3903 996 3968 atquc
1025 3893 1107 3951 ita
1131 3911 1250 3951 non
1275 3893 1518 3951 moritur
1558 3913 1691 3952 cum
1718 3912 1973 3971 corpore,
2018 3891 2123 3951 sed
2150 3901 2411 3970 separata
2436 3892 2512 3951 ab
2540 3913 2609 3952 eo
2638 3892 2951 3952 subsistere

537 3980 746 4052 potest.
829 3971 1105 4029 Animam
1151 3979 1344 4030 autem
1387 3972 1741 4049 spiritualem
1768 3991 1913 4047 esse,
1960 3989 2077 4030 non
2103 3973 2309 4031 melius
2336 3971 2627 4050 probatur,
2658 3991 2833 4050 quam
2872 3991 2951 4030 ex

497 4107 508 4112 -
540 4053 666 4129 ejus
715 4049 1160 4126 operationibus,
1206 4069 1336 4126 quae
1364 4069 1400 4107 a
1424 4050 1729 4126 posteriori
1774 4049 2047 4128 indicant,
2098 4051 2271 4128 quale
2298 4051 2375 4111 sit
2399 4051 2743 4130 principium
2771 4072 2808 4111 a
2833 4069 2949 4130 quo

539 4129 993 4222 proficiscuntur,
1042 4129 1178 4206 quia
1225 4129 1278 4187 si
1319 4136 1456 4187 sunt
1503 4129 1849 4206 spirituales,
1899 4139 1958 4190 et
2000 4131 2193 4189 anima
2234 4131 2363 4208 ipsa
2405 4131 2578 4190 debet
2624 4151 2753 4190 esse
2782 4129 2975 4208 spiriffi

652 1960 896 2007 Ver-itate.

638 2357 909 2417 Religione-

410 4241 420 4251 ·
538 4208 732 4268 tuahs.

706 4352 718 4364 α
1046 4288 1054 4292 “
1145 4285 1302 4344 XII.
1349 4285 1691 4364 Spirituales
1717 4297 1911 4350 autem
1940 4309 2067 4348 esse
2094 4290 2224 4368 ejus
2250 4289 2616 4368 operationes
2642 4296 2803 4350 certo
2830 4287 2951 4348 col-

539 4353 584 4399 4·
599 4353 688 4456 ἐξ
703 4351 1021 4410 mdepondon-
1061 4363 1267 4441 ligitur
1293 4385 1369 4424 ex
1397 4387 1594 4427 earum
1621 4369 2051 4445 independena'a
2076 4389 2117 4427 a
2142 4389 2398 4445 corpore,
2442 4367 2599 4428 unde
2640 4378 2701 4429 et
2742 4367 2948 4427 animo

695 4425 724 4455 ⁸
745 4423 956 4468 ‘mmm’
1059 4443 1244 4521 ipsius
1298 4445 1749 4524 independentia
1792 4447 2087 4525 sequitur:
2142 4449 2201 4506 N
2202 4469 2295 4508 am
2344 4449 2396 4507 si
2426 4448 2627 4508 anima
2668 4448 2946 4524 indepen-

538 4523 742 4584 denter
767 4529 960 4600 potest
983 4541 1156 4601 agere
1184 4544 1221 4583 a
1247 4545 1501 4603 corpore,
1531 4535 1725 4603 potest
1750 4529 1925 4588 etiam
1959 4527 2413 4606 independenter
2451 4547 2489 4586 a
2528 4547 2769 4606 corpore
2808 4525 2945 4586 sub-

535 4605 758 4680 sistere,
781 4601 988 4663 modus
1015 4603 1168 4662 enim
1205 4606 1480 4683 operandi
1523 4606 1785 4686 sequitur
1830 4606 2063 4668 modum
2104 4607 2371 4686 essendi;
2430 4605 2709 4669 Animam
2750 4613 2945 4667 autem
