3300 5225
540 337 617 394 98
1462 349 1645 392 Locus
1675 348 1994 392 sacunnus.
2595 327 2849 409 [Quas-r.
2883 348 2942 390 x.

544 491 740 552 dicant
774 491 1081 571 jejunium,
1126 498 1185 548 et
1223 488 1597 550 metuendum
1622 487 1822 550 dicant
1858 508 1934 550 ne
1967 496 2092 548 tota
2116 506 2307 548 rerum
2333 486 2683 548 universitas
2721 489 2782 546 in
2809 489 2952 566 pris-

1030 569 1215 628 tinum
1228 569 1417 628 Chaos
1434 577 1782 646 revertatur;
1807 576 2032 628 tantum
2049 569 2214 626 abest
2229 577 2294 629 ut
2311 566 2571 626 fraudem
2589 566 2776 626 facere
2793 589 2958 628 sacro

548 637 598 683 A
618 637 1007 707 Quaeremus-um
1034 647 1235 707 Codici
1276 649 1615 707 sustineant.
1699 651 1756 707 4.
1783 649 2246 708 Masoretharum
2271 647 2560 724 diliyentia
2587 667 2704 706 non
2731 657 2958 708 tautum

624 695 896 754 diligentia.
1032 728 1186 787 circa
1211 746 1416 787 versus
1442 737 1503 792 et
1529 747 1706 788 voces
1733 727 1835 787 sed
1863 737 1922 788 et
1965 728 2225 804 singulas
2265 726 2480 802 literas,
2509 747 2657 804 quas
2682 747 2800 786 una
2825 749 2958 786 cum

550 805 820 866 omnibus
860 807 1279 868 variationibus
1308 807 1700 884 punctationis
1727 814 1788 867 et
1813 807 2160 884 scriptionis,
2189 825 2308 864 non
2349 807 2534 866 solum
2572 807 2634 864 in
2659 817 2960 867 numerato

550 884 822 963 habuere,
844 888 949 947 sed
962 895 1024 947 et
1044 887 1257 964 scripto
1274 887 1711 964 consignavere,
1733 906 1807 945 ne
1822 887 2071 946 falsariis
2087 886 2370 960 manibus,
2394 886 2492 945 vel
2510 885 2690 960 locus,
2714 886 2810 944 vel
2833 907 2957 945 sus-

552 966 707 1044 picio
734 968 939 1028 saltem
966 967 1240 1026 daretur:
1282 966 1440 1042 quod
1466 974 1872 1043 argumentum
1898 973 2070 1041 urget
2093 966 2271 1024 Anias
2297 966 2622 1038 rldontanus,
2651 966 2872 1043 praefat.
2901 967 2962 1024 in

923 1112 934 1123 ¹
1068 1045 1224 1104 Bibl.
1288 1047 1343 1104 5.
1371 1046 1812 1122 Exemplar-ium
1851 1047 2162 1119 multide,
2193 1064 2326 1102 cum
2351 1044 2504 1104 enim
2533 1044 2708 1122 longe
2729 1045 2962 1122 lateque

552 1109 1019 1215 Abffiufflgffigffm
1072 1123 1269 1184 diffusi
1284 1133 1481 1185 essent
1494 1124 1738 1184 Codices
1759 1124 1908 1183 sacri
1928 1144 2044 1201 quo
2061 1123 2294 1182 tandem
2315 1131 2484 1200 pacto
2505 1133 2816 1200 potuerunt
2835 1145 2956 1182 om-

946 1200 959 1214 '
1070 1222 1175 1262 nes
1192 1204 1496 1282 corrumpi,
1518 1202 1616 1262 vel
1638 1204 2030 1264 Librariorum
2050 1203 2278 1281 injuria,
2301 1203 2396 1261 vel
2417 1203 2776 1262 falsariorum
2803 1203 2964 1262 mali-

556 1281 683 1339 tia?
724 1280 882 1358 Aug.
910 1280 973 1339 li.
1006 1284 1098 1360 15,
1130 1283 1203 1342 de
1232 1283 1297 1342 C.
1328 1283 1403 1342 D.
1433 1303 1484 1342 c.
1524 1283 1629 1341 xii.
1711 1284 1872 1342 Absit
1895 1293 1959 1340 ut
1985 1285 2243 1360 prudens
2283 1283 2578 1358 quispiam,
2621 1286 2709 1340 vel
2730 1285 2966 1342 Judoeos

554 1360 839 1438 cujuslibet
865 1363 1256 1436 perversitatis
1296 1373 1465 1440 atque
1504 1362 1753 1438 malitioe,
1783 1370 2000 1420 tantum
2046 1361 2296 1438 potasse
2337 1365 2548 1437 credat,
2589 1363 2648 1420 in
2693 1364 2968 1422 codicibus

555 1448 677 1498 tam
700 1441 903 1516 multis,
931 1450 985 1499 et
1012 1451 1129 1501 tam
1156 1445 1315 1519 longe
1338 1445 1555 1518 lateque
1581 1442 1800 1516 dtffoeis
1821 1464 1841 1499 .·
1867 1441 2025 1518 quod
2052 1442 2211 1501 Vives
2237 1439 2380 1500 dicit
2411 1442 2624 1518 opponi
2653 1441 2863 1501 debere
2891 1443 2966 1500 iis

556 1519 659 1596 qui
668 1521 921 1592 salsatos
946 1529 1002 1580 et
1024 1531 1321 1598 corruptos
1346 1522 1617 1580 Hebroeos
1650 1523 1715 1580 V.
1742 1523 1806 1578 T.
1839 1520 2071 1580 Codices
2097 1530 2150 1580 et
2182 1521 2414 1582 Groecos
2433 1523 2588 1580 Novi
2603 1522 2876 1598 olv'ict'unt,
2899 1541 2970 1582 ne

560 1600 770 1660 verita-s
794 1619 1091 1660 sacrorum
1115 1603 1423 1659 Librorum
1448 1621 1523 1658 ex
1547 1600 1660 1658 illis
1669 1600 1923 1674 sontibus
1939 1609 2192 1675 petatur.

642 1679 756 1738 VI.
785 1681 845 1738 6.
876 1679 943 1740 Si
969 1680 1224 1759 corrupti
1250 1679 1498 1739 fuissent
1523 1678 1730 1756 fontes,
1759 1679 1857 1738 vel
1883 1689 2013 1738 ante
2039 1682 2318 1738 Christum
2343 1679 2406 1738 id
2431 1678 2664 1756 factum,
2687 1681 2783 1738 vel
2801 1690 2934 1757 post
2950 1707 2970 1740 .-

562 1756 668 1818 sed
694 1766 962 1819 neutrum
990 1759 1107 1818 dici
1133 1766 1342 1838 potest.
1420 1759 1553 1818 Non
1580 1767 1711 1817 ante
1726 1783 1752 1832 ,·
1791 1759 1931 1835 quia
1959 1759 2224 1819 Christus
2250 1761 2360 1818 hoe
2387 1779 2504 1818 non
2533 1760 2968 1838 dissimulasset,

561 1836 665 1914 qui
701 1837 895 1898 varias
922 1837 1202 1898 doctrines
1239 1837 1681 1916 depravationes
1717 1838 1928 1916 arguit,
1955 1857 2064 1900 nee
2091 1839 2256 1898 libris
2293 1839 2576 1917 corruptis
2602 1840 2690 1900 uti
2718 1833 2968 1900 sustinu-

562 1915 746 1976 isset:
774 1916 878 1977 An
902 1925 1023 1978 tam
1050 1937 1254 1994 parum
1282 1917 1567 1977 sollicitus
1594 1918 1706 1976 fuit
1733 1919 2020 1978 Dominus
2046 1918 2120 1978 de
2149 1919 2334 1978 salute
2363 1938 2614 1994 suorum,
2645 1929 2710 1978 ut
2735 1920 2972 1980 falsatos

564 1997 783 2136 341⁸?ss
784 1997 1347 2153 ‘’3312223221’233‘
1359 1997 1704 2136 ωῑῃιεέῗέἶι
1718 2017 2362 2138 &tammam
2365 1997 2662 2154 3333?
2663 1999 2976 2158 {3511erss

566 2163 777 2231 autem,
822 2157 873 2216 si
900 2157 1155 2236 corrupti
1195 2165 1361 2216 erant
1399 2165 1459 2216 et
1498 2155 1834 2235 adulterati)
1877 2166 1936 2217 et
1964 2157 2280 2235 discipulos
2307 2176 2444 2218 suos
2470 2157 2547 2216 ad
2573 2178 2772 2217 eorum
2798 2143 2974 2218 libro-

566 2253 695 2294 rum
722 2234 1029 2296 lectionem
1056 2244 1117 2296 et
1144 2236 1482 2297 scrutinium
1509 2236 1719 2296 invitet
1745 2244 1806 2296 et
1830 2245 2036 2314 urgeat
2051 2241 2080 2296 Ρ
2115 2237 2248 2296 Non
2264 2247 2398 2313 post
2413 2261 2438 2311 ;
2465 2247 2590 2298 tum
2617 2239 2754 2315 quia
2781 2259 2973 2297 exem-

566 2314 751 2394 plaria
792 2315 945 2377 inter
983 2315 1342 2376 Christianos
1381 2316 1659 2376 distracta
1700 2316 1896 2376 irritos
1941 2315 2330 2376 reddidissent
2367 2315 2514 2376 tales
2555 2327 2812 2394 conatus,
2851 2326 2976 2377 tum

567 2395 707 2472 quia
732 2395 867 2455 talis
894 2397 1277 2473 corruptionis
1303 2396 1529 2455 nullum
1556 2395 1872 2473 vestigium
1899 2397 2184 2456 occurrit:
2228 2396 2378 2456 Nam
2405 2395 2456 2455 si
2483 2397 2598 2456 tale
2625 2398 2768 2475 quid
2795 2398 2975 2456 eonti-

570 2475 769 2552 gisset,
814 2475 931 2536 Cur
968 2475 1099 2534 loca
1138 2494 1268 2552 quae
1310 2474 1575 2534 Christus
1616 2483 1678 2534 et
1728 2474 2000 2552 Apostoli
2040 2475 2222 2535 citant
2255 2495 2333 2535 ex
2377 2475 2544 2534 Mose
2585 2485 2644 2536 et
2675 2476 2982 2554 Prophetis

570 2552 777 2615 eodem
804 2554 975 2614 modo
1002 2554 1175 2614 hodie
1203 2574 1273 2615 ae
1300 2554 1457 2631 olim,
1485 2561 1546 2614 et
1571 2553 1904 2615 nullatenus
1939 2555 2254 2634 depravata
2283 2556 2601 2633 legumtur?
2642 2555 2758 2615 Cur
2790 2556 2976 2633 014ρί-

570 2652 669 2693 nes
694 2642 755 2693 et
778 2635 1175 2709 Hieronymus,
1205 2634 1309 2711 qui
1342 2634 1560 2711 linguas
1598 2644 1812 2694 sanetae
1849 2635 2057 2713 peritia
2093 2636 2456 2694 excellebant
2498 2636 2572 2693 ab
2598 2636 2710 2694 hoc
2740 2636 2978 2695 crimine

573 2713 618 2773 J
620 2712 819 2773 udaeos
846 2722 965 2772 tam
992 2712 1204 2773 diserte
1230 2712 1543 2773 absolvunt
1560 2716 1591 2774 ἰ’
1633 2713 1825 2792 Igitur
1851 2716 1902 2773 si
1929 2734 2036 2774 nec
2076 2722 2210 2774 ante
2237 2734 2346 2774 nec
2371 2722 2504 2792 post
2532 2713 2824 2774 Christum
2853 2735 2977 2773 cor-

574 2792 767 2870 ruptio
794 2792 947 2852 faeta
982 2800 1089 2867 est,
1131 2792 1391 2869 sequitur
1424 2813 1721 2872 nunquam
1749 2793 1960 2853 factam
1987 2814 2134 2871 esse,
2163 2794 2321 2873 quod
2357 2802 2760 2873 argumentum
2786 2813 2979 2872 perse·

574 2872 773 2951 quitur
800 2871 1205 2949 Belial-minus,
1234 2872 1337 2933 lib.
1366 2872 1425 2932 ii.
1453 2873 1529 2935 de
1556 2874 1633 2934 V.
1665 2874 1742 2933 D.
1770 2893 1823 2932 c.
1849 2872 1913 2932 ii.

659 2952 807 3012 VII.
850 2954 907 3011 7.
949 2952 994 3011 J
996 2950 1149 3010 udaei
1174 2972 1283 3011 nee
1306 2955 1601 3013 voluerunt
1633 2972 1744 3013 nec
1770 2961 2082 3030 potuerunt
2117 2952 2306 3013 fontes
2339 2970 2717 3031 corrumpere.
2799 2953 2981 3011 Nolu-

573 3033 697 3107 isse,
726 3039 933 3109 prester
962 3030 1326 3109 Religionem
1364 3052 1563 3094 eorum
1590 3032 1664 3092 de
1690 3052 1809 3110 qua
1833 3032 2105 3109 diximus,
2139 3032 2346 3112 probat
2374 3034 2650 3091 Textuum
2675 3032 2986 3091 Sacrorum

578 3110 948 3169 consideratio
964 3134 984 3169 .·
1025 3110 1163 3188 quia
1201 3112 1253 3171 si
1292 3112 1437 3191 quid
1474 3132 1838 3190 eorrumpere
1863 3112 2203 3188 voluissent,
2233 3112 2434 3189 utique
2461 3112 2709 3173 Oracula
2747 3132 2878 3189 quae
2911 3112 2986 3171 de

582 3189 812 3250 Christo
854 3190 1186 3267 loquuntur,
1231 3198 1292 3251 et
1329 3192 1504 3251 fidem
1533 3192 1918 3252 Christianam
1961 3192 2318 3267 confirmant,
2357 3192 2771 3270 depravassent
2794 3215 2808 3268 3
2853 3191 2986 3267 quis

580 3269 735 3329 enim
763 3270 959 3330 eredat
984 3290 1103 3346 eos,
1133 3270 1185 3331 si
1210 3271 1346 3331 odio
1374 3272 1829 3331 Christianorum
1845 3272 1956 3331 hoc
1983 3269 2257 3348 fecerunt,
2286 3280 2355 3332 ut
2381 3272 2738 3350 supponitur,
2763 3292 2834 3331 ea
2856 3272 2988 3329 loca

580 3348 823 3409 falsasse
848 3368 925 3409 ex
951 3350 1164 3429 quibus
1190 3351 1337 3410 nihil
1362 3351 1643 3411 adversus
1662 3352 2020 3411 Christianos
2047 3352 2421 3411 emolumenti
2447 3352 2682 3429 capiunt
2704 3374 2718 3427 ;
2750 3371 2820 3410 ea
2845 3370 2988 3410 vero

584 3429 801 3489 intacta
836 3430 1270 3509 praetermisisse
1310 3431 1373 3490 in
1409 3431 1622 3508 quibus
1663 3440 1939 3509 tanquam
1977 3432 2271 3510 palmariis
2298 3431 2578 3491 Veritatis
2616 3430 2987 3507 Evangelieae

584 3508 1021 3572 fundamentum
1062 3510 1375 3570 Christiani
1415 3511 1776 3571 constituunt
1794 3515 1823 3570 Ρ
1863 3510 1950 3570 At
1989 3530 2084 3571 res
2126 3511 2359 3570 omnino
2397 3510 2478 3569 ita
2519 3529 2580 3568 se
2607 3510 2799 3581 habet,
2829 3529 2984 3586 quae-

586 3608 813 3669 cunque
840 3590 1157 3669 depravata
1180 3590 1451 3650 dicuntur
1490 3610 1529 3649 a
1553 3591 1598 3651 J
1599 3589 1800 3667 udaeis,
1829 3591 1926 3651 vel
1965 3610 2170 3669 parum
2198 3591 2295 3649 vel
2321 3589 2468 3648 nihil
2500 3589 2714 3648 obsunt
2742 3588 2984 3648 Christi-

586 3671 749 3747 anis;
780 3671 860 3731 Et
883 3672 1185 3750 potissima
1204 3670 1453 3732 oracula
1476 3670 1551 3731 de
1569 3670 1819 3748 Christo,
1841 3671 2070 3747 integra
2097 3677 2417 3747 supersunt,
2449 3677 2509 3728 et
2532 3668 2717 3727 multo
2745 3668 2991 3727 clariora

586 3758 647 3810 et
658 3752 1035 3833 ἔμφαταόπςιι
1054 3752 1115 3809 in
1126 3752 1398 3826 HebraeO,
1416 3769 1591 3828 quam
1608 3751 1671 3810 in
1686 3751 2070 3812 Versionibus
2085 3758 2304 3827 extant,
2317 3757 2383 3809 ut
2393 3750 2594 3809 Hiero.
2613 3749 2780 3827 epist.
2798 3748 2987 3807 lxxiv.

588 3830 667 3889 ad
699 3832 1070 3907 Marcellam3
1120 3832 1410 3889 Johannes
1444 3832 1684 3891 Isaacus
1720 3832 2000 3893 adversus
2038 3829 2385 3904 Lindanum,
2418 3830 2520 3889 lib.
2563 3830 2622 3887 ii.
2647 3850 2663 3905 ;
2719 3830 2985 3887 Andr-ad.

587 3908 692 3967 lib.
720 3908 781 3967 ii.
810 3909 1028 3967 defens.
1058 3909 1234 3968 Cone.
1261 3909 1496 3969 Triden.
1525 3910 1855 3971 observant.
1938 3911 2072 3970 Non
2089 3912 2338 3988 potuisse
2375 3910 2549 3970 etiam
2575 3909 2712 3967 lieet
2739 3907 2989 3965 maxime

589 3986 927 4062 voluissent,
971 3986 1187 4047 evincit
1224 4006 1343 4046 non
1381 3988 1556 4046 modo
1582 3990 2023 4068 Exemphaeium
2060 3993 2372 4065 nmltitudo,
2407 3988 2512 4048 sed
2551 3996 2612 4047 et
2641 3988 2988 4046 Christiano-

588 4084 721 4125 rum
743 4066 1054 4143 viyz‘lantia,
1095 4084 1339 4144 quorum
1380 4067 1734 4143 exemplaria
1771 4071 1815 4129 J
1816 4070 1970 4131 udaei
2008 4089 2083 4132 ne
2122 4070 2314 4131 cuncti
2355 4068 2588 4146 quidem
2631 4084 2991 4141 corrumpere

592 4152 936 4223 potuerunt;
981 4144 1061 4205 Et
1102 4146 1356 4221 provida
1380 4145 1501 4203 Dea·
1531 4146 1830 4223 sapientia,
1869 4167 2000 4226 quae
2039 4148 2090 4207 si
2117 4168 2234 4208 non
2261 4148 2479 4225 patitur
2505 4164 2682 4205 unum
2719 4144 2849 4221 jota
2889 4152 2991 4203 aut

592 4224 815 4301 apicem
840 4223 1028 4302 perire
1063 4242 1141 4284 ex
1168 4224 1329 4303 Lege
1366 4223 1507 4301 quin
1532 4224 1856 4302 impleatur,
1887 4226 2100 4285 Matth.
2126 4246 2187 4286 v.
2219 4230 2314 4300 18,
2343 4226 2526 4284 multo
2558 4223 2748 4281 minus
2791 4222 2996 4282 siverit

595 4304 821 4381 Corpus
853 4303 1132 4363 doctrinae
1172 4302 1425 4364 eoelestis
1462 4302 1722 4364 labefieri
1759 4323 1798 4364 a
1822 4303 2070 4381 Judaeis,
2111 4311 2173 4364 et
2211 4312 2437 4365 tantum
2464 4304 2797 4362 thesaurum
2823 4301 2994 4362 nobis

594 4382 777 4463 eripi3
819 4383 961 4463 quin
986 4383 1181 4461 potius
1205 4392 1273 4443 ut
1296 4382 1447 4442 bene
1484 4391 1649 4442 notat
1687 4382 1837 4443 Bell.
1865 4384 1926 4443 in
1950 4404 2076 4443 eum
2085 4385 2264 4463 finem
2290 4384 2525 4443 Judaeos
2553 4381 2873 4458 disperqere
2897 4402 2992 4441 vo-

594 4465 700 4524 luit
713 4484 830 4542 per
864 4472 1037 4523 totum
1064 4465 1253 4523 orbem
1278 4471 1582 4538 terrarum,
1611 4472 1668 4523 et
1691 4464 2053 4539 circumferre
2069 4465 2239 4523 libros
2264 4463 2434 4539 Laqis
2459 4472 2515 4521 et
2537 4458 2992 4538 &opham-um,

594 4552 660 4604 ut
680 4544 893 4605 inimici
912 4546 1096 4605 nostri
1120 4544 1457 4605 Christianoe
1488 4543 1720 4605 veritati
1749 4544 2114 4605 testimonium
2143 4545 2479 4621 proeberent,
2509 4541 2610 4603 lib.
2639 4543 2701 4601 ii.
2729 4542 2802 4601 de
2820 4543 2897 4602 V.
2920 4543 2993 4601 D.

595 4644 648 4684 e.
676 4625 737 4686 ii.
765 4644 887 4704 arg.
918 4628 990 4703 ὃς
1036 4625 1193 4684 Hinc
1222 4623 1476 4701 August.
1504 4625 1549 4684 J
1550 4624 1750 4685 udaeos
1775 4636 1964 4701 vocat,
1999 4624 2233 4687 Gentem
2265 4622 2622 4699 seminariam,
2656 4624 2996 4700 bajulantem

597 4705 803 4782 Leqem
830 4718 885 4767 et
896 4706 1229 4783 Prophetas,
1259 4707 1534 4784 quomodo
1558 4708 1738 4766 solent
1759 4710 1909 4769 servi
1929 4706 2144 4769 codices
2154 4708 2339 4783 ferre,
2369 4714 2434 4766 ut
2455 4704 2846 4783 importando
2863 4706 2992 4783 d‘fi·
