<?xml version="1.0" encoding="UTF-8"?>
<!DOCTYPE html PUBLIC "-//W3C//DTD XHTML 1.0 Transitional//EN"
    "http://www.w3.org/TR/xhtml1/DTD/xhtml1-transitional.dtd">
<html xmlns="http://www.w3.org/1999/xhtml" xml:lang="en" lang="en">
 <head>
  <title>
</title>
<meta http-equiv="Content-Type" content="text/html;charset=utf-8" />
  <meta name='ocr-system' content='tesseract 3.04.00' />
  <meta name='ocr-capabilities' content='ocr_page ocr_carea ocr_par ocr_line ocrx_word'/>
</head>
<body>
  <div class='ocr_page' id='page_1' title='image "./institutiotheol00turrgoog_0591.png"; bbox 0 0 3300 5225; ppageno 0'>
   <div class='ocr_carea' id='block_1_1' title="bbox 309 258 2724 350">
    <p class='ocr_par' dir='ltr' id='par_1_1' title="bbox 309 258 2724 350">
     <span class='ocr_line' id='line_1_1' title="bbox 309 258 2724 350; baseline -0.001 -20"><span class='ocrx_word' id='word_1_1' title='bbox 309 258 538 339; x_wconf 58' lang='lat' dir='ltr'>Qunsr.</span> <span class='ocrx_word' id='word_1_2' title='bbox 568 268 681 350; x_wconf 59' lang='lat' dir='ltr'>nn]</span> <span class='ocrx_word' id='word_1_3' title='bbox 1327 287 1405 325; x_wconf 76' lang='lat' dir='ltr'>na</span> <span class='ocrx_word' id='word_1_4' title='bbox 1434 288 1718 327; x_wconf 63' lang='lat' dir='ltr'>racem-0.</span> <span class='ocrx_word' id='word_1_5' title='bbox 2609 273 2724 329; x_wconf 80' lang='lat'>541</span> 
     </span>
    </p>
   </div>
   <div class='ocr_carea' id='block_1_2' title="bbox 314 424 2736 743">
    <p class='ocr_par' dir='ltr' id='par_1_2' title="bbox 314 424 2736 743">
     <span class='ocr_line' id='line_1_2' title="bbox 314 424 2727 505; baseline -0 -17"><span class='ocrx_word' id='word_1_6' title='bbox 314 430 579 505; x_wconf 79' lang='lat' dir='ltr'><strong>adeoque</strong></span> <span class='ocrx_word' id='word_1_7' title='bbox 608 426 833 487; x_wconf 80' lang='lat' dir='ltr'>veniale</span> <span class='ocrx_word' id='word_1_8' title='bbox 861 446 977 484; x_wconf 88' lang='lat' dir='ltr'>non</span> <span class='ocrx_word' id='word_1_9' title='bbox 1008 434 1113 485; x_wconf 88' lang='lat' dir='ltr'>est.</span> <span class='ocrx_word' id='word_1_10' title='bbox 1158 426 1356 485; x_wconf 86' lang='lat' dir='ltr'>Gratis</span> <span class='ocrx_word' id='word_1_11' title='bbox 1382 446 1523 484; x_wconf 84' lang='lat' dir='ltr'>vero</span> <span class='ocrx_word' id='word_1_12' title='bbox 1552 426 1892 503; x_wconf 75' lang='lat' dir='ltr'><strong>supponitur</strong></span> <span class='ocrx_word' id='word_1_13' title='bbox 1920 424 2166 484; x_wconf 88' lang='lat' dir='ltr'>Paulum</span> <span class='ocrx_word' id='word_1_14' title='bbox 2195 445 2368 502; x_wconf 86' lang='lat' dir='ltr'>agere</span> <span class='ocrx_word' id='word_1_15' title='bbox 2397 435 2620 487; x_wconf 87' lang='lat' dir='ltr'>tantum</span> <span class='ocrx_word' id='word_1_16' title='bbox 2653 429 2727 487; x_wconf 92' lang='lat' dir='ltr'>de</span> 
     </span>
     <span class='ocr_line' id='line_1_3' title="bbox 314 504 2728 597; baseline -0 -30"><span class='ocrx_word' id='word_1_17' title='bbox 314 518 555 586; x_wconf 85' lang='lat' dir='ltr'>peccato</span> <span class='ocrx_word' id='word_1_18' title='bbox 604 505 859 583; x_wconf 79' lang='lat' dir='ltr'>graviori</span> <span class='ocrx_word' id='word_1_19' title='bbox 904 512 1199 597; x_wconf 74' lang='lat' dir='ltr'><strong>pugnante</strong></span> <span class='ocrx_word' id='word_1_20' title='bbox 1244 524 1377 563; x_wconf 91' lang='lat' dir='ltr'>cum</span> <span class='ocrx_word' id='word_1_21' title='bbox 1420 505 1607 581; x_wconf 85' lang='lat' dir='ltr'>gratia</span> <span class='ocrx_word' id='word_1_22' title='bbox 1647 514 1707 565; x_wconf 90' lang='lat' dir='ltr'>et</span> <span class='ocrx_word' id='word_1_23' title='bbox 1734 525 1866 563; x_wconf 90' lang='lat' dir='ltr'>cum</span> <span class='ocrx_word' id='word_1_24' title='bbox 1900 504 2162 581; x_wconf 77' lang='lat' dir='ltr'>justitia3</span> <span class='ocrx_word' id='word_1_25' title='bbox 2208 504 2358 579; x_wconf 86' lang='lat' dir='ltr'>Quia</span> <span class='ocrx_word' id='word_1_26' title='bbox 2397 506 2628 566; x_wconf 85' lang='lat' dir='ltr'>disserit</span> <span class='ocrx_word' id='word_1_27' title='bbox 2655 507 2728 566; x_wconf 90' lang='lat' dir='ltr'>de</span> 
     </span>
     <span class='ocr_line' id='line_1_4' title="bbox 317 582 2728 665; baseline -0.001 -18"><span class='ocrx_word' id='word_1_28' title='bbox 317 589 533 665; x_wconf 82' lang='lat' dir='ltr'>quovis</span> <span class='ocrx_word' id='word_1_29' title='bbox 558 595 813 664; x_wconf 85' lang='lat' dir='ltr'>peccate,</span> <span class='ocrx_word' id='word_1_30' title='bbox 842 592 1016 643; x_wconf 77' lang='lat' dir='ltr'>etiam</span> <span class='ocrx_word' id='word_1_31' title='bbox 1046 584 1119 642; x_wconf 90' lang='lat' dir='ltr'>de</span> <span class='ocrx_word' id='word_1_32' title='bbox 1145 582 1405 660; x_wconf 86' lang='lat' dir='ltr'>reliquiis</span> <span class='ocrx_word' id='word_1_33' title='bbox 1432 592 1798 661; x_wconf 86' lang='lat' dir='ltr'>peccatorum</span> <span class='ocrx_word' id='word_1_34' title='bbox 1831 584 1891 641; x_wconf 91' lang='lat' dir='ltr'>in</span> <span class='ocrx_word' id='word_1_35' title='bbox 1919 584 2212 659; x_wconf 87' lang='lat' dir='ltr'>regenitis,</span> <span class='ocrx_word' id='word_1_36' title='bbox 2233 592 2300 644; x_wconf 92' lang='lat' dir='ltr'>ut</span> <span class='ocrx_word' id='word_1_37' title='bbox 2327 586 2593 662; x_wconf 84' lang='lat' dir='ltr'>exemplo</span> <span class='ocrx_word' id='word_1_38' title='bbox 2623 606 2728 645; x_wconf 90' lang='lat' dir='ltr'>suo</span> 
     </span>
     <span class='ocr_line' id='line_1_5' title="bbox 320 663 2736 743; baseline -0 -18"><span class='ocrx_word' id='word_1_39' title='bbox 320 667 673 743; x_wconf 88' lang='lat' dir='ltr'>comprobat,</span> <span class='ocrx_word' id='word_1_40' title='bbox 708 665 818 723; x_wconf 85' lang='lat' dir='ltr'>Ro.</span> <span class='ocrx_word' id='word_1_41' title='bbox 846 664 967 737; x_wconf 63' lang='lat' dir='ltr'>vii„</span> <span class='ocrx_word' id='word_1_42' title='bbox 998 664 1331 727; x_wconf 74' lang='lat' dir='ltr'><strong>exclamans</strong></span> <span class='ocrx_word' id='word_1_43' title='bbox 1358 664 1466 722; x_wconf 88' lang='lat' dir='ltr'>sub</span> <span class='ocrx_word' id='word_1_44' title='bbox 1492 663 1686 739; x_wconf 90' lang='lat' dir='ltr'>finem,</span> <span class='ocrx_word' id='word_1_45' title='bbox 1727 664 1912 721; x_wconf 81' lang='lat' dir='ltr'>Miser</span> <span class='ocrx_word' id='word_1_46' title='bbox 1937 682 2036 739; x_wconf 73' lang='lat' dir='ltr'>eqo</span> <span class='ocrx_word' id='word_1_47' title='bbox 2063 664 2242 738; x_wconf 82' lang='lat' dir='ltr'>homo,</span> <span class='ocrx_word' id='word_1_48' title='bbox 2273 666 2397 739; x_wconf 76' lang='lat' dir='ltr'>quis</span> <span class='ocrx_word' id='word_1_49' title='bbox 2423 685 2510 723; x_wconf 89' lang='lat' dir='ltr'>me</span> <span class='ocrx_word' id='word_1_50' title='bbox 2537 667 2736 742; x_wconf 79' lang='lat' dir='ltr'>eripiet</span> 
     </span>
    </p>
   </div>
   <div class='ocr_carea' id='block_1_3' title="bbox 322 734 2829 820">
    <p class='ocr_par' dir='ltr' id='par_1_3' title="bbox 322 734 2829 820">
     <span class='ocr_line' id='line_1_6' title="bbox 322 734 2829 820; baseline 0 -17"><span class='ocrx_word' id='word_1_51' title='bbox 322 766 400 803; x_wconf 75' lang='lat' dir='ltr'>ex</span> <span class='ocrx_word' id='word_1_52' title='bbox 427 746 531 806; x_wconf 76' lang='lat' dir='ltr'>isto</span> <span class='ocrx_word' id='word_1_53' title='bbox 556 763 794 820; x_wconf 80' lang='lat' dir='ltr'>corpore</span> <span class='ocrx_word' id='word_1_54' title='bbox 820 742 1052 801; x_wconf 72' lang='lat' dir='ltr'>mortis!</span> <span class='ocrx_word' id='word_1_55' title='bbox 1094 742 1173 801; x_wconf 87' lang='lat' dir='ltr'>Et</span> <span class='ocrx_word' id='word_1_56' title='bbox 1201 762 1417 818; x_wconf 65' lang='lat' dir='ltr'>scopus⁴</span> <span class='ocrx_word' id='word_1_57' title='bbox 1431 743 1558 819; x_wconf 86' lang='lat' dir='ltr'>ejus</span> <span class='ocrx_word' id='word_1_58' title='bbox 1583 744 1696 801; x_wconf 88' lang='lat' dir='ltr'>hoc</span> <span class='ocrx_word' id='word_1_59' title='bbox 1724 742 1956 815; x_wconf 81' lang='lat' dir='ltr'>evincit,</span> <span class='ocrx_word' id='word_1_60' title='bbox 1987 742 2090 818; x_wconf 87' lang='lat' dir='ltr'>qui</span> <span class='ocrx_word' id='word_1_61' title='bbox 2116 751 2206 803; x_wconf 83' lang='lat' dir='ltr'>est</span> <span class='ocrx_word' id='word_1_62' title='bbox 2233 743 2590 803; x_wconf 72' lang='lat' dir='ltr'>Christianos</span> <span class='ocrx_word' id='word_1_63' title='bbox 2631 745 2731 803; x_wconf 89' lang='lat' dir='ltr'>de·</span> <span class='ocrx_word' id='word_1_64' title='bbox 2820 734 2829 747; x_wconf 72' lang='grc'>’</span> 
     </span>
    </p>
   </div>
   <div class='ocr_carea' id='block_1_4' title="bbox 320 820 2744 1923">
    <p class='ocr_par' dir='ltr' id='par_1_4' title="bbox 320 820 2744 1923">
     <span class='ocr_line' id='line_1_7' title="bbox 320 820 2736 900; baseline 0 -19"><span class='ocrx_word' id='word_1_65' title='bbox 320 824 545 883; x_wconf 87' lang='lat' dir='ltr'>hortari</span> <span class='ocrx_word' id='word_1_66' title='bbox 571 844 607 883; x_wconf 88' lang='lat' dir='ltr'>a</span> <span class='ocrx_word' id='word_1_67' title='bbox 632 821 901 900; x_wconf 87' lang='lat' dir='ltr'>peccatis,</span> <span class='ocrx_word' id='word_1_68' title='bbox 945 840 1063 879; x_wconf 87' lang='lat' dir='ltr'>non</span> <span class='ocrx_word' id='word_1_69' title='bbox 1091 820 1437 897; x_wconf 81' lang='lat' dir='ltr'>quibusdam</span> <span class='ocrx_word' id='word_1_70' title='bbox 1474 830 1722 898; x_wconf 81' lang='lat' dir='ltr'>tantum,</span> <span class='ocrx_word' id='word_1_71' title='bbox 1765 820 1869 879; x_wconf 86' lang='lat' dir='ltr'>sed</span> <span class='ocrx_word' id='word_1_72' title='bbox 1911 821 2195 896; x_wconf 77' lang='lat' dir='ltr'>omnibus,</span> <span class='ocrx_word' id='word_1_73' title='bbox 2239 822 2376 899; x_wconf 88' lang='lat' dir='ltr'>quia</span> <span class='ocrx_word' id='word_1_74' title='bbox 2415 842 2532 881; x_wconf 92' lang='lat' dir='ltr'>non</span> <span class='ocrx_word' id='word_1_75' title='bbox 2573 823 2736 882; x_wconf 88' lang='lat' dir='ltr'>aliud</span> 
     </span>
     <span class='ocr_line' id='line_1_8' title="bbox 322 901 1405 979; baseline -0.002 -18"><span class='ocrx_word' id='word_1_76' title='bbox 322 902 677 979; x_wconf 79' lang='lat' dir='ltr'>stipendium</span> <span class='ocrx_word' id='word_1_77' title='bbox 702 901 921 961; x_wconf 90' lang='lat' dir='ltr'>habent</span> <span class='ocrx_word' id='word_1_78' title='bbox 946 919 1119 976; x_wconf 90' lang='lat' dir='ltr'>quam</span> <span class='ocrx_word' id='word_1_79' title='bbox 1144 908 1405 959; x_wconf 86' lang='lat' dir='ltr'>mortem.</span> 
     </span>
     <span class='ocr_line' id='line_1_9' title="bbox 758 978 2734 1058; baseline 0.002 -22"><span class='ocrx_word' id='word_1_80' title='bbox 758 1045 769 1056; x_wconf 49' lang='grc'>,</span> <span class='ocrx_word' id='word_1_81' title='bbox 967 978 1150 1037; x_wconf 92' lang='lat' dir='ltr'>VIII.</span> <span class='ocrx_word' id='word_1_82' title='bbox 1198 979 1482 1056; x_wconf 85' lang='lat' dir='ltr'>Secundo,</span> <span class='ocrx_word' id='word_1_83' title='bbox 1528 979 1663 1037; x_wconf 89' lang='lat' dir='ltr'>Hoc</span> <span class='ocrx_word' id='word_1_84' title='bbox 1689 978 1878 1056; x_wconf 86' lang='lat' dir='ltr'>ipsum</span> <span class='ocrx_word' id='word_1_85' title='bbox 1919 979 2126 1056; x_wconf 89' lang='lat' dir='ltr'>probat</span> <span class='ocrx_word' id='word_1_86' title='bbox 2164 978 2512 1038; x_wconf 89' lang='lat' dir='ltr'>horrendum</span> <span class='ocrx_word' id='word_1_87' title='bbox 2556 980 2734 1058; x_wconf 81' lang='lat' dir='ltr'>Legis</span> 
     </span>
     <span class='ocr_line' id='line_1_10' title="bbox 324 1044 2738 1149; baseline 0.001 -33"><span class='ocrx_word' id='word_1_88' title='bbox 324 1046 371 1093; x_wconf 86' lang='lat'>2.</span> <span class='ocrx_word' id='word_1_89' title='bbox 392 1061 454 1093; x_wconf 78' lang='lat'>⁰¹</span> <span class='ocrx_word' id='word_1_90' title='bbox 474 1046 620 1149; x_wconf 50' lang='lat' dir='ltr'>Diffi·</span> <span class='ocrx_word' id='word_1_91' title='bbox 652 1044 807 1091; x_wconf 66' lang='lat' dir='ltr'>xxvxi.</span> <span class='ocrx_word' id='word_1_92' title='bbox 848 1077 1112 1133; x_wconf 88' lang='lat' dir='ltr'>carmen;</span> <span class='ocrx_word' id='word_1_93' title='bbox 1154 1059 1495 1117; x_wconf 69' lang='lat' dir='ltr'><em>Maledictus</em></span> <span class='ocrx_word' id='word_1_94' title='bbox 1522 1060 1621 1134; x_wconf 76' lang='lat' dir='ltr'>qui</span> <span class='ocrx_word' id='word_1_95' title='bbox 1642 1078 1758 1117; x_wconf 73' lang='lat' dir='ltr'>nom</span> <span class='ocrx_word' id='word_1_96' title='bbox 1796 1058 2178 1133; x_wconf 68' lang='lat' dir='ltr'>permanserit</span> <span class='ocrx_word' id='word_1_97' title='bbox 2213 1059 2270 1117; x_wconf 79' lang='lat' dir='ltr'>in</span> <span class='ocrx_word' id='word_1_98' title='bbox 2314 1060 2562 1118; x_wconf 74' lang='lat' dir='ltr'>omnibus</span> <span class='ocrx_word' id='word_1_99' title='bbox 2609 1080 2738 1137; x_wconf 79' lang='lat' dir='ltr'>quae</span> 
     </span>
     <span class='ocr_line' id='line_1_11' title="bbox 594 1136 2736 1213; baseline 0.001 -18"><span class='ocrx_word' id='word_1_100' title='bbox 594 1138 605 1150; x_wconf 89' lang='lat'>&#39;</span> <span class='ocrx_word' id='word_1_101' title='bbox 848 1137 1073 1213; x_wconf 78' lang='lat' dir='ltr'>scriptoe</span> <span class='ocrx_word' id='word_1_102' title='bbox 1096 1146 1227 1195; x_wconf 81' lang='lat' dir='ltr'>sunt</span> <span class='ocrx_word' id='word_1_103' title='bbox 1250 1137 1310 1196; x_wconf 74' lang='lat' dir='ltr'>in</span> <span class='ocrx_word' id='word_1_104' title='bbox 1338 1138 1478 1196; x_wconf 82' lang='lat' dir='ltr'>libro</span> <span class='ocrx_word' id='word_1_105' title='bbox 1504 1138 1674 1213; x_wconf 71' lang='lat' dir='ltr'>Leqis</span> <span class='ocrx_word' id='word_1_106' title='bbox 1699 1138 1883 1212; x_wconf 71' lang='lat' dir='ltr'>hujus,</span> <span class='ocrx_word' id='word_1_107' title='bbox 1926 1136 2101 1195; x_wconf 88' lang='lat' dir='ltr'>Deut.</span> <span class='ocrx_word' id='word_1_108' title='bbox 2131 1136 2316 1195; x_wconf 81' lang='lat' dir='ltr'>xxvii.</span> <span class='ocrx_word' id='word_1_109' title='bbox 2346 1141 2442 1211; x_wconf 80' lang='lat'>26,</span> <span class='ocrx_word' id='word_1_110' title='bbox 2489 1139 2622 1198; x_wconf 87' lang='lat' dir='ltr'>Gal.</span> <span class='ocrx_word' id='word_1_111' title='bbox 2653 1140 2736 1198; x_wconf 86' lang='lat' dir='ltr'>iii.</span> 
     </span>
     <span class='ocr_line' id='line_1_12' title="bbox 333 1214 2736 1293; baseline 0 -18"><span class='ocrx_word' id='word_1_112' title='bbox 333 1218 429 1275; x_wconf 89' lang='grc'>10.</span> <span class='ocrx_word' id='word_1_113' title='bbox 476 1216 539 1275; x_wconf 85' lang='lat' dir='ltr'>Si</span> <span class='ocrx_word' id='word_1_114' title='bbox 568 1214 754 1275; x_wconf 77' lang='lat' dir='ltr'>omnis</span> <span class='ocrx_word' id='word_1_115' title='bbox 780 1215 1065 1275; x_wconf 80' lang='lat' dir='ltr'>aberratio</span> <span class='ocrx_word' id='word_1_116' title='bbox 1092 1235 1129 1279; x_wconf 86' lang='lat' dir='ltr'>a</span> <span class='ocrx_word' id='word_1_117' title='bbox 1157 1216 1315 1293; x_wconf 87' lang='lat' dir='ltr'>Lege</span> <span class='ocrx_word' id='word_1_118' title='bbox 1341 1216 1806 1283; x_wconf 76' lang='lat' dir='ltr'>maledictionem</span> <span class='ocrx_word' id='word_1_119' title='bbox 1843 1224 2110 1291; x_wconf 85' lang='lat' dir='ltr'>meretur,</span> <span class='ocrx_word' id='word_1_120' title='bbox 2141 1224 2202 1274; x_wconf 89' lang='lat' dir='ltr'>et</span> <span class='ocrx_word' id='word_1_121' title='bbox 2241 1235 2408 1274; x_wconf 91' lang='lat' dir='ltr'>omne</span> <span class='ocrx_word' id='word_1_122' title='bbox 2436 1225 2736 1293; x_wconf 88' lang='lat' dir='ltr'>peccatum</span> 
     </span>
     <span class='ocr_line' id='line_1_13' title="bbox 329 1294 2738 1371; baseline 0 -16"><span class='ocrx_word' id='word_1_123' title='bbox 329 1304 421 1355; x_wconf 87' lang='lat' dir='ltr'>est</span> <span class='ocrx_word' id='word_1_124' title='bbox 445 1295 641 1369; x_wconf 57' lang='lat' dir='ltr'>&amp;up-⁴2⁸,</span> <span class='ocrx_word' id='word_1_125' title='bbox 684 1294 909 1353; x_wconf 89' lang='lat' dir='ltr'>nullum</span> <span class='ocrx_word' id='word_1_126' title='bbox 953 1294 1124 1355; x_wconf 88' lang='lat' dir='ltr'>datur</span> <span class='ocrx_word' id='word_1_127' title='bbox 1161 1304 1461 1371; x_wconf 86' lang='lat' dir='ltr'>peccatum</span> <span class='ocrx_word' id='word_1_128' title='bbox 1501 1295 1677 1355; x_wconf 87' lang='lat' dir='ltr'>etiam</span> <span class='ocrx_word' id='word_1_129' title='bbox 1717 1296 2035 1370; x_wconf 87' lang='lat' dir='ltr'>minimum,</span> <span class='ocrx_word' id='word_1_130' title='bbox 2079 1294 2236 1371; x_wconf 88' lang='lat' dir='ltr'>quod</span> <span class='ocrx_word' id='word_1_131' title='bbox 2275 1295 2738 1355; x_wconf 84' lang='lat' dir='ltr'>maledictionem</span> 
     </span>
     <span class='ocr_line' id='line_1_14' title="bbox 328 1372 2737 1451; baseline 0.001 -20"><span class='ocrx_word' id='word_1_132' title='bbox 328 1393 450 1432; x_wconf 89' lang='lat' dir='ltr'>non</span> <span class='ocrx_word' id='word_1_133' title='bbox 477 1374 720 1433; x_wconf 84' lang='lat' dir='ltr'>inferat:</span> <span class='ocrx_word' id='word_1_134' title='bbox 764 1374 819 1431; x_wconf 88' lang='lat' dir='ltr'>N</span> <span class='ocrx_word' id='word_1_135' title='bbox 822 1393 887 1432; x_wconf 93' lang='lat' dir='ltr'>ec</span> <span class='ocrx_word' id='word_1_136' title='bbox 914 1372 1032 1431; x_wconf 89' lang='lat' dir='ltr'>dici</span> <span class='ocrx_word' id='word_1_137' title='bbox 1058 1375 1505 1450; x_wconf 74' lang='lat' dir='ltr'>potest-Mosam</span> <span class='ocrx_word' id='word_1_138' title='bbox 1532 1394 1706 1451; x_wconf 88' lang='lat' dir='ltr'>agere</span> <span class='ocrx_word' id='word_1_139' title='bbox 1733 1381 1959 1434; x_wconf 92' lang='lat' dir='ltr'>tantum</span> <span class='ocrx_word' id='word_1_140' title='bbox 1987 1373 2060 1433; x_wconf 89' lang='lat' dir='ltr'>de</span> <span class='ocrx_word' id='word_1_141' title='bbox 2096 1374 2350 1449; x_wconf 87' lang='lat' dir='ltr'>peccatis</span> <span class='ocrx_word' id='word_1_142' title='bbox 2389 1375 2737 1451; x_wconf 83' lang='lat' dir='ltr'>quibusdam</span> 
     </span>
     <span class='ocr_line' id='line_1_15' title="bbox 330 1452 2736 1531; baseline 0.001 -21"><span class='ocrx_word' id='word_1_143' title='bbox 330 1452 713 1530; x_wconf 83' lang='lat' dir='ltr'>gravioribus,</span> <span class='ocrx_word' id='word_1_144' title='bbox 742 1452 817 1511; x_wconf 89' lang='lat' dir='ltr'>de</span> <span class='ocrx_word' id='word_1_145' title='bbox 844 1452 1055 1529; x_wconf 90' lang='lat' dir='ltr'>quibus</span> <span class='ocrx_word' id='word_1_146' title='bbox 1083 1462 1283 1528; x_wconf 82' lang='lat' dir='ltr'>egerat</span> <span class='ocrx_word' id='word_1_147' title='bbox 1308 1454 1369 1511; x_wconf 88' lang='lat' dir='ltr'>in</span> <span class='ocrx_word' id='word_1_148' title='bbox 1408 1472 1561 1513; x_wconf 84' lang='lat' dir='ltr'>vers.</span> <span class='ocrx_word' id='word_1_149' title='bbox 1588 1453 1952 1531; x_wconf 62' lang='lat' dir='ltr'>praecedent„</span> <span class='ocrx_word' id='word_1_150' title='bbox 1983 1460 2124 1529; x_wconf 86' lang='lat' dir='ltr'>puta</span> <span class='ocrx_word' id='word_1_151' title='bbox 2163 1453 2236 1511; x_wconf 91' lang='lat' dir='ltr'>de</span> <span class='ocrx_word' id='word_1_152' title='bbox 2277 1453 2620 1527; x_wconf 81' lang='lat' dir='ltr'>idololatria,</span> <span class='ocrx_word' id='word_1_153' title='bbox 2649 1455 2736 1512; x_wconf 90' lang='lat' dir='ltr'>in-</span> 
     </span>
     <span class='ocr_line' id='line_1_16' title="bbox 332 1531 2740 1609; baseline 0 -18"><span class='ocrx_word' id='word_1_154' title='bbox 332 1541 515 1606; x_wconf 85' lang='lat' dir='ltr'>cestu,</span> <span class='ocrx_word' id='word_1_155' title='bbox 556 1532 887 1590; x_wconf 89' lang='lat' dir='ltr'>homicidi0.</span> <span class='ocrx_word' id='word_1_156' title='bbox 938 1531 1012 1589; x_wconf 87' lang='lat' dir='ltr'>R.</span> <span class='ocrx_word' id='word_1_157' title='bbox 1062 1531 1213 1606; x_wconf 82' lang='lat' dir='ltr'>Quia</span> <span class='ocrx_word' id='word_1_158' title='bbox 1247 1532 1529 1608; x_wconf 89' lang='lat' dir='ltr'>particula</span> <span class='ocrx_word' id='word_1_159' title='bbox 1575 1532 1919 1591; x_wconf 85' lang='lat' dir='ltr'>universalis</span> <span class='ocrx_word' id='word_1_160' title='bbox 1968 1532 2161 1590; x_wconf 89' lang='lat' dir='ltr'>omnia</span> <span class='ocrx_word' id='word_1_161' title='bbox 2208 1533 2622 1609; x_wconf 81' lang='lat' dir='ltr'>complectitur,</span> <span class='ocrx_word' id='word_1_162' title='bbox 2672 1541 2740 1592; x_wconf 91' lang='lat' dir='ltr'>ut</span> 
     </span>
     <span class='ocr_line' id='line_1_17' title="bbox 334 1610 2738 1689; baseline 0.001 -22"><span class='ocrx_word' id='word_1_163' title='bbox 334 1610 555 1669; x_wconf 83' lang='lat' dir='ltr'>Paulus</span> <span class='ocrx_word' id='word_1_164' title='bbox 583 1610 852 1688; x_wconf 82' lang='lat' dir='ltr'>explicat,</span> <span class='ocrx_word' id='word_1_165' title='bbox 885 1610 1017 1669; x_wconf 83' lang='lat' dir='ltr'>Gal.</span> <span class='ocrx_word' id='word_1_166' title='bbox 1047 1610 1129 1669; x_wconf 89' lang='lat' dir='ltr'>iii.</span> <span class='ocrx_word' id='word_1_167' title='bbox 1164 1613 1255 1684; x_wconf 89' lang='lat'>10,</span> <span class='ocrx_word' id='word_1_168' title='bbox 1298 1611 1401 1669; x_wconf 91' lang='lat' dir='ltr'>ubi</span> <span class='ocrx_word' id='word_1_169' title='bbox 1428 1610 1504 1668; x_wconf 86' lang='lat' dir='ltr'>ad</span> <span class='ocrx_word' id='word_1_170' title='bbox 1536 1630 1770 1669; x_wconf 85' lang='lat' dir='ltr'>sensum</span> <span class='ocrx_word' id='word_1_171' title='bbox 1796 1612 1984 1686; x_wconf 87' lang='lat' dir='ltr'>magis</span> <span class='ocrx_word' id='word_1_172' title='bbox 2023 1630 2198 1687; x_wconf 87' lang='lat' dir='ltr'>quam</span> <span class='ocrx_word' id='word_1_173' title='bbox 2223 1611 2300 1669; x_wconf 86' lang='lat' dir='ltr'>ad</span> <span class='ocrx_word' id='word_1_174' title='bbox 2327 1630 2532 1671; x_wconf 84' lang='lat' dir='ltr'>sonum</span> <span class='ocrx_word' id='word_1_175' title='bbox 2559 1612 2738 1689; x_wconf 86' lang='lat' dir='ltr'>respi-</span> 
     </span>
     <span class='ocr_line' id='line_1_18' title="bbox 338 1688 2744 1767; baseline 0.001 -20"><span class='ocrx_word' id='word_1_176' title='bbox 338 1689 517 1763; x_wconf 86' lang='lat' dir='ltr'>ciens,</span> <span class='ocrx_word' id='word_1_177' title='bbox 550 1709 626 1747; x_wconf 89' lang='lat' dir='ltr'>ex</span> <span class='ocrx_word' id='word_1_178' title='bbox 656 1689 863 1747; x_wconf 91' lang='lat' dir='ltr'>LXX.</span> <span class='ocrx_word' id='word_1_179' title='bbox 892 1688 1056 1747; x_wconf 83' lang='lat' dir='ltr'>addit</span> <span class='ocrx_word' id='word_1_180' title='bbox 1083 1697 1619 1766; x_wconf 84' lang='lat' dir='ltr'>syncategoremata</span> <span class='ocrx_word' id='word_1_181' title='bbox 1644 1690 1996 1749; x_wconf 79' lang='lat' dir='ltr'>universalia</span> <span class='ocrx_word' id='word_1_182' title='bbox 2023 1690 2198 1749; x_wconf 71' lang='lat' dir='ltr'>omnis</span> <span class='ocrx_word' id='word_1_183' title='bbox 2224 1698 2284 1747; x_wconf 89' lang='lat' dir='ltr'>et</span> <span class='ocrx_word' id='word_1_184' title='bbox 2309 1691 2368 1749; x_wconf 79' lang='lat' dir='ltr'>in</span> <span class='ocrx_word' id='word_1_185' title='bbox 2397 1690 2659 1767; x_wconf 51' lang='lat' dir='ltr'>omnbus,</span> <span class='ocrx_word' id='word_1_186' title='bbox 2684 1699 2744 1749; x_wconf 89' lang='lat' dir='ltr'>et</span> 
     </span>
     <span class='ocr_line' id='line_1_19' title="bbox 336 1766 2741 1845; baseline 0.001 -18"><span class='ocrx_word' id='word_1_187' title='bbox 336 1769 505 1845; x_wconf 69' lang='lat' dir='ltr'>Leqis</span> <span class='ocrx_word' id='word_1_188' title='bbox 533 1768 870 1844; x_wconf 86' lang='lat' dir='ltr'>simpliciter</span> <span class='ocrx_word' id='word_1_189' title='bbox 895 1767 1243 1829; x_wconf 86' lang='lat' dir='ltr'>mentionem</span> <span class='ocrx_word' id='word_1_190' title='bbox 1271 1766 1425 1843; x_wconf 83' lang='lat' dir='ltr'>facit,</span> <span class='ocrx_word' id='word_1_191' title='bbox 1469 1788 1585 1827; x_wconf 92' lang='lat' dir='ltr'>non</span> <span class='ocrx_word' id='word_1_192' title='bbox 1615 1769 1785 1845; x_wconf 61' lang='lat' dir='ltr'>Legis</span> <span class='ocrx_word' id='word_1_193' title='bbox 1811 1770 1990 1844; x_wconf 72' lang='lat' dir='ltr'>hujus,</span> <span class='ocrx_word' id='word_1_194' title='bbox 2032 1776 2100 1829; x_wconf 91' lang='lat' dir='ltr'>ut</span> <span class='ocrx_word' id='word_1_195' title='bbox 2131 1768 2498 1828; x_wconf 89' lang='lat' dir='ltr'>comminatio</span> <span class='ocrx_word' id='word_1_196' title='bbox 2539 1770 2615 1829; x_wconf 89' lang='lat' dir='ltr'>ad</span> <span class='ocrx_word' id='word_1_197' title='bbox 2653 1778 2741 1829; x_wconf 91' lang='lat' dir='ltr'>to-</span> 
     </span>
     <span class='ocr_line' id='line_1_20' title="bbox 336 1846 2744 1923; baseline 0.001 -17"><span class='ocrx_word' id='word_1_198' title='bbox 336 1856 458 1906; x_wconf 87' lang='lat' dir='ltr'>tam</span> <span class='ocrx_word' id='word_1_199' title='bbox 490 1847 707 1922; x_wconf 87' lang='lat' dir='ltr'>Legem</span> <span class='ocrx_word' id='word_1_200' title='bbox 744 1846 1107 1905; x_wconf 80' lang='lat' dir='ltr'>extendatur.</span> <span class='ocrx_word' id='word_1_201' title='bbox 1190 1847 1247 1905; x_wconf 89' lang='lat' dir='ltr'>N</span> <span class='ocrx_word' id='word_1_202' title='bbox 1250 1866 1315 1905; x_wconf 90' lang='lat' dir='ltr'>ec</span> <span class='ocrx_word' id='word_1_203' title='bbox 1359 1848 1411 1907; x_wconf 85' lang='lat' dir='ltr'>si</span> <span class='ocrx_word' id='word_1_204' title='bbox 1438 1848 1629 1923; x_wconf 85' lang='lat' dir='ltr'>reipsa</span> <span class='ocrx_word' id='word_1_205' title='bbox 1657 1856 1716 1906; x_wconf 89' lang='lat' dir='ltr'>et</span> <span class='ocrx_word' id='word_1_206' title='bbox 1743 1848 1816 1907; x_wconf 90' lang='lat' dir='ltr'>de</span> <span class='ocrx_word' id='word_1_207' title='bbox 1845 1846 1996 1907; x_wconf 89' lang='lat' dir='ltr'>facto</span> <span class='ocrx_word' id='word_1_208' title='bbox 2025 1866 2224 1907; x_wconf 87' lang='lat' dir='ltr'>omnes</span> <span class='ocrx_word' id='word_1_209' title='bbox 2249 1856 2580 1923; x_wconf 87' lang='lat' dir='ltr'>peccatores</span> <span class='ocrx_word' id='word_1_210' title='bbox 2623 1869 2744 1908; x_wconf 91' lang='lat' dir='ltr'>non</span> 
     </span>
    </p>
   </div>
   <div class='ocr_carea' id='block_1_5' title="bbox 335 1924 2744 2079">
    <p class='ocr_par' dir='ltr' id='par_1_5' title="bbox 335 1924 2744 2079">
     <span class='ocr_line' id='line_1_21' title="bbox 335 1924 2744 2002; baseline 0.001 -17"><span class='ocrx_word' id='word_1_211' title='bbox 335 1925 775 1999; x_wconf 86' lang='lat' dir='ltr'>maledicuntur,</span> <span class='ocrx_word' id='word_1_212' title='bbox 819 1924 1079 2000; x_wconf 83' lang='lat' dir='ltr'>sequitur</span> <span class='ocrx_word' id='word_1_213' title='bbox 1103 1934 1405 2001; x_wconf 87' lang='lat' dir='ltr'>peccatum</span> <span class='ocrx_word' id='word_1_214' title='bbox 1462 1946 1631 1985; x_wconf 91' lang='lat' dir='ltr'>omne</span> <span class='ocrx_word' id='word_1_215' title='bbox 1687 1927 1850 1987; x_wconf 86' lang='lat' dir='ltr'>illam</span> <span class='ocrx_word' id='word_1_216' title='bbox 1910 1946 2028 1985; x_wconf 89' lang='lat' dir='ltr'>non</span> <span class='ocrx_word' id='word_1_217' title='bbox 2067 1926 2307 2002; x_wconf 81' lang='lat' dir='ltr'>mereri3</span> <span class='ocrx_word' id='word_1_218' title='bbox 2371 1928 2476 1987; x_wconf 85' lang='lat' dir='ltr'>sed</span> <span class='ocrx_word' id='word_1_219' title='bbox 2517 1936 2744 1987; x_wconf 86' lang='lat' dir='ltr'>tantum</span> 
     </span>
     <span class='ocr_line' id='line_1_22' title="bbox 336 2004 1375 2079; baseline 0.001 -15"><span class='ocrx_word' id='word_1_220' title='bbox 336 2004 569 2065; x_wconf 82' lang='lat' dir='ltr'>veniam</span> <span class='ocrx_word' id='word_1_221' title='bbox 596 2004 755 2063; x_wconf 86' lang='lat' dir='ltr'>illius</span> <span class='ocrx_word' id='word_1_222' title='bbox 782 2022 858 2063; x_wconf 87' lang='lat' dir='ltr'>ex</span> <span class='ocrx_word' id='word_1_223' title='bbox 884 2004 1073 2079; x_wconf 81' lang='lat' dir='ltr'>gratia</span> <span class='ocrx_word' id='word_1_224' title='bbox 1098 2004 1375 2065; x_wconf 87' lang='lat' dir='ltr'>obtinere.</span> 
     </span>
    </p>
   </div>
   <div class='ocr_carea' id='block_1_6' title="bbox 328 2082 2758 4609">
    <p class='ocr_par' dir='ltr' id='par_1_6' title="bbox 328 2082 2758 4609">
     <span class='ocr_line' id='line_1_23' title="bbox 640 2082 2748 2161; baseline 0.003 -23"><span class='ocrx_word' id='word_1_225' title='bbox 640 2134 671 2147; x_wconf 82' lang='grc'>,,</span> <span class='ocrx_word' id='word_1_226' title='bbox 981 2082 1101 2140; x_wconf 86' lang='grc' dir='ltr'><strong>ΙΧ.</strong></span> <span class='ocrx_word' id='word_1_227' title='bbox 1143 2082 1357 2157; x_wconf 88' lang='lat' dir='ltr'>Terti0,</span> <span class='ocrx_word' id='word_1_228' title='bbox 1389 2082 1539 2158; x_wconf 85' lang='lat' dir='ltr'>Quia</span> <span class='ocrx_word' id='word_1_229' title='bbox 1566 2083 1668 2159; x_wconf 80' lang='lat' dir='ltr'>qui</span> <span class='ocrx_word' id='word_1_230' title='bbox 1681 2084 1934 2161; x_wconf 74' lang='lat' dir='ltr'>impinqit</span> <span class='ocrx_word' id='word_1_231' title='bbox 1961 2084 2020 2143; x_wconf 82' lang='lat' dir='ltr'>in</span> <span class='ocrx_word' id='word_1_232' title='bbox 2046 2102 2158 2143; x_wconf 80' lang='lat' dir='ltr'>uno</span> <span class='ocrx_word' id='word_1_233' title='bbox 2175 2092 2480 2159; x_wconf 77' lang='lat' dir='ltr'>proecepto,</span> <span class='ocrx_word' id='word_1_234' title='bbox 2509 2105 2640 2145; x_wconf 73' lang='lat' dir='ltr'>reus</span> <span class='ocrx_word' id='word_1_235' title='bbox 2666 2095 2748 2145; x_wconf 75' lang='lat' dir='ltr'>est</span> 
     </span>
     <span class='ocr_line' id='line_1_24' title="bbox 366 2133 2744 2240; baseline 0.003 -23"><span class='ocrx_word' id='word_1_236' title='bbox 366 2135 411 2181; x_wconf 80' lang='lat'>3.</span> <span class='ocrx_word' id='word_1_237' title='bbox 431 2150 494 2182; x_wconf 75' lang='lat'>⁰¹</span> <span class='ocrx_word' id='word_1_238' title='bbox 512 2135 619 2181; x_wconf 46' lang='grc' dir='ltr'>σω·</span> <span class='ocrx_word' id='word_1_239' title='bbox 636 2150 690 2179; x_wconf 80' lang='lat'>¹¹⁸</span> <span class='ocrx_word' id='word_1_240' title='bbox 710 2133 783 2179; x_wconf 89' lang='lat'>10.</span> <span class='ocrx_word' id='word_1_241' title='bbox 860 2161 1121 2236; x_wconf 74' lang='lat' dir='ltr'>omnium,</span> <span class='ocrx_word' id='word_1_242' title='bbox 1150 2161 1359 2221; x_wconf 89' lang='lat' dir='ltr'>Jacob.</span> <span class='ocrx_word' id='word_1_243' title='bbox 1390 2163 1451 2221; x_wconf 90' lang='lat' dir='ltr'>ii.</span> <span class='ocrx_word' id='word_1_244' title='bbox 1486 2165 1579 2237; x_wconf 86' lang='lat'>10,</span> <span class='ocrx_word' id='word_1_245' title='bbox 1601 2161 1706 2221; x_wconf 90' lang='lat' dir='ltr'>ubi</span> <span class='ocrx_word' id='word_1_246' title='bbox 1731 2181 1849 2220; x_wconf 92' lang='lat' dir='ltr'>non</span> <span class='ocrx_word' id='word_1_247' title='bbox 1877 2162 2064 2221; x_wconf 90' lang='lat' dir='ltr'>solum</span> <span class='ocrx_word' id='word_1_248' title='bbox 2092 2162 2164 2220; x_wconf 90' lang='lat' dir='ltr'>de</span> <span class='ocrx_word' id='word_1_249' title='bbox 2209 2162 2544 2223; x_wconf 81' lang='lat' dir='ltr'>criminibus</span> <span class='ocrx_word' id='word_1_250' title='bbox 2571 2184 2744 2240; x_wconf 89' lang='lat' dir='ltr'>agere</span> 
     </span>
     <span class='ocr_line' id='line_1_25' title="bbox 341 2239 2747 2319; baseline 0.002 -21"><span class='ocrx_word' id='word_1_251' title='bbox 341 2240 571 2319; x_wconf 87' lang='lat' dir='ltr'>Apost.,</span> <span class='ocrx_word' id='word_1_252' title='bbox 608 2240 711 2299; x_wconf 87' lang='lat' dir='ltr'>sed</span> <span class='ocrx_word' id='word_1_253' title='bbox 752 2239 824 2315; x_wconf 82' lang='lat' dir='ltr'>de</span> <span class='ocrx_word' id='word_1_254' title='bbox 864 2240 1119 2316; x_wconf 83' lang='lat' dir='ltr'>peccatis</span> <span class='ocrx_word' id='word_1_255' title='bbox 1159 2240 1513 2317; x_wconf 83' lang='lat' dir='ltr'>quibuslibet</span> <span class='ocrx_word' id='word_1_256' title='bbox 1552 2240 1867 2317; x_wconf 86' lang='lat' dir='ltr'>indefinite,</span> <span class='ocrx_word' id='word_1_257' title='bbox 1911 2248 1972 2300; x_wconf 92' lang='lat' dir='ltr'>et</span> <span class='ocrx_word' id='word_1_258' title='bbox 2011 2242 2192 2299; x_wconf 86' lang='lat' dir='ltr'>verba</span> <span class='ocrx_word' id='word_1_259' title='bbox 2231 2240 2414 2317; x_wconf 86' lang='lat' dir='ltr'>ipsius</span> <span class='ocrx_word' id='word_1_260' title='bbox 2455 2244 2747 2318; x_wconf 84' lang='lat' dir='ltr'>generalia</span> 
     </span>
     <span class='ocr_line' id='line_1_26' title="bbox 340 2318 2746 2402; baseline 0.002 -24"><span class='ocrx_word' id='word_1_261' title='bbox 340 2328 643 2395; x_wconf 87' lang='lat' dir='ltr'>testantur,</span> <span class='ocrx_word' id='word_1_262' title='bbox 684 2319 933 2395; x_wconf 69' lang='lat' dir='ltr'>quisquis</span> <span class='ocrx_word' id='word_1_263' title='bbox 959 2318 1249 2396; x_wconf 70' lang='lat' dir='ltr'>impeqerit</span> <span class='ocrx_word' id='word_1_264' title='bbox 1291 2320 1351 2379; x_wconf 82' lang='lat' dir='ltr'>in</span> <span class='ocrx_word' id='word_1_265' title='bbox 1376 2341 1506 2395; x_wconf 77' lang='lat' dir='ltr'>uno,</span> <span class='ocrx_word' id='word_1_266' title='bbox 1550 2329 1610 2380; x_wconf 91' lang='lat' dir='ltr'>et</span> <span class='ocrx_word' id='word_1_267' title='bbox 1658 2321 1988 2396; x_wconf 84' lang='lat' dir='ltr'>exemplum</span> <span class='ocrx_word' id='word_1_268' title='bbox 2029 2318 2456 2402; x_wconf 57' lang='grc' dir='ltr'>προσυπολιψὰις</span> <span class='ocrx_word' id='word_1_269' title='bbox 2497 2321 2572 2379; x_wconf 91' lang='lat' dir='ltr'>ab</span> <span class='ocrx_word' id='word_1_270' title='bbox 2619 2322 2746 2399; x_wconf 89' lang='lat' dir='ltr'>ipso</span> 
     </span>
     <span class='ocr_line' id='line_1_27' title="bbox 341 2397 2746 2477; baseline 0.002 -20"><span class='ocrx_word' id='word_1_271' title='bbox 341 2398 657 2458; x_wconf 89' lang='lat' dir='ltr'>adductum</span> <span class='ocrx_word' id='word_1_272' title='bbox 702 2397 925 2475; x_wconf 87' lang='lat' dir='ltr'>probat.</span> <span class='ocrx_word' id='word_1_273' title='bbox 1010 2398 1127 2457; x_wconf 88' lang='lat' dir='ltr'>Cur</span> <span class='ocrx_word' id='word_1_274' title='bbox 1153 2419 1293 2457; x_wconf 89' lang='lat' dir='ltr'>vero</span> <span class='ocrx_word' id='word_1_275' title='bbox 1325 2418 1505 2458; x_wconf 91' lang='lat' dir='ltr'>unum</span> <span class='ocrx_word' id='word_1_276' title='bbox 1546 2406 1896 2477; x_wconf 75' lang='lat' dir='ltr'>praeceptum</span> <span class='ocrx_word' id='word_1_277' title='bbox 1936 2400 2212 2459; x_wconf 80' lang='lat' dir='ltr'>violando</span> <span class='ocrx_word' id='word_1_278' title='bbox 2253 2402 2426 2459; x_wconf 90' lang='lat' dir='ltr'>homo</span> <span class='ocrx_word' id='word_1_279' title='bbox 2469 2400 2571 2460; x_wconf 87' lang='lat' dir='ltr'>fiat</span> <span class='ocrx_word' id='word_1_280' title='bbox 2613 2420 2746 2461; x_wconf 87' lang='lat' dir='ltr'>reus</span> 
     </span>
     <span class='ocr_line' id='line_1_28' title="bbox 342 2476 2749 2556; baseline 0.002 -21"><span class='ocrx_word' id='word_1_281' title='bbox 342 2478 615 2552; x_wconf 90' lang='lat' dir='ltr'>omnium,</span> <span class='ocrx_word' id='word_1_282' title='bbox 668 2477 813 2537; x_wconf 86' lang='lat' dir='ltr'>ratio</span> <span class='ocrx_word' id='word_1_283' title='bbox 857 2476 1165 2555; x_wconf 84' lang='lat' dir='ltr'>multiplex</span> <span class='ocrx_word' id='word_1_284' title='bbox 1206 2478 1482 2538; x_wconf 84' lang='lat' dir='ltr'>redditur.</span> <span class='ocrx_word' id='word_1_285' title='bbox 1530 2481 1582 2537; x_wconf 91' lang='lat'>1.</span> <span class='ocrx_word' id='word_1_286' title='bbox 1624 2477 1725 2537; x_wconf 91' lang='lat' dir='ltr'>Ab</span> <span class='ocrx_word' id='word_1_287' title='bbox 1761 2480 2013 2555; x_wconf 70' lang='lat' dir='ltr'>authore,</span> <span class='ocrx_word' id='word_1_288' title='bbox 2045 2480 2182 2556; x_wconf 88' lang='lat' dir='ltr'>quia</span> <span class='ocrx_word' id='word_1_289' title='bbox 2221 2479 2374 2538; x_wconf 88' lang='lat' dir='ltr'>idem</span> <span class='ocrx_word' id='word_1_290' title='bbox 2413 2488 2502 2539; x_wconf 83' lang='lat' dir='ltr'>est</span> <span class='ocrx_word' id='word_1_291' title='bbox 2541 2481 2749 2539; x_wconf 83' lang='lat' dir='ltr'>author</span> 
     </span>
     <span class='ocr_line' id='line_1_29' title="bbox 342 2556 2746 2635; baseline 0 -17"><span class='ocrx_word' id='word_1_292' title='bbox 342 2557 597 2618; x_wconf 88' lang='lat' dir='ltr'>omnium</span> <span class='ocrx_word' id='word_1_293' title='bbox 624 2564 1055 2635; x_wconf 73' lang='lat' dir='ltr'>praeceptorum,</span> <span class='ocrx_word' id='word_1_294' title='bbox 1085 2556 1217 2617; x_wconf 90' lang='lat' dir='ltr'>ideo</span> <span class='ocrx_word' id='word_1_295' title='bbox 1243 2558 1305 2616; x_wconf 90' lang='lat' dir='ltr'>in</span> <span class='ocrx_word' id='word_1_296' title='bbox 1332 2558 1505 2618; x_wconf 88' lang='lat' dir='ltr'>unius</span> <span class='ocrx_word' id='word_1_297' title='bbox 1529 2556 1844 2618; x_wconf 85' lang='lat' dir='ltr'>violatione</span> <span class='ocrx_word' id='word_1_298' title='bbox 1871 2556 2181 2620; x_wconf 81' lang='lat' dir='ltr'>offenditur</span> <span class='ocrx_word' id='word_1_299' title='bbox 2207 2558 2586 2635; x_wconf 84' lang='lat' dir='ltr'>Legislatoris</span> <span class='ocrx_word' id='word_1_300' title='bbox 2625 2578 2746 2618; x_wconf 84' lang='lat' dir='ltr'>ma-</span> 
     </span>
     <span class='ocr_line' id='line_1_30' title="bbox 334 2636 2746 2715; baseline 0.001 -20"><span class='ocrx_word' id='word_1_301' title='bbox 334 2638 539 2714; x_wconf 74' lang='lat' dir='ltr'>jestaS.</span> <span class='ocrx_word' id='word_1_302' title='bbox 569 2641 626 2696; x_wconf 85' lang='lat'>2.</span> <span class='ocrx_word' id='word_1_303' title='bbox 642 2636 701 2696; x_wconf 90' lang='lat' dir='ltr'>A</span> <span class='ocrx_word' id='word_1_304' title='bbox 720 2637 1445 2713; x_wconf 76' lang='lat' dir='ltr'>conneaeionepeccatorum,</span> <span class='ocrx_word' id='word_1_305' title='bbox 1460 2638 1597 2715; x_wconf 89' lang='lat' dir='ltr'>quia</span> <span class='ocrx_word' id='word_1_306' title='bbox 1613 2637 1808 2696; x_wconf 88' lang='lat' dir='ltr'>omnia</span> <span class='ocrx_word' id='word_1_307' title='bbox 1821 2647 2110 2715; x_wconf 78' lang='lat' dir='ltr'>praecepta</span> <span class='ocrx_word' id='word_1_308' title='bbox 2123 2639 2554 2697; x_wconf 86' lang='lat' dir='ltr'>revocanturad</span> <span class='ocrx_word' id='word_1_309' title='bbox 2567 2659 2746 2698; x_wconf 90' lang='lat' dir='ltr'>unum</span> 
     </span>
     <span class='ocr_line' id='line_1_31' title="bbox 341 2715 2750 2810; baseline 0.001 -36"><span class='ocrx_word' id='word_1_310' title='bbox 341 2726 691 2793; x_wconf 72' lang='lat' dir='ltr'>praeceptum</span> <span class='ocrx_word' id='word_1_311' title='bbox 708 2715 1021 2790; x_wconf 87' lang='lat' dir='ltr'>charitatis,</span> <span class='ocrx_word' id='word_1_312' title='bbox 1035 2736 1150 2792; x_wconf 93' lang='lat' dir='ltr'>quo</span> <span class='ocrx_word' id='word_1_313' title='bbox 1166 2715 1383 2775; x_wconf 84' lang='lat' dir='ltr'>violato</span> <span class='ocrx_word' id='word_1_314' title='bbox 1402 2725 1525 2776; x_wconf 89' lang='lat' dir='ltr'>tota</span> <span class='ocrx_word' id='word_1_315' title='bbox 1544 2717 1672 2775; x_wconf 80' lang='lat' dir='ltr'>Lex</span> <span class='ocrx_word' id='word_1_316' title='bbox 1687 2717 1954 2776; x_wconf 85' lang='lat' dir='ltr'>violatur.</span> <span class='ocrx_word' id='word_1_317' title='bbox 1998 2721 2055 2776; x_wconf 84' lang='lat'>3.</span> <span class='ocrx_word' id='word_1_318' title='bbox 2079 2717 2139 2775; x_wconf 92' lang='lat' dir='ltr'>A</span> <span class='ocrx_word' id='word_1_319' title='bbox 2149 2719 2272 2810; x_wconf 78' lang='lat' dir='ltr'>fine</span> <span class='ocrx_word' id='word_1_320' title='bbox 2286 2718 2472 2793; x_wconf 59' lang='lat' dir='ltr'>Legis,</span> <span class='ocrx_word' id='word_1_321' title='bbox 2486 2736 2614 2795; x_wconf 79' lang='lat' dir='ltr'>quae</span> <span class='ocrx_word' id='word_1_322' title='bbox 2631 2739 2750 2778; x_wconf 90' lang='lat' dir='ltr'>non</span> 
     </span>
     <span class='ocr_line' id='line_1_32' title="bbox 341 2794 2750 2874; baseline 0.001 -20"><span class='ocrx_word' id='word_1_323' title='bbox 341 2795 658 2872; x_wconf 77' lang='lat' dir='ltr'>partialem,</span> <span class='ocrx_word' id='word_1_324' title='bbox 681 2794 788 2853; x_wconf 87' lang='lat' dir='ltr'>sed</span> <span class='ocrx_word' id='word_1_325' title='bbox 802 2795 1187 2854; x_wconf 84' lang='lat' dir='ltr'>universalem</span> <span class='ocrx_word' id='word_1_326' title='bbox 1210 2795 1595 2855; x_wconf 85' lang='lat' dir='ltr'>obedientiam</span> <span class='ocrx_word' id='word_1_327' title='bbox 1612 2795 1893 2872; x_wconf 79' lang='lat' dir='ltr'>postulat3</span> <span class='ocrx_word' id='word_1_328' title='bbox 1917 2795 2048 2857; x_wconf 91' lang='lat' dir='ltr'>ideo</span> <span class='ocrx_word' id='word_1_329' title='bbox 2066 2811 2166 2874; x_wconf 79' lang='lat' dir='ltr'>qui</span> <span class='ocrx_word' id='word_1_330' title='bbox 2193 2816 2372 2856; x_wconf 89' lang='lat' dir='ltr'>unum</span> <span class='ocrx_word' id='word_1_331' title='bbox 2392 2796 2590 2872; x_wconf 80' lang='lat' dir='ltr'>violat,</span> <span class='ocrx_word' id='word_1_332' title='bbox 2613 2817 2750 2860; x_wconf 87' lang='lat' dir='ltr'>reus</span> 
     </span>
     <span class='ocr_line' id='line_1_33' title="bbox 344 2873 2554 2953; baseline 0 -19"><span class='ocrx_word' id='word_1_333' title='bbox 344 2883 433 2934; x_wconf 86' lang='lat' dir='ltr'>est</span> <span class='ocrx_word' id='word_1_334' title='bbox 460 2874 637 2934; x_wconf 85' lang='lat' dir='ltr'>totius</span> <span class='ocrx_word' id='word_1_335' title='bbox 668 2874 845 2952; x_wconf 84' lang='lat' dir='ltr'>Legis</span> <span class='ocrx_word' id='word_1_336' title='bbox 870 2873 1121 2950; x_wconf 83' lang='lat' dir='ltr'>violatae,</span> <span class='ocrx_word' id='word_1_337' title='bbox 1150 2894 1258 2932; x_wconf 90' lang='lat' dir='ltr'>nec</span> <span class='ocrx_word' id='word_1_338' title='bbox 1285 2875 1533 2952; x_wconf 87' lang='lat' dir='ltr'>amplius</span> <span class='ocrx_word' id='word_1_339' title='bbox 1559 2895 1635 2934; x_wconf 81' lang='lat' dir='ltr'>ex</span> <span class='ocrx_word' id='word_1_340' title='bbox 1667 2875 1825 2952; x_wconf 86' lang='lat' dir='ltr'>Lege</span> <span class='ocrx_word' id='word_1_341' title='bbox 1851 2877 2032 2936; x_wconf 85' lang='lat' dir='ltr'>vitam</span> <span class='ocrx_word' id='word_1_342' title='bbox 2060 2884 2251 2953; x_wconf 86' lang='lat' dir='ltr'>potest</span> <span class='ocrx_word' id='word_1_343' title='bbox 2277 2875 2554 2934; x_wconf 89' lang='lat' dir='ltr'>obtinere.</span> 
     </span>
     <span class='ocr_line' id='line_1_34' title="bbox 687 2952 2750 3028; baseline 0 -17"><span class='ocrx_word' id='word_1_344' title='bbox 687 3005 717 3018; x_wconf 87' lang='grc'>,,</span> <span class='ocrx_word' id='word_1_345' title='bbox 980 2953 1077 3022; x_wconf 89' lang='lat' dir='ltr'>X.</span> <span class='ocrx_word' id='word_1_346' title='bbox 1122 2952 1355 3028; x_wconf 85' lang='lat' dir='ltr'>Quarto,</span> <span class='ocrx_word' id='word_1_347' title='bbox 1402 2954 1550 3028; x_wconf 86' lang='lat' dir='ltr'>Quia</span> <span class='ocrx_word' id='word_1_348' title='bbox 1576 2955 1752 3012; x_wconf 83' lang='lat' dir='ltr'>etiam</span> <span class='ocrx_word' id='word_1_349' title='bbox 1779 2955 1944 3014; x_wconf 85' lang='lat' dir='ltr'>verbi</span> <span class='ocrx_word' id='word_1_350' title='bbox 1970 2955 2140 3014; x_wconf 84' lang='lat' dir='ltr'>otiosi</span> <span class='ocrx_word' id='word_1_351' title='bbox 2167 2955 2314 3014; x_wconf 82' lang='lat' dir='ltr'>ratio</span> <span class='ocrx_word' id='word_1_352' title='bbox 2341 2954 2636 3013; x_wconf 87' lang='lat' dir='ltr'>reddenda</span> <span class='ocrx_word' id='word_1_353' title='bbox 2661 2963 2750 3013; x_wconf 90' lang='lat' dir='ltr'>est</span> 
     </span>
     <span class='ocr_line' id='line_1_35' title="bbox 343 3003 2749 3112; baseline 0.001 -23"><span class='ocrx_word' id='word_1_354' title='bbox 343 3005 389 3049; x_wconf 77' lang='lat'>4.</span> <span class='ocrx_word' id='word_1_355' title='bbox 409 3018 471 3050; x_wconf 79' lang='lat'>⁰¹</span> <span class='ocrx_word' id='word_1_356' title='bbox 486 3003 825 3051; x_wconf 53' lang='lat' dir='ltr'>Mutunus&amp;</span> <span class='ocrx_word' id='word_1_357' title='bbox 870 3031 933 3090; x_wconf 90' lang='lat' dir='ltr'>in</span> <span class='ocrx_word' id='word_1_358' title='bbox 959 3032 1053 3091; x_wconf 91' lang='lat' dir='ltr'>die</span> <span class='ocrx_word' id='word_1_359' title='bbox 1085 3032 1312 3109; x_wconf 80' lang='lat' dir='ltr'>judicii,</span> <span class='ocrx_word' id='word_1_360' title='bbox 1360 3034 1529 3092; x_wconf 90' lang='lat' dir='ltr'>Matt.</span> <span class='ocrx_word' id='word_1_361' title='bbox 1559 3033 1664 3092; x_wconf 83' lang='lat' dir='ltr'>xii.</span> <span class='ocrx_word' id='word_1_362' title='bbox 1707 3036 1806 3109; x_wconf 83' lang='lat'>36,</span> <span class='ocrx_word' id='word_1_363' title='bbox 1849 3043 2124 3112; x_wconf 88' lang='lat' dir='ltr'>tanquam</span> <span class='ocrx_word' id='word_1_364' title='bbox 2166 3034 2238 3092; x_wconf 92' lang='lat' dir='ltr'>de</span> <span class='ocrx_word' id='word_1_365' title='bbox 2275 3053 2346 3092; x_wconf 90' lang='lat' dir='ltr'>eo</span> <span class='ocrx_word' id='word_1_366' title='bbox 2373 3034 2530 3110; x_wconf 91' lang='lat' dir='ltr'>quod</span> <span class='ocrx_word' id='word_1_367' title='bbox 2557 3053 2660 3110; x_wconf 88' lang='lat' dir='ltr'>per</span> <span class='ocrx_word' id='word_1_368' title='bbox 2687 3053 2749 3092; x_wconf 84' lang='lat' dir='ltr'>se</span> 
     </span>
     <span class='ocr_line' id='line_1_36' title="bbox 345 3110 2751 3188; baseline 0.002 -23"><span class='ocrx_word' id='word_1_369' title='bbox 345 3117 536 3185; x_wconf 86' lang='lat' dir='ltr'>potest</span> <span class='ocrx_word' id='word_1_370' title='bbox 563 3127 690 3166; x_wconf 87' lang='lat' dir='ltr'>esse</span> <span class='ocrx_word' id='word_1_371' title='bbox 720 3129 892 3167; x_wconf 81' lang='lat' dir='ltr'>causa</span> <span class='ocrx_word' id='word_1_372' title='bbox 920 3110 1321 3187; x_wconf 84' lang='lat' dir='ltr'>damnationis,</span> <span class='ocrx_word' id='word_1_373' title='bbox 1362 3113 1517 3172; x_wconf 90' lang='lat' dir='ltr'>unde</span> <span class='ocrx_word' id='word_1_374' title='bbox 1544 3132 1601 3169; x_wconf 84' lang='lat' dir='ltr'>v.</span> <span class='ocrx_word' id='word_1_375' title='bbox 1636 3116 1734 3188; x_wconf 82' lang='grc'>37,</span> <span class='ocrx_word' id='word_1_376' title='bbox 1777 3121 1843 3172; x_wconf 91' lang='lat' dir='ltr'>ut</span> <span class='ocrx_word' id='word_1_377' title='bbox 1869 3114 2073 3173; x_wconf 86' lang='lat' dir='ltr'>innuat</span> <span class='ocrx_word' id='word_1_378' title='bbox 2098 3113 2278 3172; x_wconf 86' lang='lat' dir='ltr'>verba</span> <span class='ocrx_word' id='word_1_379' title='bbox 2315 3113 2419 3172; x_wconf 84' lang='lat' dir='ltr'>illa</span> <span class='ocrx_word' id='word_1_380' title='bbox 2445 3113 2647 3186; x_wconf 84' lang='lat' dir='ltr'>otiosa,</span> <span class='ocrx_word' id='word_1_381' title='bbox 2677 3112 2751 3170; x_wconf 90' lang='lat' dir='ltr'>de</span> 
     </span>
     <span class='ocr_line' id='line_1_37' title="bbox 347 3187 2754 3270; baseline 0.002 -26"><span class='ocrx_word' id='word_1_382' title='bbox 347 3187 558 3262; x_wconf 89' lang='lat' dir='ltr'>quibus</span> <span class='ocrx_word' id='word_1_383' title='bbox 584 3206 644 3244; x_wconf 86' lang='lat' dir='ltr'>v.</span> <span class='ocrx_word' id='word_1_384' title='bbox 674 3191 751 3245; x_wconf 84' lang='lat'>36</span> <span class='ocrx_word' id='word_1_385' title='bbox 794 3187 1152 3265; x_wconf 88' lang='lat' dir='ltr'>loquebatur,</span> <span class='ocrx_word' id='word_1_386' title='bbox 1185 3210 1315 3266; x_wconf 75' lang='lat' dir='ltr'>quse</span> <span class='ocrx_word' id='word_1_387' title='bbox 1361 3209 1437 3249; x_wconf 85' lang='lat' dir='ltr'>ex</span> <span class='ocrx_word' id='word_1_388' title='bbox 1466 3191 1951 3253; x_wconf 86' lang='lat' dir='ltr'>Adversariorum</span> <span class='ocrx_word' id='word_1_389' title='bbox 1990 3192 2300 3270; x_wconf 81' lang='lat' dir='ltr'>hypothesi</span> <span class='ocrx_word' id='word_1_390' title='bbox 2343 3201 2477 3251; x_wconf 87' lang='lat' dir='ltr'>sunt</span> <span class='ocrx_word' id='word_1_391' title='bbox 2515 3198 2754 3268; x_wconf 87' lang='lat' dir='ltr'>peccata</span> 
     </span>
     <span class='ocr_line' id='line_1_38' title="bbox 347 3265 2754 3346; baseline 0.001 -20"><span class='ocrx_word' id='word_1_392' title='bbox 347 3265 613 3338; x_wconf 81' lang='lat' dir='ltr'>venialia,</span> <span class='ocrx_word' id='word_1_393' title='bbox 655 3265 1030 3326; x_wconf 88' lang='lat' dir='ltr'>sufficientem</span> <span class='ocrx_word' id='word_1_394' title='bbox 1057 3287 1184 3327; x_wconf 86' lang='lat' dir='ltr'>esse</span> <span class='ocrx_word' id='word_1_395' title='bbox 1226 3289 1459 3328; x_wconf 83' lang='lat' dir='ltr'>causam</span> <span class='ocrx_word' id='word_1_396' title='bbox 1495 3271 2006 3346; x_wconf 86' lang='lat' dir='ltr'>condemnationis,</span> <span class='ocrx_word' id='word_1_397' title='bbox 2052 3272 2229 3344; x_wconf 88' lang='lat' dir='ltr'>addit,</span> <span class='ocrx_word' id='word_1_398' title='bbox 2277 3273 2378 3332; x_wconf 75' lang='lat' dir='ltr'>Eae</span> <span class='ocrx_word' id='word_1_399' title='bbox 2411 3273 2754 3330; x_wconf 69' lang='lat' dir='ltr'>sermonibus</span> 
     </span>
     <span class='ocr_line' id='line_1_39' title="bbox 349 3345 2751 3426; baseline 0.002 -24"><span class='ocrx_word' id='word_1_400' title='bbox 349 3345 455 3403; x_wconf 77' lang='lat' dir='ltr'>tuis</span> <span class='ocrx_word' id='word_1_401' title='bbox 466 3345 875 3424; x_wconf 57' lang='lat' dir='ltr'>justificaberis,</span> <span class='ocrx_word' id='word_1_402' title='bbox 906 3355 963 3404; x_wconf 85' lang='lat' dir='ltr'>et</span> <span class='ocrx_word' id='word_1_403' title='bbox 986 3366 1060 3405; x_wconf 81' lang='lat' dir='ltr'>ex</span> <span class='ocrx_word' id='word_1_404' title='bbox 1084 3349 1425 3406; x_wconf 77' lang='lat' dir='ltr'>sermonibus</span> <span class='ocrx_word' id='word_1_405' title='bbox 1452 3349 1560 3406; x_wconf 67' lang='lat' dir='ltr'>mis</span> <span class='ocrx_word' id='word_1_406' title='bbox 1586 3351 2058 3410; x_wconf 71' lang='lat' dir='ltr'>condmnaberis.</span> <span class='ocrx_word' id='word_1_407' title='bbox 2105 3351 2326 3426; x_wconf 86' lang='lat' dir='ltr'>Scopus</span> <span class='ocrx_word' id='word_1_408' title='bbox 2357 3351 2571 3410; x_wconf 88' lang='lat' dir='ltr'>Christi</span> <span class='ocrx_word' id='word_1_409' title='bbox 2597 3350 2751 3408; x_wconf 91' lang='lat' dir='ltr'>idem</span> 
     </span>
     <span class='ocr_line' id='line_1_40' title="bbox 348 3423 2750 3504; baseline 0.002 -21"><span class='ocrx_word' id='word_1_410' title='bbox 348 3423 647 3483; x_wconf 89' lang='lat' dir='ltr'>confirmat</span> <span class='ocrx_word' id='word_1_411' title='bbox 669 3447 683 3499; x_wconf 91' lang='lat'>;</span> <span class='ocrx_word' id='word_1_412' title='bbox 728 3424 828 3500; x_wconf 91' lang='lat' dir='ltr'>qui</span> <span class='ocrx_word' id='word_1_413' title='bbox 876 3433 965 3484; x_wconf 84' lang='lat' dir='ltr'>est</span> <span class='ocrx_word' id='word_1_414' title='bbox 1008 3426 1313 3486; x_wconf 87' lang='lat' dir='ltr'>ostendere</span> <span class='ocrx_word' id='word_1_415' title='bbox 1356 3427 1668 3486; x_wconf 88' lang='lat' dir='ltr'>Peccatum</span> <span class='ocrx_word' id='word_1_416' title='bbox 1709 3427 1769 3486; x_wconf 88' lang='lat' dir='ltr'>in</span> <span class='ocrx_word' id='word_1_417' title='bbox 1816 3428 2094 3504; x_wconf 89' lang='lat' dir='ltr'>Spiritum</span> <span class='ocrx_word' id='word_1_418' title='bbox 2137 3429 2414 3486; x_wconf 86' lang='lat' dir='ltr'>Sanctum</span> <span class='ocrx_word' id='word_1_419' title='bbox 2454 3448 2750 3504; x_wconf 88' lang='lat' dir='ltr'>nunquam</span> 
     </span>
     <span class='ocr_line' id='line_1_41' title="bbox 346 3502 2750 3582; baseline 0.001 -20"><span class='ocrx_word' id='word_1_420' title='bbox 346 3503 647 3562; x_wconf 86' lang='lat' dir='ltr'>remissum</span> <span class='ocrx_word' id='word_1_421' title='bbox 688 3502 775 3578; x_wconf 90' lang='lat' dir='ltr'>iri,</span> <span class='ocrx_word' id='word_1_422' title='bbox 819 3513 1159 3580; x_wconf 85' lang='lat' dir='ltr'>argumento</span> <span class='ocrx_word' id='word_1_423' title='bbox 1184 3524 1221 3563; x_wconf 88' lang='lat' dir='ltr'>a</span> <span class='ocrx_word' id='word_1_424' title='bbox 1246 3505 1471 3580; x_wconf 87' lang='lat' dir='ltr'>minori,</span> <span class='ocrx_word' id='word_1_425' title='bbox 1515 3506 1654 3582; x_wconf 87' lang='lat' dir='ltr'>quia</span> <span class='ocrx_word' id='word_1_426' title='bbox 1679 3507 1730 3565; x_wconf 88' lang='lat' dir='ltr'>si</span> <span class='ocrx_word' id='word_1_427' title='bbox 1764 3507 2008 3566; x_wconf 81' lang='lat' dir='ltr'>verbum</span> <span class='ocrx_word' id='word_1_428' title='bbox 2035 3505 2282 3566; x_wconf 87' lang='lat' dir='ltr'>otiosum</span> <span class='ocrx_word' id='word_1_429' title='bbox 2325 3506 2750 3566; x_wconf 88' lang='lat' dir='ltr'>condemnatio-</span> 
     </span>
     <span class='ocr_line' id='line_1_42' title="bbox 348 3584 2006 3662; baseline 0.001 -22"><span class='ocrx_word' id='word_1_430' title='bbox 348 3603 479 3640; x_wconf 89' lang='lat' dir='ltr'>nem</span> <span class='ocrx_word' id='word_1_431' title='bbox 507 3590 774 3657; x_wconf 87' lang='lat' dir='ltr'>meretur,</span> <span class='ocrx_word' id='word_1_432' title='bbox 803 3591 1019 3658; x_wconf 87' lang='lat' dir='ltr'>quanto</span> <span class='ocrx_word' id='word_1_433' title='bbox 1047 3584 1235 3662; x_wconf 81' lang='lat' dir='ltr'>magis</span> <span class='ocrx_word' id='word_1_434' title='bbox 1261 3593 1382 3644; x_wconf 89' lang='lat' dir='ltr'>tam</span> <span class='ocrx_word' id='word_1_435' title='bbox 1409 3593 1576 3643; x_wconf 87' lang='lat' dir='ltr'>atrox</span> <span class='ocrx_word' id='word_1_436' title='bbox 1604 3585 1964 3662; x_wconf 86' lang='lat' dir='ltr'>blasphemia</span> <span class='ocrx_word' id='word_1_437' title='bbox 1977 3587 2006 3642; x_wconf 74' lang='lat' dir='ltr'>P</span> 
     </span>
     <span class='ocr_line' id='line_1_43' title="bbox 362 3661 2747 3741; baseline -0.001 -17"><span class='ocrx_word' id='word_1_438' title='bbox 362 3722 367 3724; x_wconf 83' lang='grc'>,</span> <span class='ocrx_word' id='word_1_439' title='bbox 497 3726 509 3740; x_wconf 59' lang='grc'><em>,</em></span> <span class='ocrx_word' id='word_1_440' title='bbox 664 3726 674 3738; x_wconf 63' lang='grc'><strong>,</strong></span> <span class='ocrx_word' id='word_1_441' title='bbox 806 3725 819 3738; x_wconf 60' lang='lat'>,</span> <span class='ocrx_word' id='word_1_442' title='bbox 991 3663 1111 3721; x_wconf 93' lang='lat' dir='ltr'>XI.</span> <span class='ocrx_word' id='word_1_443' title='bbox 1156 3663 1388 3738; x_wconf 83' lang='lat' dir='ltr'>Quinte,</span> <span class='ocrx_word' id='word_1_444' title='bbox 1422 3664 1570 3738; x_wconf 86' lang='lat' dir='ltr'>Quia</span> <span class='ocrx_word' id='word_1_445' title='bbox 1597 3684 1766 3722; x_wconf 91' lang='lat' dir='ltr'>omne</span> <span class='ocrx_word' id='word_1_446' title='bbox 1791 3672 2090 3741; x_wconf 85' lang='lat' dir='ltr'>peccatum</span> <span class='ocrx_word' id='word_1_447' title='bbox 2119 3661 2318 3740; x_wconf 74' lang='lat' dir='ltr'>gloriae</span> <span class='ocrx_word' id='word_1_448' title='bbox 2349 3663 2460 3722; x_wconf 90' lang='lat' dir='ltr'>Dei</span> <span class='ocrx_word' id='word_1_449' title='bbox 2478 3662 2747 3722; x_wconf 87' lang='lat' dir='ltr'>adversa-</span> 
     </span>
     <span class='ocr_line' id='line_1_44' title="bbox 328 3723 2750 3830; baseline 0.002 -32"><span class='ocrx_word' id='word_1_450' title='bbox 328 3725 394 3798; x_wconf 78' lang='lat'>.⁵·</span> <span class='ocrx_word' id='word_1_451' title='bbox 416 3723 822 3830; x_wconf 41' lang='lat' dir='ltr'>{gsszffigssss-Dffl</span> <span class='ocrx_word' id='word_1_452' title='bbox 862 3749 972 3816; x_wconf 91' lang='lat' dir='ltr'>tur,</span> <span class='ocrx_word' id='word_1_453' title='bbox 1004 3752 1062 3802; x_wconf 91' lang='lat' dir='ltr'>et</span> <span class='ocrx_word' id='word_1_454' title='bbox 1089 3743 1450 3820; x_wconf 84' lang='lat' dir='ltr'>majestatem</span> <span class='ocrx_word' id='word_1_455' title='bbox 1478 3743 1605 3819; x_wconf 87' lang='lat' dir='ltr'>ejus</span> <span class='ocrx_word' id='word_1_456' title='bbox 1632 3743 1916 3803; x_wconf 86' lang='lat' dir='ltr'>infinitam</span> <span class='ocrx_word' id='word_1_457' title='bbox 1943 3743 2120 3818; x_wconf 81' lang='lat' dir='ltr'>laedit,</span> <span class='ocrx_word' id='word_1_458' title='bbox 2150 3752 2324 3819; x_wconf 89' lang='lat' dir='ltr'>atque</span> <span class='ocrx_word' id='word_1_459' title='bbox 2351 3743 2496 3802; x_wconf 88' lang='lat' dir='ltr'>adeo</span> <span class='ocrx_word' id='word_1_460' title='bbox 2523 3743 2750 3820; x_wconf 87' lang='lat' dir='ltr'>culpam</span> 
     </span>
     <span class='ocr_line' id='line_1_45' title="bbox 868 3821 2750 3900; baseline 0.001 -22"><span class='ocrx_word' id='word_1_461' title='bbox 868 3821 1045 3879; x_wconf 88' lang='lat' dir='ltr'>habet</span> <span class='ocrx_word' id='word_1_462' title='bbox 1072 3841 1177 3880; x_wconf 88' lang='lat' dir='ltr'>suo</span> <span class='ocrx_word' id='word_1_463' title='bbox 1204 3823 1379 3882; x_wconf 91' lang='lat' dir='ltr'>modo</span> <span class='ocrx_word' id='word_1_464' title='bbox 1418 3823 1708 3900; x_wconf 77' lang='lat' dir='ltr'>infinitam,</span> <span class='ocrx_word' id='word_1_465' title='bbox 1761 3824 1812 3882; x_wconf 88' lang='lat' dir='ltr'>si</span> <span class='ocrx_word' id='word_1_466' title='bbox 1851 3842 1969 3882; x_wconf 91' lang='lat' dir='ltr'>non</span> <span class='ocrx_word' id='word_1_467' title='bbox 2010 3823 2296 3881; x_wconf 80' lang='lat' dir='ltr'>intensive</span> <span class='ocrx_word' id='word_1_468' title='bbox 2323 3831 2383 3882; x_wconf 85' lang='lat' dir='ltr'>et</span> <span class='ocrx_word' id='word_1_469' title='bbox 2423 3822 2750 3898; x_wconf 85' lang='lat' dir='ltr'>intrinsece,</span> 
     </span>
     <span class='ocr_line' id='line_1_46' title="bbox 353 3897 2750 3978; baseline 0.003 -22"><span class='ocrx_word' id='word_1_470' title='bbox 353 3897 558 3956; x_wconf 82' lang='lat' dir='ltr'>saltem</span> <span class='ocrx_word' id='word_1_471' title='bbox 585 3899 854 3974; x_wconf 76' lang='lat' dir='ltr'>objective,</span> <span class='ocrx_word' id='word_1_472' title='bbox 869 3907 1151 3976; x_wconf 83' lang='lat' dir='ltr'>quatenus</span> <span class='ocrx_word' id='word_1_473' title='bbox 1180 3902 1557 3962; x_wconf 88' lang='lat' dir='ltr'>committitur</span> <span class='ocrx_word' id='word_1_474' title='bbox 1582 3910 1782 3961; x_wconf 74' lang='lat' dir='ltr'>conta-a</span> <span class='ocrx_word' id='word_1_475' title='bbox 1808 3903 2023 3961; x_wconf 88' lang='lat' dir='ltr'>bonum</span> <span class='ocrx_word' id='word_1_476' title='bbox 2051 3901 2356 3976; x_wconf 84' lang='lat' dir='ltr'>infinitum,</span> <span class='ocrx_word' id='word_1_477' title='bbox 2381 3910 2440 3961; x_wconf 91' lang='lat' dir='ltr'>et</span> <span class='ocrx_word' id='word_1_478' title='bbox 2459 3903 2750 3978; x_wconf 74' lang='lat' dir='ltr'>eaetemive,</span> 
     </span>
     <span class='ocr_line' id='line_1_47' title="bbox 350 3975 2754 4059; baseline 0.003 -25"><span class='ocrx_word' id='word_1_479' title='bbox 350 3976 571 4035; x_wconf 88' lang='lat' dir='ltr'>ratione</span> <span class='ocrx_word' id='word_1_480' title='bbox 598 3979 928 4054; x_wconf 67' lang='lat' dir='ltr'>(iurationi-3,</span> <span class='ocrx_word' id='word_1_481' title='bbox 959 3980 1096 4054; x_wconf 88' lang='lat' dir='ltr'>quia</span> <span class='ocrx_word' id='word_1_482' title='bbox 1120 3980 1283 4040; x_wconf 89' lang='lat' dir='ltr'>labes</span> <span class='ocrx_word' id='word_1_483' title='bbox 1310 3982 1439 4059; x_wconf 87' lang='lat' dir='ltr'>ejus</span> <span class='ocrx_word' id='word_1_484' title='bbox 1482 4001 1585 4040; x_wconf 88' lang='lat' dir='ltr'>seu</span> <span class='ocrx_word' id='word_1_485' title='bbox 1612 3983 1838 4043; x_wconf 85' lang='lat' dir='ltr'>macula</span> <span class='ocrx_word' id='word_1_486' title='bbox 1865 3975 2034 4040; x_wconf 86' lang='lat' dir='ltr'>durat</span> <span class='ocrx_word' id='word_1_487' title='bbox 2060 3982 2121 4039; x_wconf 92' lang='lat' dir='ltr'>in</span> <span class='ocrx_word' id='word_1_488' title='bbox 2149 3989 2442 4056; x_wconf 71' lang='lat' dir='ltr'>aeternum,</span> <span class='ocrx_word' id='word_1_489' title='bbox 2474 3989 2754 4058; x_wconf 88' lang='lat' dir='ltr'>quantum</span> 
     </span>
     <span class='ocr_line' id='line_1_48' title="bbox 350 4058 2751 4138; baseline 0.002 -24"><span class='ocrx_word' id='word_1_490' title='bbox 350 4064 440 4114; x_wconf 89' lang='lat' dir='ltr'>est</span> <span class='ocrx_word' id='word_1_491' title='bbox 466 4075 543 4114; x_wconf 88' lang='lat' dir='ltr'>ex</span> <span class='ocrx_word' id='word_1_492' title='bbox 576 4065 741 4132; x_wconf 89' lang='lat' dir='ltr'>parte</span> <span class='ocrx_word' id='word_1_493' title='bbox 780 4058 1087 4135; x_wconf 72' lang='lat' dir='ltr'>peccantis,</span> <span class='ocrx_word' id='word_1_494' title='bbox 1118 4060 1256 4136; x_wconf 89' lang='lat' dir='ltr'>quia</span> <span class='ocrx_word' id='word_1_495' title='bbox 1282 4060 1333 4119; x_wconf 86' lang='lat' dir='ltr'>is</span> <span class='ocrx_word' id='word_1_496' title='bbox 1371 4080 1475 4137; x_wconf 87' lang='lat' dir='ltr'>per</span> <span class='ocrx_word' id='word_1_497' title='bbox 1502 4081 1565 4119; x_wconf 88' lang='lat' dir='ltr'>se</span> <span class='ocrx_word' id='word_1_498' title='bbox 1594 4080 1698 4120; x_wconf 86' lang='lat' dir='ltr'>seu</span> <span class='ocrx_word' id='word_1_499' title='bbox 1737 4062 1984 4138; x_wconf 89' lang='lat' dir='ltr'>propriis</span> <span class='ocrx_word' id='word_1_500' title='bbox 2011 4060 2231 4120; x_wconf 88' lang='lat' dir='ltr'>viribus</span> <span class='ocrx_word' id='word_1_501' title='bbox 2273 4080 2596 4138; x_wconf 85' lang='lat' dir='ltr'>expurgare</span> <span class='ocrx_word' id='word_1_502' title='bbox 2625 4081 2751 4120; x_wconf 88' lang='lat' dir='ltr'>eam</span> 
     </span>
     <span class='ocr_line' id='line_1_49' title="bbox 352 4136 2754 4216; baseline 0.003 -25"><span class='ocrx_word' id='word_1_503' title='bbox 352 4153 645 4211; x_wconf 87' lang='lat' dir='ltr'>nunquam</span> <span class='ocrx_word' id='word_1_504' title='bbox 666 4144 873 4212; x_wconf 84' lang='lat' dir='ltr'>potest,</span> <span class='ocrx_word' id='word_1_505' title='bbox 897 4136 1051 4195; x_wconf 89' lang='lat' dir='ltr'>unde</span> <span class='ocrx_word' id='word_1_506' title='bbox 1074 4139 1299 4198; x_wconf 88' lang='lat' dir='ltr'>seclusa</span> <span class='ocrx_word' id='word_1_507' title='bbox 1322 4140 1433 4198; x_wconf 91' lang='lat' dir='ltr'>Dei</span> <span class='ocrx_word' id='word_1_508' title='bbox 1455 4140 1892 4200; x_wconf 88' lang='lat' dir='ltr'>condemnantis</span> <span class='ocrx_word' id='word_1_509' title='bbox 1910 4138 2318 4214; x_wconf 86' lang='lat' dir='ltr'>misericordia,</span> <span class='ocrx_word' id='word_1_510' title='bbox 2339 4149 2672 4216; x_wconf 86' lang='lat' dir='ltr'>peccantem</span> <span class='ocrx_word' id='word_1_511' title='bbox 2691 4141 2754 4199; x_wconf 90' lang='lat' dir='ltr'>in</span> 
     </span>
     <span class='ocr_line' id='line_1_50' title="bbox 353 4215 2757 4298; baseline 0.003 -27"><span class='ocrx_word' id='word_1_512' title='bbox 353 4221 627 4272; x_wconf 81' lang='lat' dir='ltr'>aeternum</span> <span class='ocrx_word' id='word_1_513' title='bbox 658 4215 864 4292; x_wconf 90' lang='lat' dir='ltr'>Regno</span> <span class='ocrx_word' id='word_1_514' title='bbox 892 4215 1113 4274; x_wconf 74' lang='lat' dir='ltr'>coelesti</span> <span class='ocrx_word' id='word_1_515' title='bbox 1140 4219 1491 4294; x_wconf 82' lang='lat' dir='ltr'>excluderet,</span> <span class='ocrx_word' id='word_1_516' title='bbox 1530 4229 1591 4278; x_wconf 92' lang='lat' dir='ltr'>et</span> <span class='ocrx_word' id='word_1_517' title='bbox 1629 4220 1818 4298; x_wconf 86' lang='lat' dir='ltr'>poenis</span> <span class='ocrx_word' id='word_1_518' title='bbox 1843 4219 2220 4279; x_wconf 85' lang='lat' dir='ltr'>infernalibus</span> <span class='ocrx_word' id='word_1_519' title='bbox 2248 4221 2574 4296; x_wconf 86' lang='lat' dir='ltr'>subjiceret,</span> <span class='ocrx_word' id='word_1_520' title='bbox 2619 4220 2757 4297; x_wconf 88' lang='lat' dir='ltr'>quia</span> 
     </span>
     <span class='ocr_line' id='line_1_51' title="bbox 350 4293 2758 4376; baseline 0.002 -26"><span class='ocrx_word' id='word_1_521' title='bbox 350 4293 497 4350; x_wconf 87' lang='lat' dir='ltr'>nihil</span> <span class='ocrx_word' id='word_1_522' title='bbox 524 4293 886 4370; x_wconf 85' lang='lat' dir='ltr'>inquinatum</span> <span class='ocrx_word' id='word_1_523' title='bbox 914 4295 973 4353; x_wconf 91' lang='lat' dir='ltr'>in</span> <span class='ocrx_word' id='word_1_524' title='bbox 1001 4295 1149 4354; x_wconf 80' lang='lat' dir='ltr'>illud</span> <span class='ocrx_word' id='word_1_525' title='bbox 1177 4297 1404 4362; x_wconf 88' lang='lat' dir='ltr'>admitti</span> <span class='ocrx_word' id='word_1_526' title='bbox 1430 4307 1639 4376; x_wconf 87' lang='lat' dir='ltr'>potest.</span> <span class='ocrx_word' id='word_1_527' title='bbox 1728 4300 1791 4359; x_wconf 86' lang='lat' dir='ltr'>Si</span> <span class='ocrx_word' id='word_1_528' title='bbox 1819 4319 1960 4376; x_wconf 90' lang='lat' dir='ltr'>ergo</span> <span class='ocrx_word' id='word_1_529' title='bbox 1988 4299 2160 4376; x_wconf 88' lang='lat' dir='ltr'>culpa</span> <span class='ocrx_word' id='word_1_530' title='bbox 2187 4307 2276 4359; x_wconf 87' lang='lat' dir='ltr'>est</span> <span class='ocrx_word' id='word_1_531' title='bbox 2303 4299 2544 4374; x_wconf 87' lang='lat' dir='ltr'>infinita,</span> <span class='ocrx_word' id='word_1_532' title='bbox 2584 4317 2758 4375; x_wconf 85' lang='lat' dir='ltr'>poena</span> 
     </span>
     <span class='ocr_line' id='line_1_52' title="bbox 350 4373 2757 4456; baseline 0.002 -26"><span class='ocrx_word' id='word_1_533' title='bbox 350 4373 525 4432; x_wconf 87' lang='lat' dir='ltr'>etiam</span> <span class='ocrx_word' id='word_1_534' title='bbox 569 4392 699 4449; x_wconf 83' lang='lat' dir='ltr'>quae</span> <span class='ocrx_word' id='word_1_535' title='bbox 726 4373 814 4432; x_wconf 92' lang='lat' dir='ltr'>illi</span> <span class='ocrx_word' id='word_1_536' title='bbox 842 4373 1084 4434; x_wconf 87' lang='lat' dir='ltr'>debetur</span> <span class='ocrx_word' id='word_1_537' title='bbox 1109 4375 1337 4437; x_wconf 86' lang='lat' dir='ltr'>infinita</span> <span class='ocrx_word' id='word_1_538' title='bbox 1364 4377 1439 4436; x_wconf 89' lang='lat' dir='ltr'>sit</span> <span class='ocrx_word' id='word_1_539' title='bbox 1466 4386 1710 4456; x_wconf 84' lang='lat' dir='ltr'>oportet,</span> <span class='ocrx_word' id='word_1_540' title='bbox 1763 4378 1812 4438; x_wconf 85' lang='lat' dir='ltr'>si</span> <span class='ocrx_word' id='word_1_541' title='bbox 1840 4399 1961 4438; x_wconf 88' lang='lat' dir='ltr'>non</span> <span class='ocrx_word' id='word_1_542' title='bbox 1988 4379 2264 4453; x_wconf 71' lang='lat' dir='ltr'>intensive,</span> <span class='ocrx_word' id='word_1_543' title='bbox 2295 4378 2454 4455; x_wconf 93' lang='lat' dir='ltr'>quod</span> <span class='ocrx_word' id='word_1_544' title='bbox 2472 4385 2757 4455; x_wconf 87' lang='lat' dir='ltr'>repugnat</span> 
     </span>
     <span class='ocr_line' id='line_1_53' title="bbox 352 4453 2758 4536; baseline 0.002 -28"><span class='ocrx_word' id='word_1_545' title='bbox 352 4461 627 4515; x_wconf 77' lang='lat' dir='ltr'>creaturae</span> <span class='ocrx_word' id='word_1_546' title='bbox 652 4453 864 4528; x_wconf 78' lang='lat' dir='ltr'>finitae3</span> <span class='ocrx_word' id='word_1_547' title='bbox 914 4461 977 4513; x_wconf 89' lang='lat' dir='ltr'>at</span> <span class='ocrx_word' id='word_1_548' title='bbox 1002 4456 1272 4533; x_wconf 79' lang='lat' dir='ltr'>objective,</span> <span class='ocrx_word' id='word_1_549' title='bbox 1320 4456 1457 4535; x_wconf 88' lang='lat' dir='ltr'>quia</span> <span class='ocrx_word' id='word_1_550' title='bbox 1484 4467 1711 4536; x_wconf 84' lang='lat' dir='ltr'>separat</span> <span class='ocrx_word' id='word_1_551' title='bbox 1737 4477 1772 4518; x_wconf 85' lang='lat' dir='ltr'>a</span> <span class='ocrx_word' id='word_1_552' title='bbox 1807 4458 1962 4519; x_wconf 90' lang='lat' dir='ltr'>bono</span> <span class='ocrx_word' id='word_1_553' title='bbox 2004 4458 2246 4533; x_wconf 90' lang='lat' dir='ltr'>infinito,</span> <span class='ocrx_word' id='word_1_554' title='bbox 2276 4458 2465 4516; x_wconf 87' lang='lat' dir='ltr'>nimir.</span> <span class='ocrx_word' id='word_1_555' title='bbox 2509 4457 2654 4532; x_wconf 88' lang='lat' dir='ltr'>Deo,</span> <span class='ocrx_word' id='word_1_556' title='bbox 2697 4464 2758 4515; x_wconf 88' lang='lat' dir='ltr'>et</span> 
     </span>
     <span class='ocr_line' id='line_1_54' title="bbox 352 4532 1254 4609; baseline 0.004 -19"><span class='ocrx_word' id='word_1_557' title='bbox 352 4533 641 4609; x_wconf 73' lang='lat' dir='ltr'>extensive,</span> <span class='ocrx_word' id='word_1_558' title='bbox 671 4532 891 4592; x_wconf 87' lang='lat' dir='ltr'>ratione</span> <span class='ocrx_word' id='word_1_559' title='bbox 918 4532 1254 4600; x_wconf 74' lang='lat' dir='ltr'>durationis.</span> 
     </span>
    </p>
   </div>
  </div>
 </body>
</html>
