3300 5225
1160 413 1424 462 ouarro
1459 415 1833 463 rensuum.
2578 393 2683 458 xlv

261 577 528 655 videret,
566 577 736 655 Quid
763 577 1096 660 plangitis3
1129 578 1366 653 aiebat3
1399 579 1501 642 via
1527 579 1681 642 lethi
1710 579 1991 642 omnibus
2012 575 2341 650 calcanda3
2392 597 2517 640 non
2548 575 2683 640 haec

265 677 400 740 vita
430 697 622 758 quam
649 677 915 740 vivimus
945 677 1078 740 vita
1109 683 1226 752 est,
1257 685 1326 741 at
1357 678 1502 740 mali
1536 679 1817 753 taberna,
1854 696 2139 742 curarum
2166 695 2357 756 mare,
2392 673 2687 756 palaestra

269 775 498 850 luctus,
527 777 726 840 fomes
761 774 1010 851 doloris,
1043 795 1210 838 mors
1241 796 1430 838 mera.
1533 774 1691 839 Vita
1722 795 1847 855 qua
1882 775 2143 854 jamjam
2183 775 2359 838 fruar
2404 772 2539 837 sola
2568 771 2687 836 hoc

279 873 426 936 vitae
455 873 704 936 nomine
739 873 928 954 digna
955 879 1094 947 est3
1147 873 1202 935 Ο
1234 874 1480 955 quaudo
1513 880 1580 937 te
1607 873 1907 948 deseram,
1928 871 2399 938 contubernium
2430 869 2597 946 mali,
2617 877 2685 936 et

281 969 582 1034 officinam
612 971 910 1046 tristium,
946 971 1190 1052 quando
1237 972 1458 1035 mortis
1507 972 1631 1035 isto
1679 991 1937 1052 corporo
1972 971 2293 1046 dissolvar,
2326 989 2401 1034 ac
2428 969 2549 1035 mei
2576 989 2685 1052 po-

283 1075 442 1143 tem,
474 1069 847 1148 Christoque
869 1070 1128 1149 junctus
1159 1073 1440 1151 perfruar
1473 1069 1775 1133 beatitate
1804 1069 2045 1150 perpeti
2072 1069 2087 1132 Ι

379 1167 650 1230 Fama
683 1167 866 1231 unice
893 1166 1186 1232 dilectum
1219 1169 1336 1233 hac
1379 1167 1480 1232 die
1533 1167 1817 1248 pluribus
1860 1167 2159 1232 allocutus
2209 1175 2327 1245 est,
2362 1173 2429 1230 et
2458 1173 2691 1247 praeter

279 1265 458 1329 varia
489 1286 626 1345 quas
659 1265 781 1346 ipsi
813 1265 1110 1345 injunxit,
1141 1274 1408 1346 quatuor
1439 1266 1572 1330 haec
1600 1265 1903 1346 imprimis
1950 1265 2353 1346 praescripsit,
2392 1263 2687 1330 Ecclesia

281 1363 410 1426 Dei
445 1383 674 1439 curam,
705 1363 759 1426 si
807 1363 1136 1444 aliquando
1185 1365 1266 1428 ad
1315 1383 1558 1428 sacrum
1587 1369 1911 1428 vocaretur
1942 1361 2378 1439 Ministerium,
2410 1360 2691 1426 veritatis

282 1481 578 1537 amorem,
610 1461 1023 1526 humilitatem
1074 1470 1142 1526 et
1191 1462 1600 1536 charitatem3
1658 1461 1747 1524 Et
1798 1481 1935 1526 cum
1988 1461 2123 1540 ejus
2171 1461 2334 1524 lecto
2379 1459 2697 1540 proximus

282 1559 617 1635 adstarem,
649 1580 748 1624 mc
796 1559 878 1622 ad
925 1579 1081 1640 opus
1111 1561 1364 1624 Domini
1391 1560 1595 1624 verbis
1627 1559 2091 1641 praegnantibus
2122 1560 2409 1623 hortatus
2437 1565 2553 1640 est,
2588 1557 2699 1620 ali-

283 1678 446 1737 aque
499 1658 568 1720 in
617 1657 924 1722 mandatis
979 1658 1174 1734 dedit,
1209 1679 1346 1738 quae
1395 1659 1650 1722 memori
1698 1656 1963 1722 recolam
2018 1666 2245 1735 mente,
2276 1658 2423 1721 dum
2478 1655 2699 1720 vitales

283 1756 510 1820 ducam
561 1756 838 1836 spiritus,
871 1756 984 1820 sed
1033 1778 1168 1837 quae
1221 1777 1352 1836 pras
1405 1756 1612 1821 dolore
1649 1758 1883 1820 referre
1916 1775 2079 1820 nunc
2112 1777 2233 1820 non
2270 1755 2463 1820 valeo.
2565 1753 2695 1818 Sub

283 1873 612 1935 vesperam
641 1854 806 1917 vires
851 1854 1166 1920 labascere
1195 1855 1340 1918 visae
1373 1861 1540 1931 sunt,
1591 1855 1833 1920 monuit
1879 1863 2087 1918 tamen
2116 1875 2185 1920 se
2216 1855 2333 1918 hac
2364 1859 2549 1918 nocte
2575 1873 2700 1916 non

287 1952 680 2028 moriturum,
734 1953 844 2016 sed
893 1953 1096 2018 adhuc
1149 1953 1348 2017 lucem
1407 1953 1528 2017 diei
1561 1953 1875 2034 sequentis
1923 1953 2217 2017 visurum.
2318 1952 2703 2015 Mirabamur

287 2071 504 2114 omnes
535 2050 672 2130 ejus
703 2050 772 2112 in
817 2051 1088 2115 ferendis
1121 2051 1434 2115 doloribus
1475 2051 1879 2132 patientiam3
1932 2051 1985 2114 si
2038 2051 2285 2132 quando
2334 2051 2497 2114 enim
2530 2050 2699 2114 dolo-

289 2169 426 2212 rem
458 2169 608 2213 voce
657 2147 912 2228 querula
941 2151 1218 2214 acerbius
1248 2151 1598 2226 accusabat,
1647 2171 1795 2214 mox
1838 2150 1919 2213 ad
1963 2169 2031 2212 se
2060 2150 2277 2214 statim
2324 2149 2587 2224 redibat,
2638 2155 2705 2212 et

287 2246 360 2310 in
408 2246 632 2311 mediis
669 2246 1044 2310 cruciatibus
1075 2255 1398 2329 paternam
1431 2247 1552 2312 Dei
1601 2247 1985 2328 praedicabat
2029 2247 2529 2311 misericordiam.
2592 2245 2703 2309 Ad

289 2345 450 2409 lucis
500 2345 718 2424 primas
772 2365 1056 2408 auroram
1103 2347 1338 2410 instare
1388 2351 1634 2425 tempus
1686 2365 1811 2409 suae
1865 2347 2177 2415 ἀναλύσεως
2214 2343 2502 2424 agnovit3
2554 2345 2599 2408 J
2602 2365 2702 2406 am

292 2452 546 2524 tempus
577 2450 693 2518 est,
743 2443 967 2522 inquit,
1015 2452 1090 2507 ut
1137 2465 1176 2508 a
1201 2451 1270 2508 te
1301 2443 1626 2526 sejungar!
1731 2442 1785 2504 Ο
1816 2444 2037 2506 durum
2070 2441 2437 2506 divortium!
2542 2442 2704 2519 Quid

289 2542 377 2605 ad
423 2543 560 2606 haec
587 2541 1008 2623 responderim
1057 2563 1136 2606 ne
1169 2542 1541 2624 expectetis;
1593 2562 1715 2605 vox
1764 2541 1951 2619 nulla,
2002 2541 2455 2624 lachrymarum
2486 2539 2703 2605 imber.

293 2642 478 2705 Tunc
521 2642 782 2705 accessit
827 2640 1195 2722 Magnificus
1245 2642 1430 2722 hujus
1476 2642 1771 2705 Athenaei
1824 2640 2079 2718 Rector,
2129 2636 2414 2705 Michacl
2446 2640 2707 2705 Tum-et-

295 2742 488 2815 tinus,
523 2738 956 2803 dilectissimus
987 2740 1260 2804 defuncti
1311 2747 1630 2823 cognatus,
1664 2739 2043 2821 Linguarum
2073 2738 2479 2804 Orientalium
2526 2738 2707 2803 meri-

289 2838 578 2901 tissimus
611 2836 948 2915 Professor,
985 2836 1269 2902 Hebraeae
1323 2838 1508 2903 decus
1541 2838 1886 2915 Cathedrae‚
1918 2837 2311 2920 dignissimus
2360 2838 2546 2917 hujus
2582 2839 2703 2902 Ec-

292 2936 503 3001 clesiae
551 2935 796 3000 Pastor.
899 2936 1005 2999 Illi
1057 2936 1268 3001 multis
1300 2936 1506 3001 verbis
1556 2942 1829 3001 testatus
1878 2942 1977 3001 est
2032 2943 2265 3016 quanta
2314 2941 2703 3016 peccatorum

295 3032 674 3116 poenitentia
705 3034 1064 3110 duceretur3
1118 3036 1340 3115 quibus
1373 3034 1614 3097 addidit
1647 3054 1714 3099 se
1733 3042 1941 3099 tamen
1968 3036 2045 3099 de
2062 3034 2305 3097 illorum
2330 3034 2707 3108 remissione,

295 3154 374 3197 ac
397 3134 478 3196 de
509 3132 608 3195 sui
637 3130 976 3197 Salvatoris
999 3132 1422 3197 misericordia
1455 3132 1771 3197 dubitasse
1808 3154 2143 3214 nunquam,
2180 3153 2247 3197 se
2279 3133 2438 3197 hanc
2468 3132 2707 3197 miseri-

301 3230 578 3295 cordiam
601 3236 740 3293 toto
769 3238 1024 3312 pectore
1051 3232 1359 3311 amplecti,
1393 3232 1851 3312 supplicemque
1874 3252 1913 3294 a
1941 3232 2079 3295 Deo
2108 3239 2341 3310 petere,
2374 3238 2449 3293 ut
2481 3230 2713 3313 Unige-

301 3329 423 3392 niti
455 3328 556 3392 sui
586 3330 882 3409 sanguine
905 3330 1269 3393 mundatum
1290 3330 1370 3393 ad
1392 3331 1608 3393 beatas
1629 3330 1808 3393 sedes
1826 3335 2109 3394 evocaret
2129 3351 2146 3405 ;
2183 3328 2316 3410 Ipsi
2344 3329 2707 3408 Ecclesiam,

305 3426 734 3502 Academiam,
769 3428 1086 3508 filiumque
1117 3427 1606 3501 commendavit3
1658 3428 2017 3509 rogavitque
2048 3434 2121 3491 ut
2154 3448 2265 3492 suo
2298 3427 2541 3491 nomine
2574 3427 2712 3492 Ve-

304 3524 644 3588 nerandum
697 3525 1068 3606 Synedrium
1118 3526 1438 3603 salutaret,
1475 3528 1857 3607 referretque
1904 3546 1971 3590 se
2020 3526 2086 3589 in
2138 3546 2215 3591 ea
2247 3546 2429 3606 quam
2470 3546 2712 3606 semper

307 3624 667 3687 defenderat
701 3631 767 3687 et
797 3624 1044 3704 publice
1093 3625 1388 3689 docuerat
1429 3625 1586 3688 mori
1619 3624 1760 3701 fide,
1810 3624 2163 3701 credidisse,
2215 3625 2486 3698 credere,
2526 3631 2593 3689 et
2632 3624 2711 3687 ad

309 3722 492 3785 finem
541 3741 736 3802 usque
767 3722 1182 3799 crediturum3
1215 3722 1454 3787 hortari
1489 3722 1768 3799 Fratres,
1818 3730 1891 3784 ut
1923 3722 2143 3802 positis
2193 3721 2474 3784 omnibus
2503 3721 2712 3783 simul-

311 3820 565 3895 tatibus,
589 3820 820 3883 sedatis
850 3821 1192 3899 affectibus,
1223 3821 1361 3902 pari
1393 3820 1845 3901 conspiratione
1876 3818 2217 3882 animorum
2248 3825 2315 3882 et
2345 3818 2711 3896 studiorum,

311 3937 463 3997 opus
495 3917 746 3981 Domini
780 3924 1167 4000 peragerent,
1216 3920 1412 3983 unicae
1441 3918 1693 3984 veritati
1726 3919 2001 3999 litantes,
2038 3935 2457 3998 memoresque
2501 3926 2713 3982 essent

313 4015 647 4079 communis
676 4016 840 4091 fidei,
875 4017 1154 4094 nominis,
1191 4018 1444 4093 ordinis,
1496 4016 1891 4093 characteri8‚
1922 4016 2125 4093 officii,
2168 4036 2240 4079 ac
2266 4015 2516 4079 tandem
2549 4038 2711 4081 com-

313 4114 516 4177 munis
545 4114 965 4191 mortalitatis,
1013 4115 1302 4196 illiusque
1349 4136 1653 4195 supremas
1703 4116 1846 4191 diei,
1884 4136 2007 4195 qua
2035 4116 2453 4195 unusquisque
2504 4136 2711 4179 coram

315 4211 547 4275 Christi
595 4212 896 4275 tribunali
929 4232 1054 4276 suae
1093 4212 1568 4294 dispensationis
1599 4214 1903 4278 rationem
1930 4214 2287 4277 redditurus
2316 4224 2434 4279 est.
2537 4214 2713 4277 Com-

315 4309 634 4373 mendavifl
648 4309 1022 4375 Venerando
1039 4311 1307 4376 Domino
1321 4312 1689 4389 Ber-narde,
1709 4332 1826 4393 pro
1846 4310 2081 4375 Christi
2098 4332 2283 4376 causa
2309 4310 2494 4389 exuli,
2519 4313 2713 4376 omni-

314 4410 426 4471 bus
486 4408 668 4473 bonis
717 4408 999 4490 colendo,
1033 4428 1160 4473 suae
1193 4409 1488 4475 Ecclesiae
1533 4409 1788 4474 miseras
1842 4410 2153 4489 reliquias,
2204 4410 2487 4473 omnibus
2538 4412 2716 4475 nobis

320 4505 614 4571 Ecclesiae
647 4506 884 4570 Christi
917 4526 1144 4585 curam,
1179 4516 1246 4573 et
1277 4507 1617 4573 clarissimo
1648 4510 1886 4573 Marco
1916 4508 2259 4586 Miohaezio,
2292 4506 2715 4589 vigilantissi-

317 4624 414 4667 mo
463 4611 533 4669 et
578 4604 938 4669 fidelissimo
969 4605 1232 4682 Pastori,
1284 4606 1787 4686 conjunctissimo
1828 4606 2211 4681 consobrino,
2263 4607 2469 4669 fausta
2513 4606 2723 4667 omnia

315 4703 604 4769 animitus
633 4709 926 4786 precatus
953 4710 1066 4773 est.
1173 4703 1321 4770 Non
1348 4704 1687 4793 morientis,
1722 4704 1833 4771 sed
1858 4704 2307 4785 'triumphantis
2339 4701 2577 4767 vultum
2608 4702 2717 4766 ha-
