3300 5225
554 352 667 412 196
1517 370 1702 413 Locus
1728 368 1998 411 rnnrms.
2551 346 2802 430 [quater.
2833 368 2962 409 xm.

554 520 733 575 tatem
759 512 977 574 habent
1002 520 1062 575 te
1088 511 1393 590 tradendi,·
1412 519 1483 572 ut
1518 511 1698 571 habet
1737 511 1954 572 Glossa
1975 506 2262 569 interline.
2344 508 2440 569 Ita
2463 513 2522 567 τὶ
2547 511 2880 569 descendere
2905 518 2968 569 et

556 598 786 654 tradere
813 613 930 654 non
956 594 1030 654 de
1054 594 1281 655 actione
1318 592 1445 673 ipsa
1483 611 1560 651 ex
1598 591 1911 685 hypothesi
1950 591 2144 650 futura
2181 588 2542 667 intelligitur,
2573 589 2679 649 sed
2705 599 2772 649 ut
2811 610 2966 667 saepe

557 675 715 813 ιλΙίῑιί,
758 693 867 752 pro
892 674 1117 734 consilio
1144 682 1205 734 et
1229 674 1527 733 intentione
1559 680 1811 751 pomtur,
1854 670 1936 731 id.
1963 672 2028 730 in
2053 670 2242 729 animno
2268 670 2474 729 habere
2497 670 2611 731 hoc
2649 669 2856 747 facere,
2897 678 2968 729 ut

622 763 697 814 ct.
726 756 829 815 xii.
860 758 897 814 6
946 764 1007 815 et
1032 755 1155 813 xvi.
1184 756 1282 812 27.

640 836 821 895 xvl.
850 801 1051 895 v’erba
1078 834 1308 909 Christi,
1341 832 1552 893 Matth.
1580 831 1664 891 xi.
1695 833 1920 925 2233.
1961 832 2034 891 se
2048 830 2192 908 syn·
2213 839 2268 890 a
2290 830 2516 924 Sydpno
2525 830 2965 924 factast-«ism

558 934 637 1054 :1²0²
639 924 813 1054 ,1ιῖἱῖ
815 918 1195 1054 mm
1211 921 1696 1070 ἴὸἷθηῗῖφῖέἒὶ
1722 914 2568 1069 ἕέηῧωαέΐοώῖυἰᾜὲ
2587 920 2968 1050 ζΐῖἴέῗθῖ

560 1075 665 1133 illa
690 1074 1017 1134 conditione
1044 1072 1422 1132 determinate
1448 1080 1603 1130 esset
1627 1070 1840 1131 futura.
1897 1071 2074 1131 .Nam
2101 1079 2191 1130 est
2216 1072 2628 1147 hssspcnbolicum
2645 1078 2706 1129 et
2721 1090 2970 1146 prover·-

561 1156 705 1213 biale
734 1155 997 1231 loquendi
1026 1172 1219 1230 ycnus,
1258 1152 1361 1212 ubi
1402 1152 1668 1212 Christus
1694 1150 1896 1210 odiosa
1922 1150 1966 1211 J
1967 1149 2154 1210 udaeis
2177 1151 2602 1229 comparatione
2627 1149 2758 1209 vult
2783 1170 2964 1227 exag-

562 1252 763 1311 gerare
810 1233 1229 1293 contumaciam
1270 1239 1329 1292 et
1368 1231 1742 1290 rebellionem
1789 1250 1986 1289 earum
2031 1230 2280 1306 urbium,
2329 1249 2460 1307 quae
2505 1229 2801 1289 miraculis
2843 1231 2970 1289 suis

561 1314 962 1390 inclaruerunt,
994 1332 1167 1391 quam
1194 1320 1261 1370 ut
1285 1308 1676 1393 ηαςδιογνάο-ης
1710 1319 1955 1370 noverat
1979 1311 2256 1389 majorem
2291 1318 2352 1369 et
2387 1310 2818 1370 obstinatiorem
2845 1329 2966 1369 ma-

560 1393 690 1453 litia
714 1394 1021 1470 Tyriorum
1048 1401 1108 1452 et
1139 1391 1525 1452 Sidoniorum.
1612 1391 1712 1451 Sic
1739 1390 2004 1450 Christus
2040 1409 2160 1449 non
2197 1390 2455 1467 loquitur
2491 1410 2570 1448 ex
2606 1390 2975 1468 praescientia

564 1472 637 1531 de
664 1474 837 1532 rebus
864 1472 1001 1532 ullis
1027 1470 1235 1532 futuris
1264 1470 1688 1546 conditionatis,
1721 1470 1824 1529 sed
1841 1470 2058 1530 usitata
2074 1470 2392 1548 hyperbole
2411 1490 2576 1529 suam
2597 1470 2640 1529 J
2641 1470 2824 1529 ndaeis
2850 1490 2974 1548 prae

564 1552 759 1631 Tyriis
786 1560 845 1612 et
876 1552 1130 1612 Sidoniis
1156 1551 1287 1611 vult
1311 1550 1785 1629 ingratitudinem
1813 1558 1872 1609 et
1897 1550 2375 1628 impoenitentiam
2401 1549 2784 1627 exprobrare:
2825 1569 2970 1627 quo-

522 1696 529 1703 ,
562 1632 738 1691 modo
760 1632 811 1691 si
829 1640 1148 1710 praeceptor
1166 1630 1396 1689 tardum
1416 1631 1674 1707 aliquem
1689 1638 1750 1690 et
1768 1628 2011 1689 bardum
2028 1629 2376 1708 discipulum
2396 1630 2695 1707 alloquens
2716 1629 2936 1689 diceret
2951 1652 2971 1705 3

567 1711 619 1771 si
644 1711 848 1770 tandiu
874 1711 1101 1771 asinum
1120 1710 1463 1786 docuissem,
1493 1711 1605 1769 hoc
1630 1728 1749 1768 non
1776 1709 2070 1787 ignoraret
2091 1730 2108 1786 ;
2145 1710 2244 1769 vel
2270 1709 2344 1768 de
2365 1709 2408 1769 J
2409 1708 2580 1769 ndice
2605 1709 2969 1784 inexorabili,

566 1792 619 1851 si
656 1791 861 1851 tandiu
902 1810 1046 1850 saxa
1085 1798 1145 1850 et
1186 1808 1359 1868 rupes
1398 1790 1738 1868 pulsassem,
1781 1809 1882 1848 eas
1921 1788 2260 1867 fregissem3
2302 1808 2419 1847 non
2459 1788 2522 1847 id
2547 1790 2833 1867 volumus,
2872 1790 2972 1847 vel

564 1890 741 1949 rupes
766 1888 937 1949 posse
965 1868 1193 1945 molliri,
1223 1870 1321 1929 vel
1362 1870 1587 1930 asinum
1626 1888 1800 1947 posse
1825 1868 2038 1945 doceri,
2079 1869 2184 1928 sed
2225 1876 2449 1928 tantum
2489 1870 2801 1927 maximam
2841 1888 2974 1929 esse

564 1950 723 2010 illius
750 1950 1021 2028 discipuli
1058 1949 1407 2025 tarditatem,
1444 1956 1508 2009 et
1544 1948 1713 2008 istius
1740 1948 1785 2008 J
1785 1948 1972 2008 udicis
1999 1948 2288 2008 duritiem.
2369 1950 2460 2008 Eo
2485 1948 2664 2007 modo
2687 1948 2970 2025 Christus,

568 2030 712 2090 Luc.
742 2032 867 2091 xix.
897 2032 994 2106 40,
1024 2031 1094 2089 Si
1116 2031 1179 2089 1ιί
1212 2030 1427 2105 είῑεαηί,
1472 2030 1692 2106 lapides
1729 2030 2064 2104 clamabunt,
2105 2048 2226 2088 non
2265 2029 2432 2107 quasi
2470 2028 2696 2107 lapides
2721 2028 2974 2089 clamare

564 2110 807 2189 possint,
840 2110 945 2171 sed
968 2118 1037 2169 nt
1062 2109 1331 2170 ostendat
1356 2128 1663 2187 personam
1689 2127 1870 2185 snam,
1901 2108 2222 2167 doctrinm
2249 2116 2308 2167 et
2335 2128 2526 2186 opera,
2555 2108 2638 2167 ita
2663 2128 2792 2169 esse
2817 2110 2978 2169 clara

566 2198 627 2250 et
654 2190 993 2265 indubitata,
1022 2197 1092 2249 ut
1124 2208 1243 2249 non
1282 2189 1511 2267 possint
1535 2188 1783 2267 amplius
1811 2187 2105 2249 occultari.
2192 2188 2410 2248 Similis
2448 2189 2610 2248 locus
2639 2197 2729 2248 est
2755 2189 2972 2248 Ezech.

566 2269 650 2330 iii.
680 2273 735 2345 6,
766 2270 910 2329 Sita
934 2270 1201 2328 malatham
1224 2270 1570 2346 adpopulos
1594 2268 1798 2346 ignota
1823 2269 2044 2345 linquae,
2073 2288 2256 2328 nonne
2279 2269 2848 2328 tibiamcultaemcnt!

649 2350 867 2411 XVII.
909 2354 946 2409 2
980 2350 1136 2409 Sam.
1162 2350 1267 2409 xii.
1296 2351 1353 2425 8,
1386 2348 1679 2427 Propheta
1712 2357 2010 2408 enumerat
2047 2348 2330 2407 beneficia
2366 2348 2480 2407 Dei
2515 2368 2658 2425 erga
2683 2348 2974 2407 Davidem

566 2428 877 2508 ingram,
901 2430 1113 2507 quibus
1138 2429 1362 2507 majora
1386 2428 1690 2487 additurus
1709 2427 1930 2503 fuisset,
1960 2428 2012 2487 si
2033 2428 2230 2487 David
2257 2429 2320 2485 in
2339 2427 2668 2487 obedientia
2691 2428 2973 2506 perstitis-

569 2518 675 2585 set,
718 2527 837 2569 non
863 2529 940 2569 ex
965 2508 1198 2569 decreto
1234 2507 1431 2585 aliquo
1468 2506 1858 2585 conditionali,
1889 2508 1989 2566 vel
2029 2527 2105 2566 ex
2147 2507 2388 2567 scientia
2422 2508 2633 2585 media,
2663 2507 2768 2567 sed
2799 2508 2978 2586 juxta

568 2586 2093 2747 {gzffssssziffffiffltgfsffiamIitgizmffiz
2121 2589 2230 2728 ἔὲἂ
2251 2587 2978 2729 ἔῗιίειῖῗὲἷὶἳὶἒέἕῗὲῗὲἒ

2078 2714 2094 2744 5

570 2748 949 2810 conditionati
986 2747 1349 2828 praescientia
1386 2755 1522 2807 ante
1556 2746 1872 2807 decretum.
1955 2748 2180 2807 Eodem
2219 2746 2394 2806 modo
2433 2747 2814 2826 intelligenda
2839 2756 2978 2808 sunt

569 2829 753 2889 verba
779 2828 995 2905 Elisaei,
1026 2832 1065 2887 2
1094 2827 1243 2906 Reg.
1272 2827 1397 2886 xiii.
1424 2829 1518 2905 19,
1546 2827 1625 2886 ad
1648 2827 1931 2904 Joasum3
1969 2829 2042 2888 Sc·
2063 2837 2278 2887 ten-am
2293 2828 2661 2903 percita-ithace
2687 2829 2978 2905 quinquies

570 2918 675 2970 aut
708 2909 905 2985 sexies,
938 2909 1309 2985 percussisses
1344 2907 1523 2984 Syros
1560 2908 1647 2967 ad
1681 2907 2108 2968 internecionem
2145 2927 2320 2984 usquc
2334 2931 2360 2980 ,·
2415 2925 2534 2966 non
2570 2908 2730 2985 quod
2767 2907 2832 2966 id
2872 2926 2979 2985 per

572 2989 872 3048 scientiam
898 2987 1149 3047 mediam
1174 2994 1563 3065 cognosceret,
1594 2987 1700 3046 sed
1726 2987 1866 3066 quia
1892 2987 2184 3065 Propheta
2207 2987 2561 3048 revelatione
2587 2987 2788 3048 divina
2811 2987 2976 3047 inde-

570 3068 733 3126 finite
761 3068 914 3126 facta
938 3067 1002 3127 id
1024 3087 1131 3146 pro
1158 3065 1370 3126 affectu
1394 3066 1713 3145 colligeret.

578 3157 586 3166 “
654 3145 907 3207 XVIII.
948 3146 1134 3207 Aliud
1172 3154 1263 3206 est
1303 3147 1495 3207 Deum
1533 3145 1854 3224 praevidere
1893 3147 1992 3206 vel
2032 3166 2382 3226 cognoscere
2425 3147 2844 3208 connexionem
2889 3147 2977 3208 rei
3090 3153 3102 3162 '

569 3227 745 3287 unius
772 3245 903 3286 cum
938 3227 1054 3286 alia
1080 3246 1138 3286 v.
1167 3246 1227 3304 g.
1254 3225 1477 3304 peccati
1504 3245 1634 3286 cum
1659 3234 1864 3302 morte,
1893 3234 1954 3286 et
1985 3227 2230 3304 justitiae
2267 3247 2400 3286 cum
2425 3229 2582 3305 vita;
2625 3227 2812 3288 Aliud
2837 3247 2972 3304 cog·

572 3325 811 3366 noscere
836 3307 1253 3366 connexionem
1280 3307 1449 3365 istam
1469 3314 1538 3366 ut
1556 3305 1808 3366 futuram
1835 3306 1898 3364 in
1915 3305 2022 3366 tali
2041 3306 2320 3386 subjecto,
2349 3307 2411 3366 in
2437 3308 2548 3367 hoc
2566 3309 2666 3366 vel
2691 3309 2794 3368 illo
2819 3317 2978 3368 statu

573 3386 906 3446 constituto.
976 3387 1111 3445 Hoc
1138 3385 1407 3463 postulat,
1439 3386 1736 3446 decretum
1753 3385 2008 3464 aliquod,
2037 3405 2154 3462 qno
2177 3396 2462 3446 statuatur
2480 3387 2622 3465 quid
2649 3388 2804 3447 circa
2827 3385 2977 3448 illud

572 3465 899 3544 subjectum
936 3465 1063 3525 fieri
1103 3465 1310 3543 debet3
1354 3465 1515 3526 Illud
1539 3485 1682 3526 vero
1723 3473 1914 3545 potest
1953 3464 2185 3526 fundari
2223 3467 2288 3526 in
2327 3467 2453 3526 sola
2491 3466 2878 3547 possibilitate
2915 3475 2979 3527 et

570 3545 910 3605 habitudine
938 3565 1128 3606 rerum
1155 3544 1231 3604 ad
1258 3565 1323 3604 se
1348 3545 1619 3606 invicem.

654 3625 845 3686 XIX.
888 3624 1076 3685 Aliud
1114 3633 1205 3686 est
1241 3625 1433 3686 Deum
1460 3643 1812 3704 cognoscere
1837 3644 2040 3686 omnes
2075 3625 2332 3686 omnium
2367 3645 2560 3687 rerum
2586 3626 2979 3687 connexiones

568 3712 637 3765 ιιι
680 3706 1051 3782 necessarias,
1100 3714 1163 3765 et
1206 3725 1399 3765 rerum
1440 3724 1545 3784 per
1588 3705 1722 3764 illas
1763 3713 2172 3765 eventuramm
2211 3725 2416 3766 causas
2457 3706 2864 3766 antecedenter
2899 3703 2980 3764 ad

570 3784 901 3862 decretmn3
960 3784 1148 3845 Aliud
1192 3803 1365 3845 nosse
1412 3785 1804 3844 connexiones
1849 3785 2253 3862 contingentes
2299 3794 2630 3862 eventuum,
2681 3795 2742 3845 et
2785 3805 2978 3846 rerum

570 3865 829 3923 omnium
870 3864 1224 3944 possibiliter
1260 3863 1615 3941 futurarum3
1659 3865 1710 3924 si
1753 3863 1902 3924 illud
1947 3863 2197 3941 daretur,
2239 3874 2438 3944 posset
2477 3865 2733 3926 scientiae
2771 3863 2978 3924 mediae

570 3942 785 4018 favere,
812 3943 921 4002 sed
944 3943 1156 4004 falsum
1182 3951 1290 4018 est,
1322 3943 1511 4004 Deum
1538 3963 1742 4003 omnes
1767 3942 2024 4004 omnium
2051 3963 2242 4004 rerum
2267 3945 2660 4005 connexiones
2685 3953 2754 4005 ut
2777 3963 2976 4006 neces·

570 4023 770 4098 sarias,
820 4030 883 4080 et
926 4029 1201 4083 eventum
1244 4041 1437 4081 rerum
1490 4021 1872 4083 infallibiliter
1923 4024 2304 4102 producturus
2347 4025 2602 4084 maxime
2643 4025 2707 4084 in
2753 4025 2981 4084 actibus

570 4101 771 4161 liberis
798 4119 1143 4178 cognoscere
1170 4101 1576 4161 antecedenter
1602 4101 1679 4161 ad
1718 4102 2029 4180 decretum,
2059 4125 2096 4163 a
2121 4124 2238 4182 quo
2265 4105 2453 4165 omnis
2485 4125 2678 4164 rerum
2716 4104 2980 4166 futuritio

570 4179 786 4258 pendet
804 4200 823 4241 ε
852 4181 1140 4259 posterius
1154 4199 1296 4240 vero
1317 4180 1475 4258 quod
1494 4180 1879 4258 concedimus,
1903 4203 2021 4243 non
2041 4183 2214 4244 infert
2231 4184 2360 4244 dari
2379 4185 2681 4245 scientiam
2699 4183 2976 4261 mediam3

570 4260 711 4338 quia
754 4261 1143 4320 connexiones
1184 4259 1473 4338 ejusmodi
1514 4261 1918 4339 confingentes
1959 4263 2250 4342 pertinent
2287 4272 2517 4325 tantum
2556 4265 2636 4324 ad
2679 4263 2980 4324 scientiam

568 4339 908 4416 naturalem,
950 4339 1183 4418 qnando
1218 4339 1656 4400 considerantur
1693 4341 2104 4403 antecedenter
2137 4344 2216 4403 ad
2253 4343 2550 4405 decretum
2589 4343 2981 4406 determinans

570 4419 801 4478 illarum
830 4419 1255 4479 connexionum
1281 4430 1385 4480 aut
1408 4420 1730 4480 mediorum
1757 4429 1974 4481 certam
2001 4423 2416 4484 futuritionem.

652 4499 809 4560 XX.
852 4499 1021 4574 Quod
1048 4498 1370 4577 concipitur
1394 4519 1433 4560 a
1458 4500 1589 4559 Deo
1614 4519 1744 4562 esse
1769 4500 2165 4580 determinate,
2207 4502 2356 4564 illud
2397 4503 2574 4565 etiam
2611 4502 2983 4583 pronunciari

568 4586 764 4659 potest
803 4597 931 4639 esse
971 4579 1375 4656 determinate3
1418 4580 1577 4658 quod
1616 4600 1758 4641 vero
1799 4582 2122 4662 concipitur
2160 4583 2394 4644 demum
2437 4603 2568 4645 esse
2605 4583 2979 4662 possibiliter,

568 4659 715 4718 illud
755 4659 1167 4738 pronunciatur
1200 4658 1433 4722 demum
1472 4661 1829 4741 possibiliter
1853 4681 2000 4722 esse.
2083 4662 2172 4723 At
2198 4664 2584 4726 coexistentia
2607 4672 2774 4724 actus
2813 4661 2984 4722 liberi
