3300 5225
42 289 54 354 —0-

317 352 542 402 Quaesr.
574 332 711 417 xm]
1135 355 1213 394 nn
1242 356 1360 397 nno
1388 356 1525 415 uno,
1558 358 1633 398 nr
1659 358 1860 399 ritmo.
2609 341 2722 399 18⁷

1230 656 1619 732 QUAEs'mo
1663 657 1819 718 ΧΠ.

1250 834 1330 875 ΒΕ
1359 834 1632 877 scu-mm
1661 836 1783 878 DEI.

318 974 417 1035 An
444 973 633 1033 omnia
659 974 871 1033 cadant
894 974 993 1033 sub
1018 954 1321 1033 Scientiam
1347 976 1478 1051 Dei,
1521 976 1690 1035 ctiam
1713 976 2049 1053 sinyularia,
2093 985 2150 1036 ct
2170 979 2384 1051 sulm-a
2409 975 2725 1055 continqen-

1168 1055 1283 1115 tia.
1273 1056 1297 1096 ²
1340 1054 1461 1115 Aff.
1491 1064 1643 1115 cont.
1678 1056 1870 1115 Socin.

403 1212 457 1272 I.
500 1211 664 1271 Inter
690 1210 992 1272 Attributa
1034 1214 1549 1273 communicabilis
1587 1222 1647 1275 et
1685 1216 1953 1293 positiva,
1998 1235 2128 1309 quae
2167 1214 2579 1309 perfectionem
2621 1215 2726 1273 ali-

320 1312 496 1369 quam
523 1292 596 1351 de
627 1293 753 1351 Deo
781 1291 1080 1371 affirmant,
1104 1294 1242 1353 Tria
1270 1303 1404 1353 sunt
1428 1295 1735 1373 praecipua,
1758 1297 1970 1374 quibus
1996 1296 2120 1354 vita
2147 1294 2275 1372 ejus
2301 1295 2642 1353 immortalis
2669 1303 2730 1353 et

321 1371 655 1431 beatissima
693 1381 931 1432 actuosa
957 1381 1086 1433 est·
1127 1376 1459 1449 Intellectus,
1502 1376 1786 1451 Voluntas,
1829 1385 1889 1436 et
1912 1375 2194 1435 Potentia.
2275 1375 2388 1433 Ille
2415 1374 2492 1433 ad
2505 1376 2726 1451 princi

312 1453 477 1528 pium
504 1453 751 1527 dirigere
778 1453 1043 1529 pertinet,
1072 1453 1187 1512 ista
1212 1454 1287 1513 ad
1316 1455 1619 1531 imper-ans,
1648 1456 1775 1513 haec
1801 1455 1878 1514 ad
1903 1474 2195 1532 exequeris.

405 1532 491 1591 II.
535 1531 637 1590 Ad
664 1532 1051 1609 cognitionem
1080 1533 1419 1593 Intellectus
1442 1534 1571 1610 Dei,
1594 1536 1844 1612 pertinet
1869 1534 2196 1611 disquisitio
2224 1533 2296 1593 de
2325 1533 2453 1611 ejus
2479 1534 2724 1611 scientia,

324 1612 476 1671 circa
502 1632 675 1704 quam
704 1611 821 1671 duo
846 1632 966 1689 prae
1008 1614 1229 1673 caeteris
1272 1622 1407 1674 sunt
1446 1614 1814 1690 attendenda,
1845 1618 2042 1673 modus
2069 1621 2128 1672 et
2169 1615 2475 1690 objectum.-
2516 1615 2728 1672 Modus

323 1692 589 1750 consistit
614 1692 675 1749 in
704 1711 773 1749 eo
801 1692 959 1768 quod
983 1692 1251 1785 perfecte,
1294 1694 1612 1771 individue,
1643 1694 1930 1770 distincte,
1974 1703 2036 1754 et
2073 1694 2509 1752 immutabiliter
2535 1694 2728 1752 omnia

324 1770 504 1847 novit,
536 1791 653 1848 quo
680 1779 850 1849 pacto
878 1791 913 1829 a
942 1772 1181 1831 scientia
1199 1774 1453 1833 humana
1478 1783 1539 1835 et
1564 1775 1830 1868 angelica
1847 1774 2256 1851 distinguitur.
2299 1774 2570 1848 Per-secte,
2590 1774 2728 1850 quia

323 1851 519 1909 omnia
544 1850 709 1909 novit
734 1870 837 1928 per
865 1852 1117 1928 seipsum
1146 1853 1270 1913 sive
1289 1873 1396 1932 per
1420 1855 1730 1914 essentiam
1757 1874 1938 1929 suam,
1967 1873 2088 1913 non
2115 1873 2218 1929 per
2246 1852 2466 1929 species
2494 1871 2531 1910 a
2555 1852 2730 1912 rebus

323 1930 663 2005 abstractas,
693 1938 759 1989 ut
786 1940 1061 1991 oreaturae
1090 1932 1313 2010 solent·
1356 1942 1483 1993 tum
1510 1934 1647 2011 quia
1675 1934 1894 2012 species
1921 1899 2039 1991 illae
2081 1941 2217 1992 sunt
2243 1940 2468 1991 tantum
2495 1932 2556 1989 in
2583 1940 2726 1991 tem-

321 2030 463 2088 pore
491 2030 623 2069 cum
648 2009 867 2069 rebus
850 2012 1010 2089 ipsis,
1040 2020 1101 2071 at
1142 2013 1381 2071 scientia
1410 2014 1523 2072 Dei
1550 2020 1639 2073 est
1680 2022 1931 2089 ωιειιιας
1973 2021 2098 2072 ιιιιιι
2126 2012 2265 2089 quia
2290 2011 2510 2072 nullam
2536 2020 2730 2105 potest

322 2090 537 2149 habere
566 2110 798 2149 causam
826 2099 993 2150 extra
1020 2112 1099 2151 se.
1183 2096 1239 2153 2.
1282 2093 1597 2167 Indiuidua,
1628 2092 1766 2169 quia
1802 2093 2048 2151 intuitive
2073 2101 2134 2151 et
2158 2092 2365 2149 ποέιίοε
2403 2090 2598 2149 omnia
2623 2110 2727 2149 no-

323 2170 431 2246 vit,
461 2190 577 2229 non
605 2171 906 2230 discursive
932 2178 993 2231 et
1018 2172 1338 2247 ᾱίαποόιίσε,
1368 2172 1780 2247 ratiocinandO,
1811 2180 1872 2232 et
1910 2190 2089 2231 unum
2117 2191 2194 2229 ex
2220 2170 2335 2228 alio
2362 2169 2726 2246 colligendo·
2709 2216 2726 2247 ,

324 2249 407 2309 Et
447 2251 498 2309 si
524 2268 936 2327 nonnunquam
980 2251 1139 2311 Deus
1180 2252 1493 2328 inquirens,
1536 2251 1636 2310 vel
1675 2252 2023 2310 ratiocinans
2061 2248 2417 2327 proponitur,
2459 2249 2572 2307 hoc
2611 2268 2730 2308 non

324 2330 569 2407 proprie,
592 2329 696 2389 sed
720 2329 1054 2389 humanitus
1073 2330 1300 2407 dicitur,
1319 2331 1680 2391 balbutiente
1707 2331 2008 2390 nobiscum
2041 2330 2353 2406 Scriptura,
2383 2337 2451 2388 ut
2475 2328 2730 2405 perfecta

325 2418 387 2469 et
414 2418 571 2468 certa
590 2409 705 2468 Dei
731 2409 938 2468 notitia
962 2418 1269 2469 asseratur.
1332 2413 1391 2471 3.
1418 2411 1711 2486 Distincte,
1742 2430 1860 2469 non
1885 2410 2044 2503 quod
2071 2409 2302 2468 diverso
2329 2416 2612 2501 conceptu
2639 2408 2726 2467 di-

325 2508 498 2548 versa
522 2508 714 2547 rerum
741 2488 1052 2566 praedicata
1080 2490 1350 2585 colligat,-
1380 2491 1485 2550 sed
1510 2490 1649 2569 quia
1677 2456 2110 2550 distinctissime
2151 2488 2346 2547 omnia
2369 2507 2486 2547 uno
2513 2487 2728 2548 intuitu

325 2567 605 2647 pervidet,
636 2578 704 2630 ut
741 2568 890 2627 nihil
928 2569 1027 2630 vel
1064 2570 1515 2632 minutissimum
1554 2590 1689 2631 eum
1728 2570 1932 2648 fugiat.
2003 2572 2061 2630 4.
2101 2569 2546 2645 Immutahiliter‚
2590 2569 2732 2647 quia

325 2669 505 2727 penes
544 2669 678 2709 eum
704 2649 867 2708 nulla
906 2659 995 2710 est
1021 2651 1355 2712 mutationis
1397 2651 1777 2727 obumbratiO,
1815 2659 1873 2711 et
1913 2658 1980 2710 ut
2018 2650 2144 2728 ipse
2183 2649 2458 2708 immotus
2489 2668 2730 2708 manens

328 2729 431 2788 dat
457 2738 664 2789 cuncta
694 2729 933 2808 moveri,
966 2730 1047 2790 ita
1086 2751 1277 2792 rerum
1302 2733 1497 2792 varias
1536 2732 1698 2792 vices
1738 2739 1800 2792 et
1837 2730 2186 2790 mutationes
2225 2729 2530 2789 immutate
2567 2729 2733 2790 videt

328 2809 676 2886 cognitione.

409 2889 529 2948 ΙΙΙ.
580 2891 863 2967 objectum
904 2890 1159 2950 scientiae
1188 2890 1302 2951 Dei
1341 2899 1431 2952 est
1470 2899 1596 2952 tum
1628 2891 1754 2970 ipse
1783 2891 1962 2966 Deus,
1995 2889 2098 2968 qui
2139 2889 2410 2983 seipsum·
2433 2888 2494 2947 in
2538 2887 2730 2966 seipso

325 2969 767 3045 perfectissime·
778 2969 960 3047 novit,
990 2979 1115 3030 tum
1156 2971 1350 3030 omnia
1388 2980 1555 3034 extra
1583 2972 1790 3046 Deum,
1835 2971 1961 3030 sive
2001 2970 2318 3049 possibilia,
2363 2969 2488 3030 sive
2515 2968 2726 3062 futura,

327 3048 520 3126 quoad
537 3050 729 3109 varios
756 3051 988 3110 ordines
1009 3059 1069 3110 et
1084 3058 1307 3127 status3
1336 3051 1557 3111 ratione
1585 3016 1927 3128 mutilatis,
1947 3070 2163 3129 magna
2189 3057 2250 3109 et
2263 3068 2478 3127 parva3
2507 3049 2728 3108 ratione

326 3129 629 3222 qualitatis,
660 3129 815 3188 bona
840 3138 900 3189 et
924 3130 1111 3208 mala3
1154 3131 1377 3191 ratione
1405 3131 1850 3208 praedicationis,
1878 3130 2236 3190 universalia.
2274 3137 2336 3189 et
2375 3129 2726 3206 singularia‘
2708 3174 2725 3205 ,

326 3209 549 3266 ratione
576 3209 855 3285 temporie,
884 3176 1191 3305 praeterita,
1220 3211 1543 3290 praesentia,
1570 3221 1633 3270 et
1658 3210 1886 3288 futura3
1927 3211 2150 3270 ratione
2181 3217 2376 3286 statiis,
2405 3209 2732 3269 necessaria

326 3294 389 3345 et
412 3286 598 3345 libera
623 3304 727 3346 seu
752 3289 1161 3368 contingentia.

934 3369 1045 3429 IV.
1089 3369 1345 3445 Quaestio
1384 3369 1750 3447 potissimum
1789 3369 1886 3428 hic
1925 3376 2192 3428 movetur
2229 3367 2384 3426 circa
2413 3367 2466 3426 si

330 3427 644 3548 Δξίἓξξὲη“
630 3429 811 3538 ''gg“
852 3455 914 3508 et
920 3451 1151 3542 ‘fictura
1204 3450 1589 3525 contingentia,
1646 3469 1780 3526 quae
1820 3448 2086 3506 nonnulli
2139 3447 2458 3506 subducere
2511 3446 2733 3506 vellent

854 3527 1108 3588 scientiae
1137 3529 1285 3589 Dei.
1326 3528 1662 3604 δίηριιῑανία
1685 3526 1938 3605 quidem,
1967 3535 2034 3584 ut
2059 3527 2354 3598 Avcrroe‘s,
2383 3525 2486 3601 qui
2515 3544 2587 3582 ea
2626 3543 2730 3582 ex-

329 3614 456 3666 acte
484 3626 521 3665 a
548 3606 676 3667 Deo
702 3607 839 3669 sciri
863 3617 1057 3685 negat,
1087 3608 1245 3685 quod
1288 3608 1463 3667 etiam
1503 3627 1539 3664 a
1565 3605 1858 3665 nonnullis
1887 3605 2160 3663 tribuitur
2183 3604 2386 3661 Hiero.
2419 3601 2506 3680 (in
2535 3602 2730 3662 Haba.

333 3685 373 3744 i.
403 3688 455 3744 1.
463 3685 555 3766 )q
554 3707 695 3747 uum
722 3687 1033 3746 absurdum
1060 3707 1189 3748 esse
1215 3694 1397 3765 putat,
1416 3695 1478 3746 et
1502 3686 1796 3762 indiqnum
1813 3685 2116 3760 Majestate
2135 3683 2343 3756 divina,
2367 3684 2452 3740 ad
2473 3683 2576 3740 hoc
2601 3701 2728 3741 eam

330 3766 624 3842 deducere,
654 3777 719 3826 ut
740 3767 883 3826 sciat
915 3777 1049 3844 quot
1084 3766 1369 3826 momentis
1404 3766 1637 3842 cinyra-lus
1674 3772 1984 3823 nascantur
2009 3763 2222 3837 culices,
2251 3770 2451 3838 quotve
2476 3761 2726 3821 morian·

332 3852 444 3921 tur,
477 3865 603 3922 quae
630 3847 885 3906 cimicum
909 3856 965 3905 et
976 3847 1232 3940 pulicum
1257 3847 1331 3905 sit
1366 3846 1427 3906 in
1452 3853 1612 3903 terra
1637 3845 1949 3918 multitudo,
1981 3841 2090 3902 Sec.
2118 3863 2248 3919 quae
2277 3861 2415 3902 sane
2443 3841 2730 3902 sententia

327 3924 503 3984 valde
529 3926 722 3986 foret
703 3945 766 3984 m
793 3925 1027 4018 Deum
1011 3925 1240 4003 mjuria,
1284 3925 1337 3985 si
1373 3925 1613 4004 praecise
1640 3930 1978 4001 urgeretur;
2019 3923 2126 3983 sed
2118 3863 2330 3982 qverba
2367 3922 2472 3980 illa
2498 3922 2732 3982 duriora

328 4014 573 4098 possunt
614 4005 875 4081 emolliri,
908 4004 959 4064 si
998 4014 1325 4082 comparate
1364 4005 1784 4082 intelliguntur,
1813 4011 1882 4064 ut
1905 4023 2024 4064 non
2062 4003 2224 4062 aliud
2254 4002 2516 4062 intendat
2552 4013 2730 4080 quam

329 4083 445 4143 ista
472 4086 709 4164 speciali
748 4105 901 4144 curae
927 4104 1103 4162 quam
1142 4085 1440 4144 hominum
1477 4085 1629 4163 gerit
1655 4083 1991 4160 subducere,
2021 4091 2087 4144 ut
2125 4082 2496 4162 privilegium
2521 4083 2728 4142 horum

329 4184 451 4242 prae
487 4165 605 4224 illis
648 4164 869 4242 doceat,
912 4163 1073 4243 quod
1110 4164 1395 4225 videtur'
1378 4185 1618 4225 innuere
1667 4164 1806 4225 dum
1846 4164 2024 4240 addit,
2053 4167 2179 4224 Nec
2219 4165 2390 4224 simus
2431 4171 2547 4222 tam
2569 4163 2735 4238 fatui

330 4247 658 4306 adulatores
696 4245 829 4322 Dei,
880 4254 946 4304 ut
986 4247 1122 4304 dum
1153 4246 1465 4322 potentiam
1506 4245 1626 4305 Dei
1662 4247 1748 4305 ad
1785 4245 1903 4304 ima
1942 4245 2302 4319 detrahimus,
2351 4243 2412 4302 in
2449 4263 2550 4302 nos
2582 4244 2732 4319 ipsos

330 4325 592 4400 injuriosi
632 4325 819 4402 simin,
866 4328 1103 4386 eandem
1148 4325 1567 4386 rationabilium
1601 4345 1774 4403 quam
1812 4325 2284 4384 irrationabilium
2312 4323 2734 4400 providentiam

332 4423 448 4464 esse
474 4407 745 4466 docentes.

412 4485 491 4544 V.
538 4486 835 4580 Scriptura
864 4503 1005 4545 sane
1046 4485 1129 4546 ita
1152 4484 1311 4545 clara
1348 4491 1441 4544 est
1464 4485 1632 4544 hnc
1613 4505 1678 4543 ιιι
1703 4492 1882 4564 parte,
1911 4493 1980 4544 ut
2019 4503 2248 4544 omnem
2287 4480 2590 4542 dubitandi
2631 4501 2730 4540 an-

334 4581 459 4623 sam
492 4566 662 4626 nobis
700 4565 955 4626 eximat.
998 4564 1229 4644 Ecquid
1267 4565 1423 4624 enim
1464 4563 1730 4626 Christus
1769 4563 1990 4624 diceret
2025 4565 2268 4642 capillos
2307 4563 2513 4640 capitis
2551 4559 2734 4620 nostri

334 4661 461 4703 esse
488 4655 835 4722 numeratos,
866 4652 925 4705 et
951 4665 1024 4704 ne
1052 4665 1231 4705 unum
1263 4644 1659 4721 passerculum
1687 4643 1889 4704 cedere
1933 4643 1992 4702 in
2019 4651 2232 4704 terram
2273 4643 2398 4701 sine
2438 4641 2736 4701 voluntate
