3300 5225
471 352 590 411 202
1444 372 1627 415 Locus
1657 372 1926 415 rannus.
2517 348 2752 432 [Qum-r
2777 370 2882 413 xv.

463 509 755 587 vaticinia,
808 518 871 572 et
912 512 1289 573 narrationes.
1398 517 1455 573 2.
1499 513 1772 591 Operatio
1815 533 1932 573 non
1977 520 2066 573 est
2113 512 2345 590 signum
2392 510 2728 587 voluntatis,
2777 511 2883 573 sed

466 590 739 653 effectum
767 592 893 670 ejus
921 592 1079 671 quod
1104 594 1181 652 ad
1210 593 1571 655 voluntatem
1598 594 1946 671 beneplaciti
1971 594 2238 672 pertinet.
2319 594 2380 652 3.
2423 582 2736 651 strmissio
2763 612 2882 653 non

466 670 623 731 cadit
666 672 775 731 sub
820 674 1067 750 signum,
1100 673 1207 733 sed
1250 674 1359 735 sub
1385 675 1831 752 beneplacitum.
1913 678 1972 735 4.
2015 672 2336 735 Consilium
2381 671 2481 731 vel
2522 672 2767 733 refertur
2805 671 2882 733 ad

466 752 911 831 beneplacitum,
944 754 1041 812 vel
1066 754 1383 828 includitur
1408 756 1471 813 in
1496 764 1804 833 praecepte.

548 832 695 891 XV.
740 833 955 893 Melius
984 853 1124 911 ergo
1178 837 1445 894 Voluntas
1472 835 1829 911 Beneplaciti
1853 834 2019 892 nobis
2046 832 2259 893 dicitur
2285 852 2355 891 ea
2381 851 2510 910 quae
2539 831 2678 891 alibi
2704 851 2880 891 voca·

465 920 562 973 tur
608 914 945 989 Decernens,
970 932 1101 992 quae
1128 914 1273 973 nihil
1305 914 1465 975 aliud
1492 922 1581 973 est
1602 934 1777 991 quam
1797 915 2092 973 decretum
2106 912 2454 990 beneplaciti
2481 912 2596 971 Dei
2613 910 2688 971 de
2707 911 2884 977 rebus

466 1001 635 1052 extra
678 1012 741 1053 se
778 993 1025 1071 futuris3
1082 995 1351 1056 Voluntas
1394 1014 1533 1054 vero
1560 995 1738 1071 Siyni,
1785 1013 1856 1053 ea
1897 1012 2028 1070 quae
2056 993 2268 1053 dicitur
2294 992 2632 1068 proecipiem
2671 999 2732 1050 et
2773 1012 2880 1069 ap-

456 1075 729 1149 probam,
761 1093 891 1150 quse
930 1073 1151 1133 homini
1191 1073 1441 1133 officium
1480 1093 1650 1133 suum
1691 1074 2029 1151 praescribit,
2077 1082 2138 1133 et
2179 1072 2322 1150 quid
2349 1081 2578 1150 gratum
2623 1071 2752 1131 Deo
2799 1072 2878 1133 sit

466 1154 727 1229 exponit.
1637 1202 1650 1210 .
1675 1174 1718 1232 χ

552 1232 733 1291 XVI.
779 1232 1009 1293 Dicitur
1067 1236 1335 1293 Voluntas
1380 1233 1558 1311 Siqni,
1610 1254 1729 1293 non
1777 1232 1938 1311 quod
1984 1232 2272 1310 significet
2297 1231 2442 1309 quid
2484 1230 2660 1291 Deus
2691 1229 2880 1291 facere

465 1312 624 1371 circa
650 1312 941 1371 hominem
968 1312 1066 1371 vel
1094 1314 1166 1374 de
1194 1314 1427 1373 homine
1454 1314 1632 1391 velit;
1676 1315 1789 1373 hoc
1829 1314 1984 1371 enim
2013 1332 2186 1373 sensu
2213 1332 2332 1371 non
2357 1310 2878 1389 contradistingue·

465 1399 626 1451 retur
652 1392 941 1453 voluntati
966 1392 1345 1471 beneplaciti3
1390 1394 1497 1455 sed
1542 1393 1682 1471 quia
1725 1392 2016 1470 significat
2042 1391 2185 1470 quid
2211 1391 2374 1451 Deus
2401 1391 2546 1451 velit
2570 1392 2880 1469 praecipere

464 1472 702 1549 homini,
746 1481 813 1531 ut
842 1472 953 1531 sibi
980 1482 1227 1551 gratum,
1260 1484 1318 1534 et
1340 1476 1565 1553 justum
1604 1474 1789 1551 ipsius
1831 1473 2081 1533 officium
2105 1495 2120 1533 :
2164 1473 2258 1532 Ita
2283 1472 2554 1531 voluntas
2581 1472 2694 1531 ista
2732 1471 2882 1531 bene

464 1552 679 1611 dicitur
721 1552 925 1613 cadere
974 1554 1083 1612 sub
1126 1553 1419 1613 decretum
1458 1563 1517 1614 et
1543 1554 1984 1631 beneplacitum,
2029 1552 2224 1630 quoad
2239 1561 2588 1629 praecepwm
2613 1552 2717 1627 rei,
2761 1570 2881 1609 non

464 1631 661 1710 quoad
686 1653 807 1692 rem
826 1634 1115 1709 proeceptz',
1142 1636 1283 1712 quia
1308 1635 1455 1693 nihil
1482 1634 1645 1695 Deus
1672 1634 1936 1712 praecipit
1959 1634 2022 1691 in
2049 1642 2324 1711 tempore,
2365 1631 2528 1710 quod
2568 1631 2880 1711 proecipere

466 1732 584 1771 non
612 1713 933 1772 decreverit
959 1714 1034 1773 ab
1062 1722 1295 1775 seternO.

550 1792 767 1852 XVII.
798 1793 1044 1869 Quando
1082 1794 1351 1855 Voluntas
1376 1794 1732 1871 Beneplaciti
1755 1792 2332 1870 contradistinguitur
2368 1791 2656 1851 Voluntati
2677 1790 2842 1868 Simas
2853 1813 2880 1864 ,-

466 1874 823 1948 Beneplaciti
858 1893 979 1932 vox
1006 1892 1123 1933 non
1152 1876 1397 1935 sumitur
1422 1875 1557 1951 late,
1608 1883 1782 1953 prout
1827 1874 2148 1951 simplicem
2175 1871 2652 1950 complacentiam
2677 1878 2740 1930 et
2778 1890 2879 1948 ap-

466 1952 863 2031 probationem
893 1954 977 2012 rei
1018 1962 1197 2032 notat,
1229 1956 1327 2015 vel
1370 1954 1667 2014 decretum
1713 1954 1840 2031 ejus
1888 1952 2325 2031 praeceptionis3
2370 1952 2481 2011 hoc
2521 1951 2678 2011 enim
2707 1968 2884 2011 sensu

468 2033 740 2093 voluntas
770 2033 923 2110 signi
948 2042 1141 2112 potest
1186 2035 1361 2095 etiam
1389 2034 1506 2094 dici
1552 2035 1824 2094 voluntas
1866 2032 2229 2111 beneplaciti,
2275 2032 2414 2109 quia
2439 2039 2704 2091 versatur
2731 2032 2886 2097 circa

470 2132 563 2171 res
592 2132 736 2189 quas
767 2114 929 2173 Deus
956 2115 1252 2192 approbat,
1284 2124 1342 2175 et
1370 2134 1514 2194 quas
1542 2114 1802 2173 decernit
1826 2114 2136 2192 praecipere
2163 2121 2473 2188 creaturoe3
2505 2112 2609 2171 sed
2637 2112 2886 2171 sumitur

468 2194 659 2251 stricte
687 2202 857 2271 prout
884 2202 1048 2254 notat
1090 2195 1366 2272 placitum
1411 2195 1536 2255 sive
1567 2196 1880 2253 Decretum
1911 2194 2024 2252 Dei
2067 2192 2140 2251 de
2182 2193 2266 2251 rei
2293 2191 2540 2271 alicujus
2575 2190 2879 2252 effectione

474 2270 575 2331 vel
600 2273 995 2351 permissione,
1028 2275 1317 2351 quomodo
1349 2276 1597 2335 Decreta
1614 2274 1813 2334 -Curiae
1839 2282 2124 2333 vocantur
2151 2272 2392 2332 Placita.

552 2352 803 2413 XVIII.
848 2354 982 2413 Non
1021 2363 1215 2431 potest
1250 2355 1377 2415 dari
1418 2354 1792 2415 contrarietas
1831 2354 1984 2414 inter
2020 2353 2166 2413 istas
2193 2352 2338 2411 duas
2365 2353 2712 2428 voluntates,
2743 2350 2884 2428 quia

467 2452 585 2491 non
614 2431 769 2492 idem
796 2434 1003 2493 volunt
1028 2442 1087 2493 et
1113 2436 1319 2494 nolunt
1346 2434 1548 2495 eodem
1576 2434 1750 2494 modo
1777 2442 1837 2493 et
1863 2441 2162 2511 respectu:
2205 2432 2496 2492 Voluntas
2534 2429 2883 2509 beneplaciti

466 2522 561 2571 est
586 2515 841 2571 voluntas
880 2523 1101 2574 eventus
1137 2523 1197 2574 et
1233 2514 1627 2575 executionis:
1670 2514 1960 2573 Voluntas
2001 2512 2156 2589 signi
2195 2520 2286 2572 est
2323 2514 2579 2572 voluntas
2617 2510 2787 2585 ‹ffidi
2821 2519 2884 2571 et

466 2591 845 2670 obligationis
887 2594 964 2653 ad
1010 2594 1176 2654 illud.
1262 2595 1361 2655 Sic
1406 2594 1568 2655 Deus
1610 2594 1799 2654 voluit
1845 2592 2295 2654 immolationem
2346 2591 2534 2652 Isaaci
2581 2591 2882 2652 voluntate

468 2672 627 2748 signi
665 2673 859 2751 quoad
900 2675 1359 2752 praeceptionem,
1404 2675 1483 2733 id.
1510 2684 1577 2734 ut
1617 2674 1778 2734 illam
1806 2675 2142 2734 Abrahamo
2183 2673 2521 2752 praeciperet
2559 2672 2636 2730 ad
2674 2672 2882 2750 proba-

468 2752 687 2812 tionem
726 2753 855 2829 ejus
896 2753 1274 2814 obedientiaez
1320 2753 1439 2814 Sed
1480 2755 1666 2814 noluit
1693 2752 1936 2814 eandem
1961 2753 2261 2812 voluntate
2301 2752 2648 2831 beneplaciti
2688 2750 2884 2829 quoad

467 2840 747 2892 eventum
790 2832 997 2910 ipsum,
1042 2834 1179 2912 quia
1218 2832 1554 2895 decreverat
1596 2834 1814 2894 caedem
1858 2835 2028 2894 istam
2072 2833 2395 2911 prohibere.
2481 2832 2645 2892 Licet
2687 2839 2882 2892 autem

466 2911 589 2970 duo
616 2912 715 2971 isti
742 2921 906 2972 actus
934 2913 1251 2974 voluntatis
1280 2912 1493 2974 divinae
1520 2913 1738 2974 diversi
1765 2914 1898 2989 sint,
1930 2913 2086 2972 Volo
2113 2913 2422 2990 praecipere
2449 2911 2786 2972 Abrahamo
2813 2919 2880 2972 ut

472 2991 736 3050 immolet
774 2991 974 3068 filium,
1006 3002 1081 3068 et,
1115 2994 1266 3052 Nolo
1292 2993 1475 3054 filium
1504 2993 1681 3054 istum
1708 2993 2010 3068 immolari,
2041 3013 2158 3051 non
2187 3001 2322 3052 sunt
2351 3001 2545 3052 tamen
2572 2991 2876 3068 contrarii3

470 3079 779 3148 utrumque
806 3073 960 3130 enim
988 3093 1191 3132 verum
1218 3072 1342 3148 fuit,
1374 3082 1433 3134 et
1462 3075 1652 3133 Deum
1679 3072 2004 3132 decrevisse
2033 3073 2144 3132 hoc
2183 3071 2492 3150 praecipere
2519 3071 2876 3146 Abrahamo,

470 3159 533 3210 et
561 3149 887 3210 decrevisse
914 3152 1126 3230 pariter
1147 3154 1275 3231 ejus
1296 3153 1657 3213 effectionem
1682 3152 1961 3230 impedire
1981 3175 1996 3228 ;
2041 3153 2124 3212 sic
2146 3153 2308 3211 Deus
2331 3153 2454 3211 sine
2475 3151 2880 3210 contrarietate

470 3230 661 3290 voluit
687 3229 893 3307 offerri,
926 3241 984 3291 et
1010 3253 1127 3290 non
1156 3232 1345 3292 offerri
1376 3234 1675 3310 Isaacum3
1719 3233 1906 3293 voluit
1934 3233 2127 3308 quoad
2159 3241 2522 3308 proeceptum,
2553 3230 2660 3291 sed
2693 3231 2882 3290 noluit

468 3309 665 3386 quoad
690 3313 941 3386 effectum
958 3336 982 3384 ,·
1022 3313 1172 3372 Tota
1191 3313 1460 3372 voluntas
1490 3313 1603 3372 Dei
1630 3313 1784 3373 circa
1808 3312 1920 3372 hoc
1947 3311 2162 3372 factum
2190 3331 2306 3371 non
2333 3311 2459 3387 fuit,
2483 3312 2581 3370 vel
2605 3311 2881 3370 mandare

470 3397 699 3450 tantum
726 3390 1062 3451 Abrahamo
1102 3393 1275 3452 istam
1316 3393 1682 3469 oblationem,
1713 3392 1812 3452 vel
1853 3411 1982 3451 eam
2021 3392 2333 3469 impedir03
2379 3390 2482 3450 sed
2521 3390 2696 3450 debet
2723 3409 2878 3451 com·

468 3470 647 3548 plecti
675 3468 821 3530 duos
848 3479 1011 3531 actus
1038 3472 1182 3532 istos
1202 3473 1481 3548 diversos,
1509 3492 1755 3550 quorum
1785 3471 1940 3550 prior
1961 3480 2050 3532 est
2071 3471 2464 3547 affirmativus,
2495 3471 2594 3548 qui
2616 3479 2882 3530 versatur

470 3550 625 3610 circa
662 3552 1105 3629 praeceptionem
1132 3553 1231 3630 rei,
1272 3554 1555 3630 posterior
1581 3573 1722 3611 vero
1749 3553 2074 3629 negativus,
2105 3553 2208 3628 qui
2235 3560 2456 3628 spectat
2483 3553 2610 3628 ejus
2637 3550 2878 3628 impedi-

470 3630 722 3692 tionem:
767 3630 823 3689 N
824 3651 891 3690 ec
932 3632 1191 3709 sequitur
1230 3631 1441 3692 exinde
1483 3632 1775 3691 hominem
1813 3631 2008 3709 juberi
2045 3631 2276 3692 credere
2319 3630 2476 3708 quod
2515 3631 2726 3690 falsum
2753 3637 2879 3707 est;

469 3710 608 3787 quia
645 3710 794 3769 illud
834 3710 1066 3770 demum
1100 3712 1375 3788 jubemur
1402 3711 1633 3771 credere
1661 3710 1818 3790 quod
1846 3712 2151 3788 revelatur,
2195 3720 2368 3789 prout
2392 3711 2717 3770 revelatur:
2752 3711 2878 3788 jam

470 3809 609 3926 νίἷο
634 3799 882 3927 ενθιιειᾶε
904 3811 1032 3929 limd
1052 3791 1338 3870 ejusmodi
1376 3792 1650 3852 mandata
1677 3811 1794 3851 non
1821 3791 2128 3868 revelatur,
2160 3791 2263 3851 sed
2289 3799 2515 3852 tantum
2541 3790 2793 3852 officium
2819 3798 2881 3850 et

474 3889 509 3926 o
576 3869 753 3945 igatio
780 3890 817 3927 a
884 3870 903 3926 i
950 3891 991 3930 u
1034 3913 1049 3928 .

554 3947 744 4006 XIX.
791 3949 955 4008 Licet
1000 3951 1161 4009 Deus
1204 3950 1430 4011 dicatur
1472 3951 1625 4010 velle
1674 3951 1930 4011 omnium
1975 3950 2222 4010 salutem
2260 3949 2562 4012 voluntate
2603 3947 2774 4028 signi,
2815 3956 2880 4008 et

469 4025 625 4084 nolle
671 4027 967 4086 voluntate
1014 4028 1377 4106 beneplaciti,
1423 4030 1585 4088 nulla
1632 4039 1828 4090 tamen
1873 4041 1962 4090 est
2009 4051 2240 4108 pugna:
2300 4030 2466 4106 Quia,
2496 4039 2878 4107 praeterquam

469 4105 628 4182 quod
668 4107 982 4182 propositio
1008 4109 1369 4182 universalis,
1400 4128 1517 4167 non
1542 4118 1662 4168 tam
1693 4110 1766 4170 de
1793 4111 2039 4187 singulis
2079 4129 2358 4187 generum
2389 4130 2564 4187 quam
2591 4109 2664 4168 de
2703 4129 2877 4186 gene·

468 4184 631 4242 ribus
659 4184 1019 4261 singulorum
1056 4193 1145 4246 est
1184 4187 1579 4264 intellig-enda,
1624 4190 1779 4266 prior
1805 4191 2077 4251 voluntas
2103 4191 2338 4269 respicit
2379 4209 2596 4249 meram
2637 4190 2750 4249 Dei
2775 4209 2876 4266 ap-

467 4263 867 4400 probationem
912 4273 971 4324 et
1014 4267 1453 4343 praeceptionem
1494 4267 1700 4345 officii;
1751 4271 2033 4346 posterior
2070 4290 2210 4329 vero
2252 4277 2517 4330 versatur
2556 4269 2710 4330 circa
2747 4269 2879 4347 ejus

495 4343 863 4402 uturitionem
904 4353 963 4404 et
1005 4344 1428 4422 impletionem:
1478 4347 1634 4424 prior
1673 4357 1836 4408 notat
1877 4349 2018 4426 quid
2060 4351 2188 4410 Deo
2228 4358 2457 4427 gratum
2499 4349 2592 4426 sit,
2636 4356 2696 4409 et
2733 4347 2878 4426 quid

466 4423 829 4483 constituerit
855 4423 1163 4502 praecipere
1190 4426 1409 4484 homini
1436 4427 1513 4485 ad
1539 4427 1784 4487 salutem
1813 4428 2216 4506 obtinendam3
2258 4429 2543 4506 posterior
2569 4449 2708 4488 vero
2736 4427 2880 4507 quid

464 4503 589 4580 ipse
614 4503 773 4562 Deus
795 4501 1115 4563 decreverit
1142 4503 1345 4564 facere.
1419 4507 1549 4567 Non
1576 4516 1839 4584 pugnant
1865 4517 2058 4568 autem
2079 4509 2192 4568 ista
2211 4509 2361 4585 du03
2391 4509 2544 4568 velle
2565 4529 2774 4568 vocare
2803 4507 2880 4567 ad

462 4581 639 4641 fidem
656 4591 715 4642 et
733 4583 994 4660 salutem,
1016 4592 1075 4644 et
1095 4585 1248 4643 nolle
1266 4593 1459 4645 tamen
1480 4586 1654 4645 fidem
1671 4587 1854 4664 ipsam
1873 4589 1969 4646 vel
1992 4589 2234 4649 salutem
2253 4588 2419 4663 dare3
2441 4589 2595 4648 velle
2615 4588 2696 4649 id.
2715 4607 2875 4648 man·

462 4661 600 4722 dare
627 4663 847 4722 homini
876 4673 941 4722 ut
969 4663 1182 4739 credat,
1214 4673 1273 4725 et
1299 4665 1454 4724 nolle
1484 4666 1561 4725 id.
1592 4667 1898 4726 decernere
1929 4667 2038 4746 ipsi
2067 4689 2183 4726 non
2211 4668 2349 4728 dare
2377 4668 2550 4728 fidem
2571 4677 2638 4728 ut
2657 4667 2874 4728 credat.
