3300 5225
600 315 721 381 454
1580 326 1768 373 Locus
1795 326 2037 370 sex-rus.
2665 306 2962 389 [QUAEST.
3007 328 3085 371 v·

607 486 807 559 gerat:v
850 481 1051 537 contra
1076 473 1178 533 mn
1205 472 1331 551 egit
1354 470 1607 532 mediate
1632 470 1970 531 mediatione
1991 469 2280 547 suppositi,
2303 467 2455 528 inter
2475 486 2649 546 quun
2669 477 2732 528 et
2752 466 3084 529 effectum

610 558 771 619 aliud
798 556 954 617 cadit
981 555 1358 633 suppositum,
1388 560 1457 613 ut
1494 553 1647 612 inter
1686 551 1914 610 fabrum
1949 558 2011 610 et
2047 558 2316 627 statuam,
2359 549 2594 609 seem-is.
2679 549 2888 609 Causa
2921 552 3080 629 agit

608 637 940 699 immediate
967 635 1375 695 hnmediatione
1409 632 1647 708 viv-tutte,
1687 650 1820 709 quse
1861 630 1986 709 agit
2023 649 2130 709 per
2153 631 2428 691 virtutem
2469 629 2582 689 sibi
2619 629 2959 708 propriam,
2999 640 3076 691 et

608 738 729 778 non
756 716 989 777 aliunde
1017 723 1346 793 acceptem3
1389 721 1457 773 ut
1481 712 1637 791 ignis
1665 712 1856 771 calore
1884 728 1990 771 suo
2018 710 2320 771 calefacitz
2361 709 2610 769 mediate
2634 727 2782 769 vero
2809 712 3071 769 media-

610 801 759 859 tione
782 798 1017 873 virtutes,
1048 814 1181 873 quse
1214 812 1318 873 per
1342 792 1619 852 virtutem
1646 810 1765 851 non
1793 810 1974 867 suam,
2003 808 2114 850 nec
2142 791 2253 850 sibi
2292 790 2598 869 propriam,
2639 790 2746 849 sed
2789 790 3070 851 aliunde

610 886 909 957 acceptam
930 884 989 937 ct
1009 874 1431 935 commodatam
1452 879 1750 951 operatur3
1773 880 1840 932 ut
1857 887 2035 949 quum
2048 871 2216 930 Luna
2233 872 2452 930 lumine
2473 889 2510 929 a
2533 870 2668 929 Sole
2687 871 3066 931 mutuatitio

610 966 825 1019 terram
865 956 1172 1031 illuminat,
1203 950 1418 1013 dicitur
1456 953 1782 1013 illuminare
1821 952 2072 1011 mediate
2110 951 2458 1011 mediatione
2485 950 2736 1025 virtutis,
2781 951 2868 1011 id.
2921 972 3062 1011 me-

612 1039 809 1099 diante
835 1039 1051 1097 virtute
1096 1034 1267 1095 Solis.
1349 1036 1509 1093 Deus
1536 1048 1676 1092 vero
1705 1050 1837 1092 cum
1865 1032 2056 1092 causis
2081 1031 2353 1091 secundis
2379 1031 2668 1090 concurrit
2693 1030 3064 1091 immediate

608 1119 1037 1193 immediatione,
1067 1122 1192 1175 tum
1218 1111 1453 1190 virmtie,
1483 1114 1623 1192 quia
1661 1112 1784 1190 agit
1823 1112 2056 1189 propria
2080 1112 2314 1187 virtute,
2355 1130 2474 1170 non
2509 1110 2743 1170 aliunde
2773 1130 3057 1171 eommo-

609 1192 766 1274 data,
796 1206 921 1259 tum
946 1195 1233 1275 suppositi,
1266 1194 1403 1272 quia
1442 1212 1546 1272 per
1572 1212 1738 1253 suam
1766 1193 2076 1253 essentiam
2103 1210 2224 1251 rem
2252 1192 2506 1269 attingit.
2589 1192 2731 1266 Nec,
2762 1191 2818 1251 si
2843 1192 3058 1252 utitur

614 1279 805 1338 causis
834 1278 1119 1352 secundis,
1150 1283 1217 1335 ut
1242 1275 1467 1349 mediis,
1493 1274 1755 1351 sequitur
1775 1292 1907 1332 eum
1933 1270 2264 1331 immediate
2292 1273 2468 1331 etiam
2493 1288 2613 1330 non
2637 1290 2852 1349 agere;
2895 1273 3056 1349 qnia

610 1359 795 1419 utitur
818 1358 892 1418 iis
920 1378 1037 1417 non
1064 1355 1285 1415 ratione
1306 1355 1551 1414 actionis
1572 1361 1864 1430 creaturae,
1895 1352 2194 1431 ipsiusque
2213 1351 2358 1411 adeo
2379 1351 2636 1427 effectus,
2664 1352 2840 1429 quasi
2863 1351 3052 1412 illum

608 1454 729 1499 non
756 1439 1006 1515 attingat
1030 1435 1381 1509 immediate,
1411 1434 1515 1495 sed
1541 1442 1828 1512 quatenus
1857 1430 1968 1493 sibi
2001 1432 2359 1493 subaltemat
2385 1450 2590 1491 causas
2617 1431 2932 1509 secundas,
2983 1432 3048 1491 in

612 1536 759 1597 quas
782 1516 1095 1592 influendo,
1127 1516 1317 1593 ipsum
1345 1513 1613 1573 effectum
1640 1530 1872 1591 quoque
1899 1512 2228 1573 immediate
2257 1513 2509 1591 attingit.

612 1636 657 1685 a
698 1636 970 1684 concursu·
1009 1652 1097 1697 per
1220 1594 1330 1689 JV:
1372 1596 1431 1689 3.
1477 1594 1706 1653 Rursus
1742 1612 2056 1687 concursus,
2101 1592 2236 1652 talis
2273 1592 2500 1687 dicitur,
2530 1591 2630 1650 vel
2667 1610 2774 1669 per
2799 1594 3046 1651 modmn

672 1690 1097 1857 {susm
1126 1683 2154 1829 Μωᾶὲἑιηῗέηἰῐῗιξᾜὶςῖὶξ
2183 1673 2360 1828 ἓξὲξ
2383 1679 2660 1829 ῑῗῗξέ
2673 1690 2910 1811 „3:33
2937 1692 3043 1812 23:

706 1827 789 1857 ¹¹¹²
806 1816 1031 1859 ‘amm’
1138 1834 1317 1909 tiomb,
1342 1840 1625 1910 quatenus
1648 1834 1811 1891 Deus
1833 1840 1922 1891 est
1941 1832 2268 1909 proximum
2288 1831 2634 1910 principium
2653 1833 3040 1909 operationis,

611 1933 744 1993 quse
771 1934 807 1973 a
834 1913 1023 1973 causis
1065 1912 1334 1971 secundis
1376 1912 1582 1987 editur,
1625 1911 1709 1971 ita
1747 1919 1814 1971 ut
1855 1911 2056 1971 eadem
2092 1911 2195 1969 illa
2237 1910 2314 1970 sit
2354 1912 2610 1989 operatio
2637 1918 2700 1970 et
2724 1912 2882 1971 actio
2915 1912 3041 1972 Dei

610 1993 1019 2069 concurrentis,
1034 2010 1165 2069 quse
1191 1991 1509 2051 includitur
1538 1988 1601 2049 in
1626 1991 1756 2069 ipsa
1781 2000 2058 2051 creaturae
2086 1990 2329 2065 actione,
2359 1999 2636 2068 tanqum
2661 2008 2766 2068 per
2791 2010 2858 2051 se
2887 2012 3043 2071 quo-

608 2088 727 2151 que
770 2082 829 2134 et
870 2072 1201 2132 immediate
1247 2071 1493 2131 tendens
1537 2070 1613 2129 ad
1656 2071 1902 2131 eundem
1943 2071 2268 2147 terminum,
2313 2070 2388 2129 ad
2429 2090 2602 2147 quem
2641 2070 2832 2131 tendit
2875 2074 3040 2132 actio

609 2162 925 2231 creaturae3
975 2172 1107 2231 quae
1153 2152 1375 2211 ratione
1422 2151 1669 2228 termini,
1717 2151 1919 2210 eadem
1962 2158 2052 2211 est
2093 2167 2226 2211 cum
2278 2150 2407 2229 ipsa
2434 2150 2549 2210 Dei
2599 2153 3038 2229 cooperatione.

612 2232 747 2294 Non
774 2236 969 2313 agitur
994 2232 1091 2293 hio
1118 2228 1191 2291 de
1218 2232 1421 2309 primo,
1454 2232 1555 2290 sed
1584 2231 1658 2291 de
1687 2230 1960 2291 secundo.
2123 2311 2137 2326 .
2289 2310 2303 2325 ·
2345 2311 2359 2326 .
2666 2312 2680 2327 ο

609 2349 655 2396 4.
670 2346 1096 2455 &gagga-mgis:-
1136 2312 1739 2465 ἀειῖηηῗηαῗεθῗᾞιίιιῖε
1758 2310 2709 2468 εἰτηιιῑῖαᾞῗῗίνῖιῖοῗοξςταω.
2764 2318 3034 2452 {a

667 2476 804 2513 ΝΜ·
1134 2481 1225 2532 est
1250 2473 1401 2531 actio
1431 2472 1559 2547 Dei,
1591 2490 1709 2549 qua
1735 2472 1796 2530 in
1824 2489 2029 2531 causas
2055 2488 2368 2549 earumque
2393 2471 2676 2550 principia
2707 2470 3027 2549 influendo,

608 2559 903 2612 creaturas
931 2550 1163 2629 excitat,
1195 2562 1253 2612 et
1280 2552 1355 2612 ad
1383 2551 1673 2631 agendum
1699 2560 2032 2630 praemovet,
2057 2551 2212 2613 etad
2237 2552 2349 2612 hoc
2367 2552 2561 2630 potius
2581 2570 2756 2631 quam
2775 2552 2852 2612 ad
2876 2552 3030 2613 illud

610 2633 903 2710 egendum
930 2630 1199 2710 applicat.
1280 2633 1659 2693 &multam
1683 2649 1825 2692 vero
1865 2641 1958 2696 est
1995 2649 2100 2711 per
2137 2649 2310 2710 quem
2339 2633 2502 2692 Deus
2541 2633 2830 2692 actionem
2861 2653 3024 2694 ‹zi-ea·

610 2720 773 2788 turae,
819 2713 1013 2791 quoad
1080 2733 1243 2773 suam
1290 2714 1589 2773 entitatem
1636 2713 1737 2772 vel
1780 2712 2162 2773 substantiam
2206 2712 2508 2790 producit;
2565 2732 2681 2790 quo
2727 2733 2845 2773 unu
2889 2734 3026 2772 cum

610 2793 888 2853 creaturis
914 2793 975 2850 in
1004 2811 1200 2852 earum
1227 2793 1483 2852 actiones
1510 2800 1570 2851 et
1596 2791 1837 2854 effectus
1875 2792 2117 2852 influere
2157 2793 2407 2871 ponitur,
2449 2811 2568 2850 non
2595 2813 2734 2852 vero
2775 2793 2836 2850 in
2863 2813 3022 2852 cree-

610 2880 771 2932 turas
813 2873 987 2950 ipsas.
1074 2873 1239 2932 Licet
1265 2892 1404 2930 vero
1448 2891 1566 2929 non
1604 2869 1875 2930 differant
1913 2870 2160 2948 realiter,
2205 2871 2309 2931 sed
2347 2880 2574 2932 tantum
2613 2873 2852 2950 ratione,
2883 2873 3022 2950 quia

612 2971 925 3010 concursus
947 2951 1326 3011 simultaneus
1354 2949 1501 3009 nihil
1527 2950 1689 3009 aliud
1717 2959 1806 3010 est
1827 2971 2001 3028 quam
2022 2971 2335 3011 concursus
2360 2952 2612 3030 praevius
2634 2952 3014 3028 continuatus,

611 3031 713 3107 qui
741 3049 856 3087 non
884 3038 1111 3089 tantum
1138 3030 1329 3091 influit
1362 3030 1425 3088 in
1453 3045 1658 3089 causas
1685 3030 1858 3108 ipsas,
1888 3032 2041 3091 utin
2067 3032 2178 3090 mats
2207 3039 2488 3110 operetur,
2521 3032 2624 3092 sed
2663 3032 2726 3090 in
2753 3031 3014 3092 effectum

610 3109 817 3190 ipsum,
848 3117 916 3167 ut
940 3129 1065 3168 cum
1092 3109 1202 3168 ἰῑῑίε
1229 3117 1402 3187 agat3
1444 3119 1691 3187 possunt
1717 3118 1910 3170 tamen
1939 3111 2209 3172 distincte
2236 3111 2605 3171 considerari.

692 3186 803 3248 VI.
848 3188 1018 3262 Quod
1044 3205 1185 3249 vero
1224 3206 1328 3268 per
1354 3190 1711 3248 Concursum
1751 3191 2050 3269 praevium,
2081 3191 2184 3269 qui
2209 3191 2418 3250 melius
2443 3194 2776 3251 Romarm
2801 3190 3011 3252 dicere-

610 3275 721 3343 tur,
768 3268 1146 3346 intelligitur-3
1198 3269 1275 3328 Id
1320 3270 1509 3348 ipsum
1550 3270 1726 3329 etiam
1767 3270 2002 3331 nomine
2040 3272 2667 3347 stadetamtimtiom's,
2711 3291 2814 3331 seu
2853 3274 3014 3331 Proe-

610 3349 865 3407 motionis
906 3348 1053 3408 solet
1091 3348 1401 3428 designari,
1441 3370 1557 3427 qua
1585 3350 1748 3410 Deus
1790 3352 1903 3410 ciet
1943 3360 2002 3410 et
2042 3351 2294 3430 applicat
2329 3369 2562 3411 causam
2603 3352 2912 3411 secundam
2939 3353 3015 3412 ad

608 3428 917 3507 egendum,
968 3427 1229 3508 adeoque
1275 3427 1682 3490 antecedenter
1729 3429 1806 3489 ad
1859 3449 2088 3490 omnem
2135 3429 2526 3510 operationem
2570 3441 2863 3508 ereaturae,
2913 3451 3012 3492 seu

606 3510 769 3588 prius
794 3517 1001 3569 natura
1037 3517 1097 3570 et
1136 3511 1356 3571 ratione
1385 3525 1559 3589 quam
1596 3517 1860 3570 creatura
1887 3513 2170 3588 operetur,
2199 3529 2328 3570 eam
2353 3512 2586 3571 realiter
2611 3519 2671 3571 et
2717 3511 3018 3572 efficaciter

607 3597 806 3650 movet
846 3590 921 3648 ad
962 3590 1251 3668 agendum
1292 3591 1353 3648 in
1395 3589 1643 3668 singulis
1681 3589 2021 3666 actionibus,
2052 3591 2198 3650 adeo
2237 3595 2305 3650 ut
2345 3591 2472 3651 sine
2509 3593 2620 3650 hae
2646 3590 3014 3670 premotione

604 3687 783 3730 causa
810 3669 1063 3730 secunda
1090 3669 1313 3748 operari
1354 3685 1472 3728 non
1511 3670 1712 3748 possit,
1743 3687 1816 3729 ea
1839 3687 1978 3729 vero
2017 3669 2208 3748 posita
2247 3671 2603 3748 impossibile
2641 3671 2718 3731 sit
2755 3672 2817 3730 in
2845 3691 3014 3732 sensu

606 3751 927 3826 composito
956 3765 1187 3810 causam
1216 3750 1529 3810 secundem
1555 3767 1674 3809 non
1714 3747 1860 3810 illud
1902 3749 2056 3810 idem
2085 3769 2258 3828 agere
2285 3751 2362 3810 ad
2388 3751 2546 3828 quod
2572 3771 2608 3810 a
2634 3750 2820 3829 prima
2845 3767 3014 3810 causa

605 3837 1009 3906 praemovetur.
1093 3829 1350 3905 Quaestio
1376 3847 1517 3908 ergo
1544 3838 1814 3890 movetur
1839 3829 1912 3890 de
1941 3829 2238 3890 concursu
2260 3853 2278 3891 t
2335 3830 2436 3889 An
2465 3832 2540 3890 sit
2565 3839 2792 3891 tentum
2819 3831 3009 3891 simul-

604 3915 827 3984 taneus,
860 3908 961 3966 An
978 3923 1121 3968 vero
1142 3909 1315 3968 etiam
1341 3909 1623 3987 praevius3
1653 3905 1726 3968 de
1753 3927 1872 3987 qua
1888 3911 2066 3970 variae
2095 3919 2230 3970 sunt
2255 3911 2406 3969 inter
2427 3911 2764 3972 Pontificios
2789 3919 3007 3972 senten-

603 3987 719 4046 tiae.
805 3983 1052 4061 Quidem
1078 3989 1249 4065 enim,
1280 3997 1346 4048 ut
1371 3989 1621 4063 Jem’tm,
1650 3988 1754 4064 qui
1791 3989 2090 4049 scientiam
2117 3989 2366 4050 mediam
2393 3999 2643 4066 tuentur,
2675 4010 3008 4050 concursum

1128 4069 1352 4127 tentum
1390 4065 1796 4126 simultaneum
1833 4079 2176 4148 agnoscunt,
2215 4079 2278 4130 et
2315 4079 2533 4148 negant
2571 4070 2870 4148 praevium,
2911 4089 3007 4131 seu

662 4130 1015 4236 smggssssu‘
1131 4146 1831 4224 Proedeterminationem3
1861 4150 2270 4227 pertendentes
2293 4151 2484 4210 Deum
2503 4150 2744 4210 influere
2761 4150 3001 4228 quidem,

1132 4221 1235 4285 sed
1274 4243 1393 4285 non
1432 4226 1494 4284 in
1533 4243 1766 4286 causam
1803 4229 2132 4307 secundam,
2165 4230 2268 4290 sed
2309 4249 2441 4290 cum
2470 4250 2648 4291 causa
2675 4231 2923 4290 secunda
2947 4232 3003 4289 in

600 4303 733 4382 ejus
762 4300 1065 4364 actionem.
1127 4305 1254 4364 Alii
1280 4321 1437 4383 vere,
1468 4316 1534 4367 ut
1566 4308 1863 4368 Themista
1887 4316 1946 4369 et
1973 4309 2353 4386 Dominio-ani,
2385 4317 2543 4371 stant
2581 4330 2688 4390 pro
2717 4310 3000 4372 concursu

598 4383 834 4464 praevio,
880 4401 981 4443 seu
1011 4385 1632 4462 Praedeterminatione,
1676 4388 1778 4466 qui
1819 4389 1952 4449 inde
1981 4392 2549 4451 Praedeeerminantes
2589 4385 2873 4467 dicuntur,
2910 4390 3002 4469 qui

597 4471 835 4525 censent
885 4463 1549 4526 Proedeterminationem
1596 4468 1710 4528 Dei
1757 4487 1886 4529 esse
1932 4471 2316 4531 necessariam
2365 4472 2428 4530 in
2477 4473 2748 4532 omnibus
2789 4471 2998 4531 actibus

598 4545 1020 4624 creaturarum,
1052 4545 1177 4605 sive
1196 4548 1571 4624 naturalibus,
1602 4549 1729 4608 sive
1749 4549 1968 4610 liberis.
2039 4551 2135 4610 Ex
2159 4551 2388 4611 Nostris
2407 4552 2648 4630 quidam
2669 4569 2997 4612 concursum

595 4631 821 4687 tantum
860 4626 1140 4706 praevium
1167 4628 1377 4690 volunt
1414 4629 1607 4707 quoad
1646 4630 1804 4690 bona
1841 4647 2018 4710 opera
2057 4632 2277 4710 gratia,
2321 4632 2428 4692 sed
2466 4633 2529 4694 in
2570 4631 2704 4693 aliis
2743 4631 3000 4692 omnibus
