3300 5225
405 383 625 435 quater.
656 383 738 456 ιιι.
745 363 797 446 ]’
1003 435 1010 440 ὁ
1223 384 1301 424 m:
1329 381 1913 424 rmnss‘mmrross.
2690 367 2806 424 313

403 527 466 584 1ιι
507 546 576 585 eo
605 543 778 603 quem
815 524 1172 603 praevidebat
1213 525 1486 585 rebellem
1530 524 1670 600 fore,
1700 533 1761 583 et
1784 521 2169 583 indurandum
2202 521 2494 582 miraculis
2522 529 2581 582 et
2621 524 2813 602 plagis

405 607 532 683 ejus
575 625 652 664 ex
692 605 854 683 justo
876 623 980 664 suo
1001 604 1240 683 judicic,
1270 605 1568 664 materiam
1608 605 1882 683 potentiae
1911 622 2030 663 suae
2057 601 2404 662 exerendae
2386 621 2449 660 ιιι
2476 603 2605 681 ejus
2632 603 2811 663 exitio

283 681 286 684 ’
402 685 660 745 haberet.

491 764 814 823 XXVIII.
861 763 1026 823 Licet
1053 763 1374 842 Apostolus
1413 764 1686 842 loquatur
1721 762 1795 822 de
1836 770 2121 841 potestate
2149 770 2209 821 et
2243 761 2378 839 jure
2408 761 2521 820 Dei
2548 762 2813 822 absoluto

406 845 470 904 in
495 844 795 904 hominum
820 843 1344 936 praedestinatione,
1373 863 1479 936 P.⁰¹'
1507 843 1943 903 similitudinem
1969 841 2137 919 figuli
2163 861 2279 918 qua
2306 841 2503 918 utitur,
2530 841 2699 901 Rom.
2728 842 2811 901 ix.

409 928 506 1001 21,
539 929 635 1002 22,
665 943 783 983 ιιοιι
811 923 1071 1002 sequitur
1097 942 1224 982 eam
1251 923 1600 982 creationem
1627 931 1689 982 et
1718 922 1946 1000 lapsum
1985 921 2237 980 hominis
2276 921 2635 1001 praecedere3
2678 922 2817 1000 quia

409 1005 704 1064 liberrima
729 1003 832 1062 illa
857 1011 1115 1081 potestas
1143 1011 1202 1062 et
1237 1003 1340 1080 jus
1367 1002 1697 1062 absolutum
1727 1001 1883 1060 Dei
1868 1022 1927 1060 ιιι
1954 1000 2457 1079 proedestinatione
2485 1011 2815 1096 comparata

409 1083 707 1144 hominum
746 1083 1040 1160 lapsorum
1077 1082 1218 1142 satis
1259 1089 1436 1174 patet,
1480 1101 1612 1141 cum
1656 1080 1771 1140 ista
1810 1081 2109 1140 hominum
2148 1079 2419 1140 discretio
2447 1081 2521 1140 ab
2563 1081 2815 1142 invicem

411 1164 632 1224 nullam
659 1163 832 1222 aliam
859 1182 1092 1221 causam
1119 1163 1304 1254 possit
1328 1158 1541 1221 habere
1567 1169 1777 1238 practer
1804 1161 1991 1220 solum
2018 1161 2144 1238 ejus
2170 1159 2612 1237 beneplacitum.

492 1237 753 1302 XXIX.
797 1241 1076 1317 Quamvis
1120 1240 1333 1301 creatio
1377 1249 1438 1300 et
1478 1241 1679 1318 lapsus
1722 1240 1935 1300 cadant
1971 1239 2079 1298 sub
2120 1238 2415 1300 decretum
2460 1240 2588 1316 Dei,
2632 1249 2693 1300 et
2732 1241 2816 1299 sic

409 1321 816 1401 praedestinata
853 1321 1078 1399 possint
1104 1320 1237 1396 dici,
1267 1340 1412 1380 voce
1437 1319 1961 1398 praedestinationis
1986 1319 2104 1378 late
2132 1327 2361 1397 sumpta
2385 1339 2491 1396 pro
2518 1320 2673 1380 omni
2704 1321 2817 1379 Dei

411 1402 654 1461 consilio
697 1403 852 1460 circa
894 1408 1249 1461 creaturam:
1291 1400 1426 1460 Non
1467 1400 1661 1459 minus
1704 1408 1859 1459 recte
1903 1407 2097 1459 tamen
2139 1397 2579 1458 Praedestinatio
2620 1399 2816 1460 sti-lete

409 1481 567 1542 dicta
606 1501 642 1540 a
679 1480 850 1559 lapsu
888 1480 1226 1556 inchoatur3
1276 1479 1414 1556 quia
1453 1481 1564 1538 hoc
1609 1498 1784 1538 sensu
1826 1478 2121 1538 decretum
2164 1477 2471 1538 creationis
2516 1487 2577 1538 et
2618 1480 2817 1557 lapsus

407 1561 698 1638 pertinent
724 1561 799 1620 ad
828 1559 1278 1634 Providentiam,
1309 1579 1426 1618 non
1453 1557 1530 1618 ad
1559 1558 2150 1618 Praedesfinationem.

491 1640 716 1699 XXX.
761 1639 1068 1699 Calvinum
1100 1647 1391 1717 receptam
1431 1639 1494 1696 in
1521 1638 1803 1698 Ecclesiis
1830 1638 2045 1696 nostris
2072 1636 2415 1696 sententiam
2442 1637 2596 1696 circa
2622 1637 2815 1717 objec-

408 1727 534 1781 tum
557 1718 1090 1780 Praedestinationis
1109 1727 1374 1778 secutum
1394 1737 1540 1794 esse,
1562 1718 1763 1778 multis
1784 1738 1861 1776 ex
1880 1717 2025 1777 locis
2044 1716 2243 1793 colligi
2270 1725 2462 1795 potest
2482 1717 2815 1795 clarissime,

409 1799 768 1906 potissimum
793 1818 950 1874 vero,
981 1799 1083 1858 lib.
1111 1797 1186 1858 de
1213 1806 1410 1858 aetern.
1441 1797 1717 1857 Praedest.
1746 1818 1804 1876 p.
1834 1799 1971 1857 978.
2058 1797 2305 1872 “Quum
2332 1795 2405 1857 de
2434 1797 2817 1858 Praedestina·

413 1879 632 1955 tione,'’
663 1878 939 1956 inquit,“
957 1897 1146 1937 sermo
1184 1877 1446 1954 habetur,
1477 1876 1612 1936 inde
1639 1877 2059 1936 exordiendum
2085 1896 2213 1936 esse
2240 1885 2570 1938 constanter
2596 1898 2822 1972 semper

411 1957 584 2017 docui
623 1965 796 2034 atque
838 1957 1014 2016 hodie
1039 1957 1237 2033 doceo,
1276 1957 1410 2034 jure
1451 1957 1514 2014 in
1555 1964 1741 2016 morte
1781 1956 2031 2034 relinqui
2070 1975 2271 2015 omnes
2295 1957 2571 2034 reprobos
2612 1959 2715 2034 qui
2755 1959 2818 2016 in

413 2037 644 2096 Adamo
671 2036 884 2096 mortui
911 2044 1048 2095 sunt
1073 2045 1133 2095 et
1153 2036 1466 2095 damnati.''
1538 2036 1618 2094 Et
1643 2039 1907 2113 postea,‘
1911 2035 2339 2110 ‘Quaestionem
2366 2035 2515 2095 hanc
2543 2056 2659 2095 non
2684 2037 2830 2096 ideo'

410 2125 634 2176 tantum
661 2116 892 2193 parcius
918 2115 1203 2192 attingere
1230 2114 1519 2190 convenit,
1536 2114 1708 2208 quod
1734 2115 2001 2174 abstrusa
2027 2122 2133 2189 est,
2164 2115 2264 2172 et
2248 2135 2309 2172 ιιι
2345 2115 2625 2202 penitiore
2652 2135 2816 2176 sanc-

411 2195 584 2255 tuarii
614 2195 726 2272 Dei
753 2194 932 2272 adyto
951 2194 1282 2270 recondita3
1323 2194 1428 2253 sed
1453 2194 1591 2271 quia
1610 2194 1798 2254 otiosa
1823 2192 2127 2253 curiositas
2146 2193 2355 2252 alenda
2374 2213 2491 2253 non
2512 2203 2618 2270 est,
2649 2197 2817 2274 cujus

411 2275 516 2334 illa
541 2274 716 2333 nimis
741 2274 861 2333 alta
889 2273 1223 2352 speculatio,
1254 2275 1488 2333 alumna
1513 2281 1604 2332 est
1631 2273 1806 2333 simul
1845 2282 1904 2333 et
1942 2273 2159 2333 nutrix.
2242 2271 2453 2332 Altera
2477 2293 2629 2351 pars,
2659 2275 2818 2351 quod

411 2374 486 2414 ex
514 2354 785 2414 damnata
813 2353 965 2412 Adae
1011 2353 1225 2429 sobole,
1272 2354 1434 2412 Deus
1460 2371 1608 2430 quos
1632 2353 1828 2413 visum
1854 2359 1945 2412 est
1971 2351 2154 2430 eligit,
2183 2371 2331 2430 quos
2358 2353 2487 2412 vult
2526 2354 2813 2432 reprobat,

412 2435 563 2494 sicut
582 2433 658 2493 ad
681 2433 856 2492 fidem
877 2433 1259 2508 exercendam
1277 2433 1454 2511 longe
1475 2433 1663 2511 aptior
1681 2440 1787 2507 est,
1818 2432 1901 2492 ita
1920 2433 2135 2510 majore
2156 2451 2289 2491 cum
2308 2431 2501 2492 fructu
2519 2441 2813 2493 tractetur.

413 2515 484 2572 In
511 2514 622 2573 hac
649 2513 910 2573 doctrina
936 2533 1068 2590 quse
1106 2520 1327 2572 naturae
1367 2513 1634 2573 humanae
1676 2512 2097 2590 corruptionem
2138 2519 2199 2571 et
2237 2519 2463 2571 reatum
2501 2513 2563 2570 in
2588 2532 2653 2572 se
2680 2534 2814 2573 con-

409 2593 557 2654 tinet
595 2593 872 2653 libentius
911 2593 1134 2669 insiste,
1180 2593 1332 2653 sicut
1367 2612 1488 2653 non
1528 2592 1717 2652 solum
1753 2591 1828 2651 ad
1866 2591 2139 2669 pietatem
2180 2591 2368 2669 magis
2394 2592 2681 2670 conducit,
2712 2593 2817 2653 sed

410 2674 598 2751 magis
639 2674 812 2732 etiam
849 2672 1204 2750 Theologica
1243 2680 1349 2733 est.
1355 2674 1390 2701 ”
1475 2673 1570 2731 Ita
1598 2672 1793 2733 Instit.
1820 2671 1883 2731 li.
1912 2672 1993 2731 iii.
2022 2692 2073 2731 c.
2103 2675 2199 2748 22,
2232 2692 2279 2731 s.
2312 2675 2343 2731 1
2374 2681 2436 2732 ct
2463 2676 2517 2748 7,
2548 2682 2608 2733 et
2634 2694 2685 2733 c.
2715 2677 2812 2749 23,

410 2773 458 2813 s.
489 2756 544 2814 3.
625 2755 662 2787 “
684 2754 782 2811 Ex
809 2759 1077 2831 corrupta
1101 2772 1294 2811 massa
1319 2754 1370 2811 si
1397 2752 1687 2846 desumpti
1714 2759 1850 2811 sunt
1876 2770 2093 2827 omnes,
2122 2770 2239 2811 ιιοιι
2265 2752 2474 2811 mirum
2503 2752 2553 2812 si
2579 2753 2813 2813 damna-

408 2834 555 2893 tioni
591 2852 791 2893 omnes
819 2832 1215 2910 subjaceant?
1221 2831 1227 2836 ’
1289 2832 1387 2892 Sic
1426 2831 1488 2889 in
1515 2852 1566 2891 c.
1598 2832 1683 2892 ix.
1711 2831 1789 2890 ad
1829 2832 2000 2892 Rom.
2028 2839 2227 2891 censet
2255 2832 2501 2891 Paulum
2542 2832 2703 2911 loqui
2742 2833 2816 2893 de

409 2920 932 3052 affimat&
941 2911 1478 3068 Ἓξιέῗῗῃιΐίᾉηὲ
1496 2907 1718 3050 ἶὲᾞὲ
1745 2919 1851 3049 ’1ῗὲ
1858 2911 2127 3050 Xffi?
2144 2914 2721 3051 mffissffiqmffp
2722 2933 2815 3054 ”12³0

411 3071 622 3132 summi
649 3071 937 3149 Theologi
975 3070 1216 3148 judicio,
1247 3069 1404 3148 quod
1441 3070 1754 3149 respondet
1780 3069 2050 3130 Articulo
2075 3071 2179 3131 xii.
2211 3070 2601 3131 confessionis
2630 3014 2813 3133 (1111111-

411 3170 587 3227 canae,
605 3158 674 3211 ut
689 3151 785 3210 et
768 3170 829 3209 ιιι
854 3149 1076 3228 Synodi
1094 3150 1479 3209 Dordracenae
1499 3150 1749 3227 decreto,
1769 3150 2002 3210 omnino
2018 3151 2453 3227 acquiescimus,
2474 3159 2535 3211 et
2549 3152 2817 3213 omnibus

411 3230 623 3308 quibus
647 3229 840 3307 placet
867 3248 1066 3306 sapere
1094 3227 1300 3304 sobrie,
1330 3230 1811 3305 acquiescendum
1838 3249 1965 3289 esse
1990 3238 2279 3308 putamus.

493 3310 753 3368 XXXI.
799 3309 1018 3367 Praeter
1057 3307 1198 3367 istas
1229 3306 1375 3366 duas
1403 3307 1722 3369 sententias
1746 3310 1899 3367 circa
1926 3309 2035 3387 obj
2040 3318 2232 3369 ectum
2262 3308 2811 3388 Proedestinationis,

413 3388 612 3447 Tertia
651 3387 821 3448 datur
861 3406 1057 3447 eorum
1098 3386 1200 3464 qui
1225 3387 1447 3463 volunt,
1493 3406 1611 3447 non
1652 3388 1827 3447 modo
1871 3389 2161 3447 hominem
2202 3388 2430 3466 lapsum
2476 3397 2537 3447 et
2578 3399 2815 3468 peccato
2848 3428 2855 3435 -

413 3475 778 3560 corruptum3
823 3466 926 3527 sed
964 3467 1138 3525 etiam
1165 3474 1232 3525 ut
1255 3469 1604 3544 redemptum
1628 3488 1669 3526 a
1699 3467 1940 3542 Chresto,
1969 3476 2029 3527 et
2053 3468 2152 3525 vel
2192 3469 2554 3526 credentem
2530 3489 2589 3527 m
2615 3470 2813 3546 ἰρεαηι,

411 3548 508 3607 vel
548 3547 912 3621 incredulum,
946 3546 1072 3605 Deo
1102 3545 1546 3606 Proedestinanti
1585 3546 1795 3624 objici;
1840 3546 1983 3619 Quae
2024 3546 2309 3605 sententia
2348 3546 2459 3605 fuit
2499 3546 2657 3605 Semi
2656 3548 2811 3623 p-ela

413 3626 732 3703 gianorum,
763 3636 822 3686 et
848 3645 1004 3684 nunc
1029 3624 1302 3704 recipitur
1328 3626 1402 3685 ab
1431 3625 1808 3701 Arminianis,
1838 3633 1899 3684 et
1932 3625 2051 3684 illis
2078 3625 2361 3700 omnibus,
2392 3626 2495 3701 qui
2523 3625 2816 3686 Christum

413 3705 762 3783 pertendunt
789 3725 915 3765 esse
943 3704 1380 3765 fundamentum
1409 3704 1746 3780 Electionis,
1776 3712 1837 3763 et
1860 3702 2032 3762 fidem
2073 3703 2381 3797 praevisam
2406 3704 2535 3781 ejus
2560 3725 2811 3782 causam,

411 3784 509 3843 vel
551 3784 756 3843 saltem
797 3784 1184 3844 conditionem
1223 3784 1672 3862 praecedaneam.
1754 3784 1975 3842 Verum
2002 3782 2139 3861 quia
2165 3783 2409 3860 quoestio
2447 3784 2562 3843 ista
2600 3784 2662 3841 in
2688 3805 2817 3845 eam

409 3863 635 3939 recidit,
665 3883 795 3941 quae
823 3863 1099 3941 agitanda
1123 3864 1235 3923 erit
1259 3872 1476 3941 postea,
1507 3864 1580 3923 de
1607 3862 1981 3922 fundamento
2008 3870 2068 3922 et
2094 3881 2269 3921 causa
2308 3862 2620 3940 impulsiva
2648 3864 2815 3925 Elec-

413 3942 604 4017 tionis,
651 3941 724 4003 de
769 3962 840 4001 ea
873 3944 1027 4001 ιι11ι11
1068 3962 1223 4003 ιιιιιιο
1267 3943 1568 4003 addimus:
1623 3942 1775 4001 Nam
1819 3942 1871 4002 si
1918 3942 2096 4001 semel
2142 3942 2447 4019 probatum
2488 3942 2678 4019 fuerit,
2709 3964 2816 4003 nec

413 4022 706 4081 Christum
747 4042 854 4081 nec
893 4022 1068 4081 fidem
1108 4022 1448 4083 antecedere
1489 4022 1867 4097 Electionem,
1919 4020 2025 4081 sed
2069 4021 2132 4080 in
2172 4041 2243 4080 ea
2282 4021 2502 4081 includi
2541 4029 2817 4099 tanquam

410 4100 603 4160 media
627 4102 756 4178 ejus
782 4110 842 4161 et
863 4100 1118 4179 effectus,
1149 4122 1218 4162 eo
1259 4103 1386 4180 ipso
1414 4102 1667 4163 evictum
1700 4102 1827 4177 erit,
1870 4121 1988 4160 non
2025 4120 2197 4180 posse
2236 4100 2529 4161 hominem
2556 4121 2672 4178 qua
2700 4102 2814 4162 Re·

411 4180 726 4274 demptum,
773 4190 832 4241 et
876 4200 992 4259 qua
1035 4182 1378 4259 credentem,
1430 4190 1530 4241 aut
1574 4180 1952 4257 incredulum,
1984 4200 2112 4241 esse
2158 4180 2464 4259 Objectum
2509 4181 2815 4242 Praedesti-

410 4260 678 4355 nationis.¹
