3300 5225
1191 375 1456 425 onA'r1o
1493 376 1869 424 FUNEBms.
2596 355 2748 420 xlvii

328 559 596 642 amplius
627 564 738 622 tuo
767 562 946 639 grato
965 558 1266 639 doctoque
1296 560 1470 622 fruar
1499 556 1835 637 colloquio;
1890 555 2033 619 Heu
2066 574 2213 635 pars
2233 554 2471 635 optima
2496 553 2618 617 mei
2648 573 2747 617 me

329 657 632 739 reliquit!
699 656 938 736 Plange
971 655 1292 721 Ecclesia!
1350 656 1418 719 N
1417 676 1496 719 on
1529 676 1743 720 vocem
1773 654 1942 718 illam
1970 654 2203 730 audies,
2234 673 2370 734 quae
2401 659 2603 715 totum
2625 651 2747 715 Dei

334 756 663 824 consilium
694 754 816 817 tibi
843 755 1221 829 recludebat,
1253 755 1473 818 animis
1497 754 1677 835 aegris
1711 753 2089 828 medebatur,
2122 752 2437 816 solabatur
2472 749 2750 825 afflictOS,

338 860 626 921 errantes
651 854 718 917 in
744 855 907 916 viam
937 852 1292 928 reducebat,
1323 854 1681 918 vacillantes
1714 852 2171 928 corroborabat,
2196 851 2442 931 ignaros
2472 850 2751 924 docebat,

339 954 748 1020 confirmabat
785 951 1001 1015 doctos
1024 972 1041 1024 3
1097 951 1184 1015 Os
1217 950 1371 1015 illud
1399 952 1564 1015 unde
1585 950 1877 1015 dictionis
1898 970 2099 1013 aureae
2116 949 2383 1013 medulla
2409 949 2756 1028 profluebat

341 1052 512 1119 haud
540 1051 672 1113 ulla
699 1049 951 1113 oracula
979 1050 1203 1113 fundet
1251 1050 1319 1113 in
1350 1049 1579 1113 terris!
1684 1048 1971 1130 Plangite
2003 1048 2455 1129 Prophetarum
2489 1045 2639 1121 filii3
2690 1046 2755 1108 hi

344 1150 470 1233 ipsi
498 1149 772 1231 parietes
793 1146 960 1213 vocis
989 1149 1126 1229 ejus
1153 1168 1522 1230 repercussu
1551 1168 1673 1212 non
1703 1147 1965 1229 amplius
1993 1146 2413 1210 resonabunt!
2449 1144 2760 1208 cathedra

345 1251 481 1315 haec
517 1248 575 1311 Τ
569 1249 888 1311 ’ωννεειίηο
921 1249 1143 1311 orbata
1170 1247 1335 1321 erit;
1388 1246 1540 1325 Quis
1562 1268 1678 1327 ego
1711 1266 1869 1327 sum,
1896 1246 1999 1325 qui
2034 1244 2236 1308 locum
2266 1246 2427 1307 hunc
2459 1262 2759 1322 occupare

347 1355 416 1413 et
446 1352 627 1410 tanto
658 1343 816 1409 Viro
849 1346 1173 1411 succedere
1221 1345 1497 1427 possim3
1599 1346 1700 1408 De
1732 1344 2121 1424 Imperatore
2153 1342 2417 1423 quodam
2450 1340 2759 1416 defuncto,

350 1446 452 1511 cui
481 1445 642 1509 alter
669 1444 728 1507 ei
755 1442 958 1525 impar
991 1450 1386 1519 successerat,
1419 1444 1513 1508 ait
1543 1442 1956 1522 Tranquillus,
2009 1441 2201 1505 fuisse
2246 1440 2383 1520 ipso
2413 1458 2762 1503 successore

351 1540 932 1609 desiderabiliorem.
1038 1541 1351 1619 Quantum
1383 1542 1771 1624 pertimesco,
1801 1561 1879 1603 ne
1913 1540 2077 1605 idem
2118 1541 2196 1603 de
2225 1538 2463 1601 Nostro
2498 1538 2765 1601 Tum-et-

353 1646 488 1709 iino
520 1641 781 1716 dicatur,
805 1640 904 1704 cui
927 1639 1080 1719 jam,
1114 1639 1264 1705 licet
1293 1641 1516 1717 infans,
1549 1660 1862 1704 successor
1892 1639 2239 1702 destinatus
2258 1656 2413 1700 sum.
2466 1635 2764 1700 Precibus

353 1761 455 1805 me
485 1738 710 1804 vestris
757 1738 974 1817 juvate
1006 1740 1279 1813 obsecre,
1319 1737 1827 1803 Praestantissimi
1858 1745 1925 1801 et
1960 1736 2025 1799 N
2028 1735 2350 1801 obilissimi
2400 1735 2763 1810 Auditores,

358 1845 568 1904 vestra
597 1836 750 1900 meis
784 1842 930 1901 vota
958 1837 1332 1918 conjungite,
1363 1844 1436 1901 ut
1486 1837 1541 1899 si
1577 1839 1764 1901 chara
1806 1836 1937 1900 haec
1967 1836 2230 1917 vestigia
2260 1833 2543 1915 passibus
2578 1832 2768 1914 aequis

355 1956 636 2021 premere
665 1955 788 1998 non
821 1935 1074 2011 valeam,
1107 1935 1323 1999 saltem
1353 1936 1524 2016 sequi
1555 1935 1805 2015 possim.

458 2036 688 2097 FAXIT
720 2032 1124 2115 Omnipotens
1152 2054 1230 2098 ne
1258 2035 1442 2114 hujus
1477 2033 1729 2115 Syderis
1753 2031 2089 2111 deliquium
2116 2030 2347 2093 malum
2370 2030 2619 2113 aliquod
2644 2029 2771 2093 Ec-

363 2133 564 2199 clesiae
594 2138 822 2195 nostrae
853 2132 1226 2212 portendat3
1281 2131 1552 2196 Sinistra
1599 2132 1805 2194 omina
1854 2136 2064 2193 averte
2095 2150 2327 2192 summe
2360 2129 2556 2204 Deus,
2589 2129 2773 2208 hujus

362 2230 556 2295 Urbis
590 2230 828 2312 Stator,
861 2230 946 2292 sit
973 2250 1048 2293 ea
1076 2250 1317 2310 semper
1345 2230 1514 2293 salva
1541 2236 1607 2293 et
1640 2226 1997 2306 tranquilla,
2032 2226 2330 2290 invictum
2372 2226 2669 2305 potentiae
2704 2245 2775 2288 ac

368 2330 618 2394 virtutis
644 2334 768 2391 tuae
798 2329 1131 2392 theatrum.
1235 2326 1474 2391 Vivant
1522 2348 1594 2391 ac
1643 2331 1987 2406 perennent
2031 2324 2261 2387 Patriae
2296 2321 2537 2399 PatreS,
2568 2323 2778 2385 vivant

370 2426 664 2492 Ecclesiae
718 2432 785 2490 et
822 2426 1181 2491 Academiae
1240 2430 1421 2488 στύλοι
1471 2436 1570 2488 καὶ
1623 2432 1994 2509 &gamma-a.
2097 2421 2197 2484 Sit
2250 2422 2381 2485 haec
2438 2419 2779 2484 Academia

368 2524 716 2591 sincerioris
746 2524 1065 2607 sapientiae
1100 2526 1294 2602 sedes,
1337 2526 1516 2588 nuda>
1547 2523 1833 2588 veritatis
1883 2542 1998 2584 arx
2028 2519 2544 2601 inexpugnabilis,
2575 2525 2783 2581 rocta-

368 2646 506 2689 rum
535 2625 877 2688 animarum
929 2625 1345 2708 Prytanaeum‚
1384 2624 1699 2688 doctorum
1747 2622 2055 2696 lararium,
2107 2620 2303 2683 totius
2354 2617 2521 2682 orbis
2556 2617 2783 2681 eruditi

371 2722 815 2806 compendium,
847 2725 1191 2804 famamque
1225 2731 1291 2788 et
1322 2723 1580 2804 gloriam
1609 2722 1691 2786 ad
1722 2721 1891 2784 orbis
1922 2719 2220 2783 terminos
2250 2717 2587 2792 extendat;
2637 2723 2784 2780 tan·

373 2825 510 2886 dem
543 2823 626 2886 sit
659 2823 790 2884 haec
823 2821 1106 2885 Ecclesia
1133 2827 1424 2885 constans
1471 2826 1596 2884 tuae
1638 2819 1877 2901 gratiae,
1910 2826 1975 2881 et
2008 2818 2217 2891 Arcae,
2254 2816 2452 2879 sedes.
2580 2815 2785 2878 Eliam

373 2928 656 2984 nostrum
689 2919 1020 2996 abstulisti,
1055 2920 1235 2983 mitte
1268 2919 1552 2984 Elizaeos.
1660 2916 1911 2993 Excita,
1945 2935 2215 2995 quosque
2244 2912 2534 2977 excitasti
2567 2916 2787 2979 robore

371 3027 484 3082 tuo
514 3019 830 3092 confirma,
866 3018 1146 3081 veritatis
1176 3017 1468 3098 vindices,
1503 3015 1853 3079 docentium
1902 3021 1968 3078 et
1997 3013 2365 3077 discentium
2392 3019 2631 3078 mentes
2665 3033 2791 3076 coe-

374 3117 520 3180 lesti
548 3116 686 3177 luce
714 3114 976 3186 illustra,
1013 3115 1334 3195 sapientiae
1365 3121 1430 3178 et
1458 3115 1713 3194 pietatis
1747 3133 1953 3177 amore
1982 3112 2266 3177 accende.

477 3213 792 3274 INTERIM
846 3212 1333 3291 quandoquidem
1375 3212 1732 3275 Turrett-ini
1764 3217 1942 3292 grato
1994 3217 2061 3274 et
2107 3211 2328 3274 decoro
2376 3228 2497 3273 non
2528 3209 2791 3290 amplius

377 3309 642 3374 fruimur
695 3314 1044 3388 conspectu,
1075 3311 1264 3373 illum
1311 3318 1538 3374 nostra
1573 3310 1850 3392 payella
1888 3311 2225 3386 decantet;
2301 3329 2485 3389 quem
2526 3329 2794 3391 corpore

378 3431 510 3474 non
534 3407 837 3481 valemus,
874 3409 1314 3472 recordatione
1349 3417 1686 3482 teneamus,
1728 3417 1786 3472 et
1831 3428 1973 3470 cum
2019 3429 2143 3490 quo
2188 3407 2362 3488 loqui
2406 3428 2538 3469 non
2569 3428 2795 3490 poss-w-

379 3529 538 3583 mus,
569 3508 650 3569 de
679 3526 750 3569 eo
785 3506 958 3587 loqui
983 3527 1114 3569 non
1142 3508 1520 3569 desinamus.
2414 3553 2419 3560 .

483 3604 707 3680 VALE,
734 3603 1250 3668 desideratissime
1281 3604 1338 3666 T
1332 3607 1664 3679 urrettine,
1682 3613 1941 3685 φίλτατον
1968 3613 2063 3664 καὶ
2085 3607 2389 3676 θαυμάσιον
2413 3606 2575 3683 κάρα.
2616 3601 2796 3676 Vale,

383 3710 638 3788 recepta
669 3702 821 3766 coelo
849 3723 1039 3767 mens.
1099 3703 1234 3768 Nos
1269 3710 1336 3766 te
1386 3721 1711 3782 sequemur
1744 3722 1864 3780 quo
1907 3719 2208 3781 quemque
2256 3704 2538 3760 nostrum
2586 3698 2801 3761 ordine

385 3801 633 3867 vocabit
663 3801 870 3865 fatalis
903 3802 1070 3866 hora.

1105 4013 1530 4072 chmANUS,
1565 4011 1772 4060 sERM.
1811 4013 1900 4058 DE
1935 4011 2148 4058 Monr.

495 4201 533 4230 ‘⁸
567 4193 719 4272 Quis
747 4214 870 4257 non
905 4194 986 4257 ad
1016 4213 1158 4258 suos
1193 4193 1485 4277 navigare
1516 4193 1819 4258 festinans
1852 4198 2105 4258 ventum
2137 4213 2502 4275 prosperum
2527 4195 2811 4276 cupidius

396 4299 666 4375 optaret,
679 4289 770 4355 ‘ut
805 4293 1098 4357 velociter
1129 4294 1346 4357 charos
1379 4295 1596 4358 liceret
1629 4289 1970 4374 amplecti‘ss
2024 4291 2297 4354 Patriam
2330 4300 2603 4357 nostram
2625 4293 2813 4356 Parae

401 4391 602 4454 disum
623 4398 1069 4472 computamus,
1091 4399 1379 4473 parentes
1403 4399 1650 4456 nostros
1677 4391 2073 4454 Patriarchas
2086 4391 2221 4470 jam
2245 4391 2472 4454 habere
2492 4391 2812 4473 coepimus:

403 4490 552 4570 quid
584 4510 706 4554 non
741 4509 1145 4571 properamus
1175 4497 1241 4553 et
1273 4491 1576 4554 currimus
1605 4496 1680 4552 ut
1709 4488 1975 4569 patriam
2016 4494 2292 4552 nostram
2322 4489 2547 4565 videre,
2580 4497 2653 4550 ut
2702 4509 2819 4570 pa-

403 4593 614 4651 rentes
649 4589 924 4654 salutare
978 4587 1326 4670 possimusz
1403 4587 1669 4670 Magnus
1718 4587 1843 4650 illic
1894 4605 2006 4649 nos
2035 4587 2359 4650 charorum
2388 4607 2678 4650 numerus
2707 4609 2822 4652 ex-

404 4691 619 4847 pegtat
650 4695 999 4772 parentum,
1033 4689 1316 4764 fratrum,
1351 4686 1632 4762 filiorum,
1666 4687 1953 4765 frequens
1982 4705 2092 4750 nos
2122 4691 2188 4749 et
2216 4685 2465 4767 copiosa
2496 4686 2682 4750 turba
2715 4687 2825 4751 de·-

407 4783 461 4849 si
507 4781 704 4848 erat.”
