3300 5225
492 343 613 402 320
1442 361 1625 404 Locus
1653 361 1940 411 Quaeres.
2517 340 2773 422 [Quas-r.
2807 363 2900 406 xx.

499 501 639 560 fidei
664 499 893 562 differat
918 501 993 560 ab
1016 501 1489 562 Arminianorum
1516 503 1763 580 placitis,
1793 503 1932 580 quia
1953 511 2151 562 tamen
2179 501 2240 560 in
2265 501 2492 562 caeteris
2517 501 2595 560 ad
2619 503 2749 581 ipsa
2774 523 2906 583 pro-

499 581 632 659 pius
660 580 900 658 accedit,
943 591 1003 642 et
1042 601 1078 640 a
1118 591 1347 660 recepta
1386 582 1668 642 hactenus
1708 582 1770 640 in
1799 581 2080 641 Ecclesiis
2115 581 2330 641 nostris
2357 581 2644 642 sententia
2669 585 2906 662 recedit,

498 681 631 739 quae
658 669 987 722 constanter
1023 681 1127 740 pro
1156 661 1459 722 Electione
1486 681 1641 722 mere
1669 662 1924 738 gratuita
1949 661 2094 722 citra
2132 660 2536 739 praevisionem
2561 662 2744 722 ullam
2770 664 2910 726 fidei

496 749 599 801 aut
626 761 863 818 operum
889 750 1237 820 pugnarunt,
1268 741 1473 802 merito
1496 751 1771 819 tanquam
1791 741 1966 800 nimis
1993 741 2173 800 cruda
2191 751 2252 800 et
2277 741 2602 818 periculosa
2629 743 2908 820 rejicitur.

578 821 701 880 IX.
744 821 891 882 Haec
932 840 1073 898 ergo
1102 821 1493 881 Ecclesiarum
1532 829 1856 880 nostrarum
1899 830 1989 880 est
2032 821 2333 896 sententia,
2381 821 2743 882 Electionem
2785 833 2908 884 tam

496 899 574 958 ad
599 900 846 978 gloriam
872 921 1047 979 quam
1075 901 1151 960 ad
1177 901 1425 977 gratiam
1452 901 1623 979 plane
1653 900 1964 978 gratuitam
1991 919 2154 976 esse;
2197 901 2279 961 ita
2305 907 2372 960 ut
2396 901 2560 961 nulla
2585 921 2778 980 causa,
2809 905 2908 965 vel

495 980 769 1055 conditio,
800 981 898 1040 vel
936 981 1083 1040 rati0
1120 980 1182 1039 in
1208 981 1441 1040 homine
1467 980 1658 1055 fuerit,
1687 979 1765 1038 ad
1803 980 1973 1057 cujus
2013 979 2284 1040 intuitum
2313 981 2477 1040 Deus
2515 982 2671 1042 hunc
2711 983 2906 1061 potius

495 1079 671 1136 quam
696 1060 875 1120 alium
902 1060 1179 1138 elegerit3
1227 1059 1345 1119 Sed
1384 1061 1495 1118 hoc
1532 1079 1567 1118 a
1604 1059 1730 1118 sola
1757 1059 1885 1136 ejus
1915 1055 2108 1137 εὐδικίῃ
2141 1058 2496 1138 pependerit,
2525 1081 2658 1139 qua,
2687 1071 2754 1122 ut
2779 1082 2902 1122 cer-

495 1149 621 1200 tum
660 1140 959 1200 hominum
998 1159 1319 1214 numerum,
1362 1139 1493 1198 aliis
1548 1159 1658 1198 nec
1709 1139 2012 1198 meliorum
2059 1159 2166 1198 nee
2203 1139 2551 1216 digniorum,
2595 1161 2674 1200 ex
2713 1161 2907 1204 massa

492 1219 1263 1374 ffipssnfflffiffi
1281 1217 1379 1357 ff
1380 1218 2044 1358 &30302312‘333
2063 1217 2618 1359 ssssssffiffloess?
2631 1221 2904 1378 θ”ἰὲμωαω

498 1379 725 1438 Dordr.
754 1377 839 1438 th.
871 1381 927 1454 7,
959 1379 1015 1453 9,
1050 1381 1141 1452 10,
1172 1378 1247 1438 de
1277 1376 1555 1438 Prodest.
2469 1346 2484 1376 ⁹

1100 1458 1185 1516 X.
1230 1457 1509 1518 Rationes
1533 1477 1637 1516 cur
1660 1457 1774 1516 hoc
1801 1465 2058 1517 statmnt
2085 1466 2220 1518 sunt
2244 1459 2374 1518 istae
2400 1459 2780 1537 potissimum.
2851 1466 2902 1522 1.

494 1509 903 1628 fflffiffpssffvssff,
913 1525 974 1559 ⁰¹
1016 1537 1167 1612 Quia
1192 1537 1339 1596 fides
1364 1546 1425 1596 et
1452 1535 1780 1596 obedientia
1819 1546 1910 1597 est
1953 1537 2272 1598 Electionis
2312 1539 2532 1598 fructus
2557 1548 2618 1599 et
2643 1538 2900 1600 effectus.

1020 1617 1181 1694 Ergo
1208 1637 1325 1676 non
1352 1624 1541 1694 potest
1568 1637 1696 1676 esse
1717 1636 1908 1690 causa,
1932 1618 2028 1676 vel
2049 1618 2304 1678 conditio
2323 1619 2576 1694 praevia3
2619 1639 2760 1696 repu
2877 1628 2904 1681 t

494 1695 651 1754 enim
676 1695 831 1754 idem
860 1715 988 1756 esse
1016 1696 1188 1756 simul
1216 1715 1449 1754 causam
1474 1703 1535 1756 et
1574 1695 1860 1771 effectum,
1891 1696 2032 1774 eligi
2071 1715 2148 1756 ex
2173 1698 2306 1772 fide,
2349 1705 2410 1758 et
2435 1698 2574 1775 eligi
2607 1698 2682 1757 ad
2789 1719 2900 1759 em.

497 1774 705 1834 Fidem
732 1783 926 1834 autem
953 1785 1013 1835 et
1038 1776 1425 1836 obedientiam
1452 1795 1581 1835 esse
1620 1775 1870 1834 fructum
1915 1775 2250 1854 Electionis,
2280 1777 2409 1836 loca
2435 1778 2597 1836 varia
2635 1778 2900 1856 probant,

498 1853 611 1914 Ro.
640 1853 762 1914 viii.
793 1857 889 1930 29,
926 1857 1082 1922 Quos
1100 1856 1543 1932 pradestinavit,
1572 1857 1672 1914 hos
1715 1865 1770 1914 et
1791 1857 2024 1916 vocavit.
2110 1857 2197 1917 At
2222 1857 2452 1916 vocatio
2491 1866 2582 1918 est
2605 1857 2684 1916 ad
2707 1857 2901 1934 fidem,

496 1941 555 1994 et
580 1932 727 1992 fides
752 1933 886 1994 finis
926 1935 1071 2012 ejus,
1102 1943 1169 1995 ut
1196 1935 1423 1995 vocatio
1463 1933 1704 1995 effectus
1741 1935 2294 1996 Praedestinationis.
2379 1937 2530 2014 Eph.
2559 1939 2598 1996 i.
2627 1940 2684 2013 4,
2714 1939 2908 2015 Elegit

494 2033 613 2084 nos,
642 2022 706 2072 ut
729 2033 963 2073 essemus
988 2015 1183 2090 sancti,
1216 2015 1376 2092 Ergo
1400 2034 1519 2074 non
1560 2015 1699 2092 quia
1725 2035 1970 2091 eramus,
1999 2024 2060 2075 et
2085 2036 2144 2075 v.
2173 2019 2229 2092 5,
2261 2016 2679 2076 Proedoefinam
2716 2038 2818 2077 nos
2843 2023 2906 2084 εἰς

498 2093 725 2152 vienni»
750 2095 835 2154 ad
856 2095 1237 2171 adoptionem·
1265 2095 1423 2172 Ergo
1450 2093 1526 2153 ad
1552 2093 1744 2170 fidem,
1775 2114 1878 2172 per
1917 2114 2092 2172 quam
2119 2096 2353 2173 adoptio
2381 2096 2484 2154 illa
2521 2097 2687 2156 nobis
2713 2097 2904 2158 obtin-

494 2174 599 2249 git,
628 2173 675 2234 J
678 2193 732 2232 0.
760 2173 799 2232 i.
832 2176 943 2250 123
975 2173 1111 2234 Act.
1140 2174 1265 2234 xiii.
1294 2177 1393 2250 48,
1430 2175 1811 2236 crediderunt
1847 2184 2116 2252 quotquot
2139 2176 2392 2234 ordinati
2425 2185 2594 2236 erant
2615 2179 2701 2236 ad
2733 2179 2906 2238 vitam

494 2261 783 2312 oetemmm.
868 2253 1029 2332 Ergo
1076 2254 1167 2312 ini
1210 2254 1445 2314 demum
1486 2254 1744 2330 credunt,
1775 2255 1878 2332 qui
1919 2263 2056 2314 sunt
2087 2255 2274 2331 electi,
2301 2262 2364 2314 et
2389 2257 2528 2332 quia
2553 2265 2690 2316 sunt
2715 2257 2903 2333 electi,

494 2352 613 2392 non
638 2352 779 2392 vero
806 2333 976 2393 electi
1004 2343 1155 2410 sunt,
1170 2334 1323 2410 'quia
1350 2333 1608 2408 credunt,
1640 2335 1793 2394 unde
1821 2335 1997 2394 Fides
2023 2337 2354 2394 Electorum
2379 2334 2608 2410 dicitur,
2638 2337 2754 2396 Tit.
2781 2337 2822 2398 i.
2849 2340 2904 2412 1,

494 2412 633 2488 quia
658 2431 729 2472 ea
754 2413 897 2472 solis
924 2413 1145 2474 Electis
1186 2412 1373 2473 datur.
1456 2413 1615 2474 Hinc
1645 2412 1900 2490 August.
1944 2413 2018 2473 de
2062 2414 2340 2474 Praedest.
2385 2413 2746 2490 Sanctorum,
2777 2435 2902 2493 cap.

498 2495 589 2566 1⁷,
641 2494 677 2525 “
702 2492 1093 2570 Intelligimus
1133 2494 1512 2568 vocationem,
1542 2513 1660 2570 qus
1700 2492 1849 2552 fiunt
1871 2492 2078 2568 -electi,
2123 2512 2242 2552 non
2283 2493 2386 2570 qui
2431 2493 2728 2569 eliguntur
2769 2495 2907 2571 quia

492 2570 875 2650 crediderunt,
908 2573 1013 2633 sed
1038 2572 1140 2651 qui
1166 2573 1461 2652 eliguntur
1484 2579 1552 2633 ut
1578 2571 1832 2633 credant.
1917 2572 2070 2631 Nam
2097 2571 2148 2630 si
2187 2578 2489 2650 propterea
2523 2570 2693 2631 electi
2719 2581 2900 2649 erant,

491 2651 767 2789 q}¹.⁰¹.¹i²m
792 2653 1177 2730 crediderunt,
1206 2654 1319 2732 ipsi
1344 2672 1476 2715 eum
1502 2652 1666 2730 prius
1690 2651 1892 2728 utique
1924 2651 2238 2729 elegerant,
2267 2650 2555 2711 credendo
2573 2651 2638 2709 in
2663 2670 2814 2728 enm,
2837 2662 2904 2713 ut

498 2750 533 2791 e
557 2751 577 2788 1
668 2733 1079 2793 mererentur.’'

574 2750 696 2871 ΞείιΙ.
739 2812 1137 2891 Nequicquam
1165 2812 1261 2871 hic
1280 2812 1581 2889 excipitur,
1616 2814 1670 2869 1.
1699 2810 1776 2869 ad
1811 2811 2004 2871 locum
2032 2809 2203 2870 Rom.
2232 2808 2356 2875 viii.
2385 2811 2482 2885 29,
2513 2829 2631 2868 non
2649 2809 2902 2889 intelligi

493 2890 855 2951 vocationem
896 2892 973 2952 ad
1011 2891 1203 2965 fidem,
1234 2890 1336 2951 sed
1378 2891 1455 2950 ad
1494 2910 1742 2965 crucem,
1784 2890 1846 2947 in
1893 2909 2010 2967 qua
2049 2888 2370 2949 conformes
2413 2907 2520 2947 nos
2547 2908 2674 2949 esse
2701 2889 2905 2950 deccat

496 2970 647 3031 Filio
678 2972 807 3046 Dei,
838 2980 905 3031 ut
932 2970 1111 3029 simus
1138 2970 1225 3028 illi
1254 2968 1573 3029 conformes
1599 2970 1661 3027 in
1691 2968 1892 3047 gloria,
1923 2976 1984 3027 et
2002 2967 2564 3047 praedestinationem
2583 2988 2701 3029 non
2727 2969 2900 3029 aliam

492 3050 745 3126 intelligi
769 3068 943 3126 quam
970 3046 1435 3123 conditionatum,
1466 3048 1519 3107 si
1544 3048 1733 3109 nimir.
1762 3047 2026 3107 homines
2053 3048 2237 3107 velint
2265 3048 2428 3126 sequi
2459 3048 2648 3109 Deum
2682 3049 2900 3125 eligen-

491 3137 626 3187 tem.
714 3128 785 3187 R.
830 3128 979 3185 Nam
1007 3127 1237 3187 vocatio
1262 3147 1381 3187 non
1406 3128 1523 3189 alia
1539 3136 1733 3206 potest
1759 3127 2010 3205 intelligi
2035 3146 2211 3205 quam
2239 3128 2315 3187 ad
2341 3126 2516 3187 fidem
2542 3136 2603 3187 et
2629 3128 2900 3188 obedien-

492 3207 651 3281 tiam,
680 3206 818 3265 licet
860 3205 1248 3266 conditionem
1292 3207 1483 3267 crucis
1527 3227 1816 3273 annexam
1840 3207 2068 3283 habeat,
2098 3207 2238 3285 quia
2263 3208 2457 3287 agitur
2499 3207 2572 3266 de
2600 3207 2903 3267 vocatione

492 3283 811 3345 seeundum
856 3285 1232 3363 propositum,
1276 3286 1355 3347 id.
1400 3286 1635 3364 efficaci,
1691 3307 1822 3365 quae
1875 3287 2192 3348 electorum
2237 3294 2462 3349 tantum
2514 3287 2748 3366 propria
2791 3296 2898 3363 est,

492 3363 753 3441 opposite
774 3364 850 3423 ad
867 3365 1229 3425 vocationem
1256 3364 1623 3443 inefficacem,
1654 3388 1786 3445 quse
1812 3367 1944 3427 aliis
1969 3366 2144 3427 etiam
2166 3368 2474 3445 competit;
2517 3372 2574 3427 2.
2602 3365 2742 3444 quis
2754 3385 2900 3445 prae-

568 3443 725 3503 nitur
745 3443 1165 3522 justificationi,
1196 3455 1255 3506 et
1276 3466 1407 3506 cum
1428 3466 1497 3505 ea
1522 3446 1982 3526 inseparabiliter
2009 3448 2296 3523 cohaeret3
2341 3450 2397 3507 3.
2425 3446 2564 3523 quia
2589 3454 2680 3505 est
2697 3446 2898 3507 imme-

490 3464 713 3583 {iatum
738 3523 1006 3585 effectum
1036 3526 1371 3601 Electionis,
1396 3526 1553 3603 quod
1580 3526 1654 3585 de
1682 3547 1850 3587 cruce
1879 3526 1996 3586 dici
2021 3526 2240 3603 nequit.
2326 3525 2449 3585 Nec
2477 3526 2528 3585 si
2553 3534 2646 3585 est
2669 3527 2902 3587 vocatio

490 3602 567 3663 ad
594 3603 785 3681 fidem,
818 3606 1078 3684 sequitur
1119 3606 1311 3665 Deum
1337 3614 1535 3684 gratos
1559 3606 1834 3665 habuisse
1859 3614 2192 3683 peccatores
2217 3614 2526 3683 antequam
2553 3604 2905 3666 crediderint

490 3704 683 3745 amore
725 3686 1171 3763 complacentia,
1200 3686 1341 3747 lieet
1382 3686 1509 3745 Deo
1537 3686 1818 3764 placuerit
1845 3705 2037 3745 amore
2067 3685 2485 3745 benevolentiae
2513 3684 2671 3761 ipsos
2701 3704 2898 3762 prose-

489 3764 609 3841 qui,
652 3772 719 3825 ut
743 3766 888 3843 ipsis
914 3764 1293 3825 benefaceret.
1376 3769 1436 3825 4.
1468 3764 1906 3825 Praedestinatio
1933 3785 2053 3825 non
2079 3764 2194 3823 alia
2219 3772 2412 3841 potest
2437 3763 2688 3841 intelligi
2726 3784 2902 3841 quam

488 3863 560 3903 ea
586 3862 716 3920 quae
742 3852 899 3905 certo
928 3847 1236 3923 conjuncta
1250 3853 1341 3905 est
1366 3864 1499 3907 cum
1519 3844 1934 3923 justificatione
1951 3852 2010 3903 et
2035 3844 2470 3921 glorificatione,
2499 3849 2560 3903 et
2585 3842 2902 3905 seeundum

489 3922 2610 4081 smmffifflmsmsshsmffie
2625 3922 2904 4079 «Ἠ,

490 4080 685 4141 obstat
710 4081 1018 4157 quominus
1044 4046 1213 4143 m’ulti
1239 4082 1511 4143 deficiant
1536 4090 1597 4141 et
1622 4082 1984 4143 damnentur.

574 4159 732 4219 XII.
775 4164 833 4219 2.
864 4160 964 4219 Ad
994 4162 1143 4240 Eph.
1174 4164 1213 4222 i.
1240 4166 1299 4237 4,
1332 4162 1644 4239 Pei-peram
1683 4162 1968 4239 regeritur
1992 4162 2196 4222 fideles
2227 4181 2398 4240 posse
2439 4161 2614 4221 etiam
2639 4160 2782 4239 eligi
2825 4160 2902 4220 ad

493 4239 875 4301 sanctitatem.
960 4242 1032 4301 R.
1064 4242 1213 4317 Quia
1240 4242 1351 4301 hoc
1378 4242 1505 4319 ipso
1533 4242 1692 4319 quod
1721 4251 1858 4301 sunt
1882 4241 2101 4317 fideles,
2124 4242 2249 4319 jam
2277 4249 2678 4319 supponuntur
2693 4241 2896 4315 sancti,

490 4319 777 4396 siquidem
820 4320 967 4379 fides
1005 4320 1273 4401 purificat
1298 4320 1512 4383 corda:
1578 4322 1657 4381 Et
1697 4340 1829 4380 cum
1877 4321 2199 4399 Apostolus
2239 4321 2446 4381 doceat
2469 4319 2900 4381 benedictiones

493 4418 695 4459 omnes
722 4400 1049 4477 spirituales
1091 4400 1218 4460 dari
1244 4401 1413 4461 nobis
1458 4402 1517 4461 in
1546 4400 1778 4461 Christo
1819 4421 1894 4461 ex
1937 4401 2255 4476 Electione,
2297 4400 2434 4461 inde
2459 4400 2781 4459 necessario
2812 4417 2899 4459 se-

492 4479 703 4556 quitur,
734 4478 908 4539 fidem
937 4500 1066 4558 quse
1092 4481 1365 4559 primaria
1383 4490 1473 4541 est
1500 4501 1576 4540 ex
1596 4480 1715 4540 illis
1741 4480 2258 4556 benedictionibus,
2281 4479 2459 4540 fluere
2485 4498 2562 4537 ex
2583 4478 2901 4538 electione:

496 4560 619 4619 Neo
664 4559 717 4618 si
764 4559 1087 4637 Apostolus
1133 4562 1388 4639 loquitur
1430 4561 1503 4620 de
1544 4561 1826 4621 electione
1881 4560 2168 4639 completa
2215 4559 2590 4639 singulorum,
2643 4556 2902 4635 sequitur

494 4636 709 4699 omnes
724 4639 1025 4717 Ephesios,
1055 4642 1131 4701 ad
1178 4662 1323 4719 quos
1366 4641 1581 4719 scribit,
1626 4640 1895 4701 debuisse
1937 4658 2063 4701 esse
2101 4640 2353 4715 electos;
2419 4637 2554 4715 quia
2580 4637 2903 4697 locutiones
