3300 5225
367 324 611 373 QuAEs'r.
644 308 771 390 vn]
1298 328 1375 369 m:
1404 328 1677 371 ronnsnn
1705 328 1986 371 sucas.
2697 312 2812 369 527

372 466 721 543 perfectam
747 466 1135 529 obedientiam
1163 467 1313 545 Legi
1336 468 1672 546 praestitam,
1701 470 1840 547 quia
1857 468 1984 546 jam
2009 468 2074 527 in
2097 468 2366 547 paradiso
2391 467 2518 529 vita
2541 469 2730 543 beata,
2759 476 2820 529 et

380 548 557 607 omni
600 550 893 610 bonorum
920 568 1131 626 genere
1158 548 1451 607 cumulata
1476 549 1791 609 fruebatur.
1875 550 2068 623 Mitto,
2111 547 2270 626 quod
2309 547 2362 607 si
2388 546 2584 607 Adam
2623 567 2815 625 perse·

380 638 673 689 ‘vetasset
710 629 774 688 in
817 648 923 689 sua
960 627 1305 703 obedientia,
1350 628 1708 706 impossibile
1747 628 1953 687 fuisset
1991 628 2047 687 ei
2088 636 2148 687 et
2185 628 2294 687 toti
2335 648 2456 688 suae
2496 626 2820 705 posteritati

383 716 689 784 perpetuo
718 709 780 766 in
805 708 974 767 terris
1001 727 1250 767 manere.
1334 708 1451 767 His
1478 709 1633 767 enim
1659 728 1899 767 numero
1927 708 2318 768 crescentibus
2358 727 2461 785 per
2497 706 2818 785 generatio·

386 803 539 843 nem
565 788 917 865 nomineque
944 786 1005 845 in
1034 788 1245 847 coelum
1270 788 1569 863 banalato,
1598 788 1754 847 intra
1779 787 1874 847 bis
1901 786 2060 847 mille
2089 806 2270 849 annos
2291 786 2592 863 angustior
2618 785 2823 845 fuisset

388 872 581 941 terra,
628 887 805 944 quam
844 874 911 927 ut
949 874 1135 927 totum
1177 886 1363 944 genus
1400 868 1716 927 humanum
1757 867 2154 927 continuisset.
2235 866 2466 941 Quanto
2499 866 2693 925 minus
2719 884 2824 924 eos

393 962 615 1005 omnes
643 966 847 1024 capere
873 954 932 1007 et
958 946 1175 1007 nutrire
1203 966 1355 1007 unus
1383 947 1646 1007 Hedenis
1681 948 1884 1007 hortus
1911 947 2238 1023 potuisset?
2275 947 2372 1005 Ex
2399 946 2612 1023 quibus
2639 944 2820 1005 omni-

392 1022 521 1083 bus
566 1034 731 1103 patet
770 1025 1208 1103 promissionem
1236 1026 1469 1085 Adamo
1496 1026 1692 1085 datam
1728 1046 1846 1085 non
1885 1026 2064 1085 fuisse
2091 1026 2322 1085 demum
2351 1026 2489 1085 vitae
2531 1025 2716 1083 beatae
2760 1024 2824 1081 in

396 1105 587 1167 terris
625 1104 987 1182 peragendae,
1032 1104 1137 1167 sed
1176 1105 1427 1165 coelestis
1466 1114 1527 1165 et
1564 1114 1809 1182 aeternae,
1853 1105 2012 1183 quod
2055 1106 2322 1166 Οαῑυίπω
2363 1105 2426 1163 in
2453 1105 2602 1165 Gen.
2631 1104 2692 1163 ii.
2727 1106 2822 1179 17,

398 1182 706 1261 observat,
742 1188 777 1219 “
798 1185 1051 1245 Terrena
1090 1184 1325 1262 quidem
1352 1185 1476 1245 vita
1513 1186 1605 1247 illi
1640 1186 1846 1245 fiiisset
1883 1185 2235 1263 temporalis,
2278 1185 2341 1245 in
2381 1185 2592 1245 coelum
2631 1191 2824 1243 autem

400 1262 541 1323 sine
568 1264 826 1339 interitu,
856 1273 915 1323 et
940 1264 1157 1327 illaesus
1182 1265 1548 1341 migrasset.''

1024 1343 1110 1403 X.
1148 1346 1357 1403 Foedua
1383 1348 1645 1405 natzar-ale
1671 1364 1789 1403 non
1815 1343 1949 1403 ideo
1969 1343 2195 1419 dieitur,
2219 1343 2378 1423 quod
2403 1342 2550 1401 nihil
2571 1340 2830 1401 conferat

482 1406 831 1510 Ἑοξὶζῗυῗζξω
944 1442 1119 1499 supra
1156 1431 1437 1498 naturam,
1482 1432 1541 1483 et
1580 1424 1986 1497 conditionem,
2031 1443 2207 1501 quam
2249 1425 2424 1482 homo
2462 1422 2745 1481 habuerat
2792 1439 2830 1478 a

947 1500 1267 1577 Creatione,
1298 1502 1403 1561 sed
1422 1504 1559 1578 quia
1576 1503 1871 1562 nitebatur
1889 1510 2112 1561 naturae
2131 1503 2370 1577 viribus,
2401 1510 2460 1561 et
2480 1500 2826 1574 obedientia,

408 1598 599 1657 quam
636 1579 815 1657 juxta
854 1579 987 1639 illas
1024 1589 1299 1659 praestare
1326 1580 1543 1641 debuit.
1628 1582 1752 1641 Nec
1781 1582 1833 1641 si
1870 1583 2164 1659 proportio
2189 1602 2308 1641 non
2334 1580 2506 1641 datur
2530 1581 2682 1639 inter
2706 1578 2828 1639 offi-

404 1660 579 1719 cium
620 1659 1035 1737 praecriptum,
1082 1669 1141 1721 et
1188 1660 1441 1721 coelestis
1480 1661 1619 1721 vitai
1661 1660 2020 1735 beneficium,
2072 1662 2332 1738 sequitur
2385 1660 2580 1719 locum
2617 1659 2834 1718 habere

402 1758 542 1877 ¹3²3}
561 1738 1880 1897 ffiffiffssffiffidssffifflffiffifissrii
1893 1738 2702 1895 fffssss’giffii‘c'ffnffim'pssnffl'i
2695 1757 2838 1877 23:3¹:

412 1918 455 1959 a
473 1898 785 1957 voluntate
812 1906 871 1957 et
896 1897 1155 1959 bonitate
1184 1898 1297 1957 Dei
1318 1921 1334 1975 ς
1380 1899 1466 1959 Ut
1490 1900 1656 1959 nulla
1679 1899 1974 1977 proportio
2002 1899 2112 1959 fuit
2137 1900 2288 1959 inter
2309 1899 2674 1977 Angelorum
2701 1917 2836 1956 con-

418 1977 717 2051 stantiam,
750 1976 1033 2053 originem
1060 1997 1225 2037 suam
1252 1979 1621 2053 servantium,
1655 1988 1714 2038 et
1741 1978 2028 2038 infinitum
2047 1980 2399 2039 confirmatas
2421 1979 2559 2037 vitae
2587 1977 2840 2037 eoelestis

418 2056 745 2135 praemium.
832 2056 917 2115 Ut
956 2056 1109 2119 enim
1152 2056 1317 2119 Deus
1354 2058 1501 2117 eitra
1538 2058 1893 2135 condignum
1933 2058 2120 2136 punit,
2169 2060 2253 2118 ita
2289 2059 2445 2117 ultra
2486 2057 2838 2134 condignum

418 2138 603 2213 longe
630 2143 1043 2195 remuneratur.

510 2215 634 2273 XI.
693 2215 859 2273 Licet
910 2214 1206 2293 Scriptura
1252 2235 1586 2293 expressam
1631 2216 1984 2275 mentionem
2025 2234 2144 2275 non
2191 2215 2366 2275 faciat
2403 2213 2542 2274 vitae
2589 2214 2842 2274 coelestis

430 2295 665 2353 Adamo
694 2293 1071 2371 conferendae,
1104 2294 1243 2355 satis
1272 2297 1424 2355 clare
1453 2295 1748 2372 colligitur
1773 2315 1876 2373 per
1902 2295 2222 2372 legitimam
2249 2294 2735 2371 consequentiam,
2767 2314 2843 2352 ex

430 2374 698 2451 opposita
724 2374 1165 2434 comminatione
1192 2374 1393 2435 mortis
1421 2375 1778 2452 gehennalis,
1807 2383 1867 2433 et
1893 2395 1968 2433 ex
2008 2374 2408 2433 sacramentali
2445 2372 2844 2451 promissionis

432 2454 603 2514 istius
645 2452 1047 2529 obsignatione
1086 2474 1191 2532 per
1230 2454 1493 2513 arborem
1531 2455 1689 2529 vitae,
1733 2455 1900 2530 cujus
1942 2453 2420 2531 significationem
2466 2452 2687 2511 homini
2726 2471 2845 2510 non

432 2534 691 2614 ignotam
719 2532 897 2591 fuisse
926 2541 1081 2592 certo
1110 2533 1321 2593 certius
1343 2544 1449 2594 est.
1520 2534 1800 2609 Quamvis
1821 2534 1974 2593 enim
1997 2534 2196 2593 Moses
2217 2532 2518 2593 obscurius
2544 2531 2607 2590 id
2633 2530 2841 2606 tradat,

436 2615 586 2674 sicut
611 2614 885 2691 pleraque
913 2613 989 2671 ad
1015 2614 1205 2673 foedus
1231 2615 1389 2674 istud
1415 2615 1779 2693 pertinentia,
1810 2635 1940 2691 quae
1967 2623 2242 2692 tanquam
2270 2612 2546 2690 fugientis
2572 2610 2844 2689 imaginis

434 2695 715 2768 umbram,
762 2691 921 2752 tenui
964 2701 1188 2754 tantum
1229 2694 1359 2754 luce
1404 2695 1643 2772 spargit,
1693 2693 1770 2754 ad
1811 2694 2337 2772 repraesentandum
2381 2693 2508 2770 ejus
2548 2696 2842 2768 ἀφανισμὸν,

435 2773 677 2911 (silphium
704 2783 899 2832 tamen
926 2792 1053 2832 esse
1082 2793 1199 2832 non
1224 2782 1431 2851 potest,
1463 2775 1604 2851 quin
1624 2773 1954 2833 distinctius
1979 2774 2104 2831 haee
2130 2773 2318 2852 primo
2343 2772 2563 2830 homini
2589 2771 2847 2831 revelata

501 2853 669 2912 erint.

517 2932 675 2990 XII.
720 2931 985 2992 Christus
1012 2931 1171 2992 solus
1197 2931 1301 2994 dat
1324 2932 1495 2992 nobis
1533 2931 1946 3010 promissiones
1971 2932 2110 2991 vitm
2146 2941 2374 2992 aeternae
2415 2930 2476 2988 in
2517 2938 2673 2990 statu
2710 2949 2844 3008 pec-

341 3043 351 3053 ·
438 3011 586 3085 cati3
638 3010 757 3070 Sed
796 3012 859 3070 in
898 3020 1055 3072 statu
1094 3021 1317 3072 naturae
1358 3011 1627 3072 Adamas
1665 3012 1950 3090 potuisset
1989 3011 2122 3070 illas
2161 3011 2375 3070 habere
2413 3029 2518 3088 per
2555 3010 2846 3087 propriam

438 3089 827 3149 obedientiam
854 3111 929 3150 ex
954 3099 1127 3168 pacto
1155 3092 1286 3152 Dei.

521 3167 713 3226 XIII.
755 3170 1159 3232 Promis-aiones
1184 3171 1324 3230 novi
1352 3170 1585 3232 foederis
1612 3170 1884 3230 dicuntur
1913 3171 2164 3230 meliores
2182 3167 2660 3247 promissionibus
2686 3176 2845 3228 vete·

439 3246 537 3322 ris,
571 3246 723 3306 Heb.
754 3247 875 3306 viii.
907 3251 961 3323 6,
992 3269 1111 3308 non
1138 3251 1331 3328 quoad
1354 3252 1738 3324 anhelantium,
1769 3249 1909 3328 quia
1935 3249 2137 3308 eadem
2165 3250 2290 3308 vita
2315 3249 2568 3308 coelestis
2595 3255 2654 3306 et
2681 3257 2843 3307 aeter-

439 3345 517 3384 na
542 3326 848 3402 utrobique
889 3328 1243 3405 promittitur
1264 3351 1279 3403 3
1324 3329 1425 3388 sed
1453 3329 1647 3406 quoad
1673 3333 1916 3404 modum,
1949 3329 2102 3406 quia,
2131 3337 2198 3389 ut
2224 3330 2400 3405 longe
2426 3327 2696 3386 nobiliori
2721 3345 2842 3386 mo-

440 3404 517 3463 do
544 3405 841 3482 acquisitae
870 3416 1005 3466 sunt
1029 3427 1137 3484 per
1153 3407 1444 3468 Christum
1464 3429 1479 3483 ;
1519 3409 1601 3468 ita
1620 3408 1798 3485 longe
1815 3410 2025 3468 clarius
2045 3417 2105 3468 et
2131 3409 2403 3482 efficacius
2428 3415 2840 3484 proponuntur,

440 3492 501 3545 et
528 3484 739 3544 certius
767 3505 835 3544 ac
862 3485 1083 3546 firmius
1116 3486 1179 3544 in
1216 3506 1393 3546 manu
1422 3486 1763 3546 Mediatoris
1801 3488 2176 3565 applicantur,
2208 3495 2492 3565 quatenus
2529 3505 2645 3544 non
2673 3485 2844 3544 datur

440 3572 665 3626 tantum
694 3565 861 3625 nobis
888 3567 1166 3626 auxilium
1190 3567 1309 3626 sine
1336 3587 1451 3643 qua
1475 3587 1588 3628 non
1624 3587 1992 3644 perseverare
2031 3568 2336 3646 possimus,
2366 3573 2433 3626 ut
2459 3563 2707 3640 Adamo,
2739 3563 2845 3624 sed

438 3645 719 3706 auxilium
738 3665 847 3722 quo
875 3655 1031 3706 certo
1056 3665 1509 3725 perseveremus.
1554 3646 1782 3706 Deinde
1807 3655 2052 3724 possunt
2077 3646 2193 3707 dici
2219 3647 2488 3718 meliores,
2517 3643 2712 3721 quoad
2739 3643 2840 3702 ob-

432 3726 721 3802 jectorum
744 3725 1167 3802 conditionem3
1210 3747 1344 3786 nam
1372 3726 1561 3786 foedus
1598 3746 1836 3803 operum
1863 3727 2044 3786 vitam
2071 3734 2296 3786 tantum
2331 3723 2551 3784 homini
2589 3723 2842 3800 perfecte

432 3805 597 3883 justo
641 3813 701 3864 et
744 3805 987 3866 merenti
1032 3806 1352 3884 promittit3
1420 3806 1538 3866 Sed
1580 3805 1770 3865 foedus
1818 3806 2020 3883 gratiae
2062 3825 2180 3865 non
2223 3807 2404 3865 vitam
2445 3811 2688 3879 tantum,
2735 3802 2842 3864 sed

440 3885 615 3944 etiam
642 3885 886 3944 salutem
926 3886 1148 3944 homini
1188 3886 1359 3964 plane
1398 3885 1725 3946 immerenti
1765 3892 1824 3945 et
1863 3885 2122 3964 indigno,
2154 3894 2296 3964 puta
2333 3883 2637 3962 peccatori,
2666 3883 2834 3961 polli-

440 3971 617 4026 cetur.

519 4043 701 4103 XIV.
745 4043 1023 4118 Quamvis
1049 4043 1239 4104 foedus
1264 4045 1376 4106 hoc
1402 4054 1623 4105 naturas
1650 4044 1900 4105 caruerit
1921 4044 2261 4123 Mediatore,
2289 4064 2409 4104 non
2433 4044 2626 4103 minus
2643 4051 2838 4103 tamen

436 4123 626 4200 potuit
644 4123 826 4184 vitam
852 4124 1146 4184 coelestem
1164 4125 1496 4201 promittere
1524 4134 1584 4186 et
1610 4126 1868 4186 conferre
1889 4123 2121 4185 Adamo
2147 4124 2567 4205 perseveranti3
2600 4123 2686 4184 Ut
2712 4123 2838 4182 An·

435 4202 555 4280 geli
580 4210 891 4278 potuerunt
918 4203 1043 4262 sine
1070 4203 1393 4264 Mediatore
1418 4205 1482 4263 in
1506 4206 1662 4265 bono
1691 4204 2032 4264 confirmari.

518 4281 665 4342 XV.
708 4283 849 4341 Alia
876 4282 1049 4342 debet
1075 4303 1203 4342 esse
1228 4283 1525 4344 beatitudo
1552 4293 1613 4344 et
1637 4283 1914 4362 perfectio
1940 4284 2072 4360 viae,
2101 4283 2216 4343 alia
2241 4303 2382 4344 vero
2407 4284 2628 4362 patriae.
2672 4281 2840 4341 Licet

436 4360 584 4420 nihil
611 4361 857 4423 defuerit
884 4362 1115 4424 Adamo
1158 4362 1219 4421 in
1255 4363 1523 4441 paradiso
1566 4363 1643 4422 ad
1681 4363 2100 4424 beatitudinem
2139 4372 2198 4424 et
2237 4361 2662 4442 perfectionem,
2707 4380 2838 4438 quae

437 4441 711 4578 wadium
736 4442 913 4502 statui
938 4440 1068 4518 vine,
1098 4441 1301 4504 deesse
1328 4450 1522 4502 tamen
1548 4444 1717 4522 plura
1741 4451 2023 4521 poterant,
2055 4464 2186 4523 qnae
2211 4445 2580 4523 requiruntur
2598 4441 2675 4500 ad
2701 4441 2836 4500 bea-

435 4529 549 4581 utu
652 4541 743 4580 em
770 4521 987 4598 patriae.

516 4599 699 4661 XVI.
744 4601 933 4678 Quum
964 4601 1200 4678 Paulus,
1236 4605 1267 4664 l
1300 4602 1433 4664 Cor.
1461 4623 1562 4664 xv,
1593 4605 1690 4680 45,
1732 4605 1830 4679 46,
1873 4603 1956 4664 ait
1998 4603 2244 4682 primum
2283 4602 2578 4664 Adamum
2621 4599 2840 4664 factum
