3300 5225
339 287 567 339 Quzss‘r.
598 264 695 348 11.]
1258 282 1339 323 na
1366 281 1772 325 rnovmmrrra
1799 282 1920 323 nm.
2633 264 2752 323 445

987 423 1064 482 V.
1106 422 1367 483 Tertium
1394 431 1484 483 est
1522 424 1736 483 Fatum
1759 422 2028 499 Stoicum,
2071 421 2228 501 quod
2261 422 2436 501 juxta
2477 421 2751 501 Chrysip-

869 522 1007 581 pum
1034 503 1190 581 apud
1219 503 1394 562 Gelli.
1420 503 1525 563 lib.
1553 503 1633 563 vi.
1664 524 1715 562 c.
1744 507 1800 578 2,
1844 506 1881 537 ‘⁴
1902 511 1992 563 est
2017 502 2296 562 naturalis
2324 502 2560 581 quidam
2589 502 2748 579 ordo,

339 594 401 647 et
427 584 713 645 connexio
740 602 931 643 rerum
959 583 1215 642 omnium
1241 582 1316 641 ab
1344 590 1559 643 aetemo
1586 583 1716 643 aliis
1743 582 1820 643 ad
1855 583 2000 641 alias
2026 582 2528 662 consequentibus,
2559 591 2618 642 et
2645 584 2749 641 im-

341 665 609 727 mutabili
633 671 902 723 manente
940 660 1275 741 hujusmodi
1302 662 1800 741 complicatione,''
1839 662 1940 722 vel
1973 663 2150 741 juxta
2175 662 2508 722 Ciceronem
2547 662 2649 722 lib.
2679 662 2754 723 de

344 745 579 805 Divina.
624 745 662 777 “
690 741 831 803 ordo
872 750 933 803 et
971 742 1149 802 series
1189 762 1509 819 causamm,
1552 763 1733 821 quum
1774 762 1949 803 causa
1987 762 2177 802 causae
2217 761 2370 802 nexa
2409 762 2529 802 rem
2573 762 2648 802 ex
2691 762 2755 803 se

346 1003 551 1045 cursus
577 982 756 1043 vehit.
840 982 952 1041 Ille
980 982 1104 1059 ipse
1132 982 1389 1041 omnium
1422 981 1701 1041 Conditor
1725 1002 1794 1041 ac
1823 982 2053 1056 Rector,
2100 981 2330 1059 scripsit
2355 981 2589 1061 quidem
2616 981 2752 1058 fata,

348 1063 453 1124 sed
482 1063 774 1141 sequitur;
804 1080 1031 1155 semper
1056 1067 1235 1139 paret,
1260 1060 1439 1119 semel
1460 1060 1696 1137 jussit.'’
1781 1061 1982 1136 Qualis
2009 1080 2150 1119 vero
2175 1060 2284 1119 hac
2305 1061 2367 1118 in
2393 1069 2555 1138 parte
2581 1060 2758 1121 fuerit

352 1144 683 1205 Stoicorum
709 1150 995 1202 sententia
1019 1160 1139 1200 non
1166 1140 1307 1200 satis
1332 1140 1533 1217 liquet,
1564 1140 1666 1199 An
1693 1140 1914 1200 scilicet
1940 1139 2059 1199 fato
2086 1140 2376 1199 voluerint
2403 1160 2607 1200 causas
2635 1160 2754 1200 om-

350 1243 457 1283 nes
503 1242 631 1282 esse
670 1221 968 1281 naturales
1008 1228 1069 1281 et
1113 1220 1397 1296 definitas,
1441 1220 1586 1279 adeo
1626 1229 1696 1279 ut
1733 1220 1972 1280 libertas
2011 1219 2329 1278 voluntatis
2367 1220 2653 1296 humanae,
2696 1228 2758 1280 et

350 1302 747 1380 contingentia
773 1308 1087 1361 eventuum
1111 1319 1217 1377 per
1240 1298 1388 1359 illud
1414 1300 1727 1376 tolleretur,
1758 1308 1818 1359 et
1841 1301 2001 1359 Deus
2021 1299 2146 1377 ipse
2172 1298 2249 1357 ad
2269 1298 2528 1357 ordinem
2557 1318 2758 1359 causa·

349 1402 498 1459 rum,
529 1402 635 1441 seu
658 1400 851 1440 rerum
878 1399 915 1439 a
940 1398 1003 1439 se
1030 1380 1391 1439 conditarum
1416 1379 1501 1439 ita
1524 1380 1875 1457 alligaretur,
1914 1387 1981 1438 ut
2007 1378 2174 1438 aliter
2200 1397 2372 1455 agere
2397 1398 2517 1437 non
2541 1386 2756 1455 posset,

352 1460 512 1540 quod
539 1462 721 1538 vulgo
748 1460 865 1519 illis
909 1458 1214 1538 objicitur3
1258 1458 1361 1519 An
1386 1478 1528 1519 vero
1554 1459 1846 1519 voluerint
1871 1467 2096 1519 tantum
2144 1455 2500 1518 decretorum
2530 1457 2756 1517 divino-

351 1562 483 1603 rum
508 1540 1035 1600 immutabilitatem
1062 1558 1333 1614 asserere,
1363 1558 1483 1599 non
1508 1558 1647 1599 vero
1676 1540 1774 1599 vel
1798 1540 2122 1599 libertatem
2150 1537 2418 1615 hominis,
2461 1538 2558 1597 vel
2585 1557 2758 1598 even·

354 1629 522 1682 tuum
548 1619 1002 1698 contingentiam
1040 1618 1263 1696 tollere,
1293 1627 1360 1678 ιιι
1383 1620 1614 1697 Lipsius
1655 1618 1858 1697 Physi.
1891 1618 2035 1679 Stoi.
2063 1618 2165 1678 lib.
2195 1618 2234 1678 i.
2263 1617 2490 1677 dissert.
2524 1621 2616 1678 12.
2647 1626 2762 1677 sta-

356 1700 488 1776 tuit,
519 1708 579 1760 et
604 1719 722 1760 non
748 1700 919 1777 pauci
946 1719 1078 1758 cum
1106 1718 1193 1775 eo,
1223 1697 1382 1777 quod
1406 1700 1644 1779 August.
1686 1699 1788 1759 lib.
1817 1718 1878 1759 v.
1907 1698 1980 1758 de
2009 1698 2074 1757 C.
2105 1699 2180 1758 D.
2209 1719 2260 1757 c.
2289 1700 2348 1758 8.
2377 1697 2632 1776 explicat
2669 1698 2765 1758 his

356 1780 569 1854 verbis,
616 1782 654 1813 “
683 1778 799 1853 Qui
822 1796 963 1837 vero
988 1797 1109 1837 non
1134 1787 1417 1838 astrorum
1450 1779 1919 1839 constitutionem
1959 1777 2132 1839 sicuti
2157 1785 2264 1854 est,
2292 1797 2472 1856 quum
2512 1777 2769 1856 quidque

360 1857 699 1935 concipitur,
730 1857 828 1915 vel
854 1855 1127 1931 nascitur,
1156 1857 1254 1916 vel
1296 1856 1617 1934 inchoatur,
1663 1859 1767 1918 sed
1793 1859 2050 1919 omnium
2091 1858 2510 1918 connexionem
2537 1856 2768 1917 seriem·

359 1956 474 2015 que
502 1955 821 2028 causarum,
856 1954 974 2028 qua
998 1934 1067 1993 fit
1092 1954 1273 2029 omne·
1288 1937 1447 2014 quod
1472 1937 1557 2013 fit,
1602 1937 1738 1997 Fati
1765 1938 1995 2019 nomine
2028 1938 2336 2015 appellant,
2379 1958 2498 1997 non
2523 1937 2770 1997 multum

360 2036 495 2077 cum
521 2035 607 2076 ers
626 2015 701 2074 de
728 2014 895 2073 verbi
920 2022 1314 2073 controversia
1352 2015 1731 2075 laborandum
1773 2025 1946 2093 atque
1987 2016 2322 2075 certandum
2363 2024 2470 2091 est,
2513 2017 2772 2094 quando·-

360 2095 597 2175 quidem
638 2094 829 2172 ipsum
868 2112 1171 2153 causarum
1211 2094 1472 2153 ordinem
1512 2102 1571 2154 et
1610 2094 1902 2173 quandam
1949 2095 2368 2155 connexionem
2411 2096 2525 2153 Dei
2567 2096 2776 2155 summi

363 2176 627 2237 tribuunt
669 2172 959 2233 voluntati
1012 2181 1072 2232 et
1124 2172 1414 2249 potestati,
1464 2174 1561 2251 qui
1606 2174 1820 2251 optime
1875 2182 1935 2233 et
1988 2173 2356 2233 veracissime
2411 2174 2665 2233 creditur
2717 2182 2778 2234 et

362 2262 572 2315 cuncta
598 2252 744 2313 scire
784 2260 1093 2330 antequam
1118 2250 1281 2328 fiunt,
1324 2259 1385 2311 et
1410 2252 1557 2311 nihil
1595 2253 1986 2313 inordinatum
2026 2252 2366 2329 relinquere,
2409 2272 2448 2311 a
2486 2272 2602 2330 quo
2643 2260 2780 2313 sunt

364 2353 567 2394 omnes
606 2339 939 2411 potestates,
983 2331 1251 2409 quamvis
1293 2332 1369 2392 ab
1409 2331 1511 2392 illo
1548 2352 1668 2391 non
1707 2334 1825 2392 sint
1860 2332 2116 2392 omnium
2149 2332 2497 2392 voluntates.
2581 2332 2778 2411 Ipsam

364 2414 561 2491 itaque
628 2411 916 2489 praecipue
966 2412 1077 2469 Dei
1126 2410 1337 2471 summi
1379 2412 1756 2487 voluntatem,
1807 2412 1974 2491 cujus
2015 2418 2273 2489 potestas
2318 2411 2782 2489 insuperabiliter

364 2514 470 2572 per
512 2499 720 2553 cuncta
777 2490 1107 2570 percipitur,
1154 2510 1255 2550 eos
1298 2490 1589 2569 appellare
1633 2492 1847 2552 Fatum
1891 2492 1976 2551 sic
2015 2490 2350 2570 probatur,”
2410 2489 2520 2551 &c.
2565 2511 2694 2570 quae
2729 2492 2780 2551 si

368 2581 505 2635 sunt
542 2591 747 2632 revera
786 2590 861 2631 ex
902 2572 1156 2648 genuina
1199 2570 1525 2632 Stoicorum
1566 2580 1776 2648 mente,
1821 2580 1888 2632 ut
1929 2590 2005 2632 ex
2041 2572 2256 2632 Seneca
2309 2580 2572 2633 constare
2615 2571 2780 2633 vide-

366 2664 479 2729 tur,
522 2672 643 2711 non
682 2650 1034 2729 exagitanda
1088 2658 1179 2712 est
1238 2651 1495 2728 ipsorum
1542 2651 1844 2726 sententia,
1887 2671 2018 2729 quoe
2059 2651 2134 2710 ad
2173 2651 2477 2712 veritatem
2517 2653 2781 2730 proxime

368 2732 611 2793 accedit.
698 2731 816 2790 Sed
848 2731 993 2808 ‚quia
1024 2750 1165 2790 usus
1207 2729 1364 2808 apud
1405 2731 1712 2810 plerosque
1751 2731 2018 2808 obtinuit,
2063 2739 2129 2790 ut
2167 2730 2326 2791 aliud
2369 2732 2579 2790 Fatum
2625 2733 2782 2792 Stoi·-

370 2813 457 2874 cis
508 2813 839 2891 imputetm,
904 2809 1061 2888 quod
1114 2809 1338 2870 scilicet
1395 2810 1629 2870 fatalem
1687 2819 1748 2870 et
1797 2811 2226 2871 ineluctabilem
2280 2813 2471 2870 rerum
2525 2811 2779 2870 omnium

369 2892 790 2967 necessitatem,
830 2898 891 2950 et
936 2909 1239 2950 causarum
1284 2909 1590 2970 rerumque
1632 2890 1784 2951 inter
1831 2911 1894 2952 se
1943 2892 2150 2950 seriem
2196 2898 2468 2951 aeternam
2509 2899 2569 2949 et
2615 2899 2782 2951 natu-

371 2973 551 3032 ralem
596 2971 778 3048 ponit,
828 2969 925 3030 eui
968 2971 1131 3030 Deus
1166 2969 1291 3048 ipsc
1334 2970 1706 3049 subjiciatur:
1757 2969 1880 3030 Nos
1927 2969 2001 3030 ab
2044 2971 2160 3030 illis
2202 2969 2540 3048 longissime
2579 2970 2784 3030 abesse

412 3051 724 3110 rofitemur.
828 3049 980 3107 Nam
1016 3069 1149 3109 cum
1205 3049 1294 3108 illi
1352 3050 1754 3110 necessitatem
1809 3050 1990 3128 vulgo
2035 3069 2249 3130 ponere
2296 3051 2562 3110 dieantur
2617 3059 2785 3110 extra

436 3149 591 3204 eum,
614 3127 679 3186 in
702 3135 980 3206 perpetuo
1008 3137 1067 3188 et
1094 3136 1309 3188 aeterno
1336 3149 1527 3189 rerum
1553 3149 1745 3205 nexu3
1791 3129 1914 3190 Nos
1941 3149 2069 3189 eam
2094 3129 2362 3209 ponimus
2388 3130 2450 3189 in
2476 3131 2603 3208 ipso
2633 3131 2778 3206 Deo,

373 3217 435 3269 et
461 3216 675 3267 aeterno
702 3207 832 3284 ejus
852 3206 1101 3266 decreto.
1166 3207 1265 3264 Illi
1289 3209 1479 3268 Deum
1504 3209 1862 3284 necessitati3
1908 3209 2031 3270 Nos
2057 3210 2456 3270 necessitatem
2487 3211 2615 3270 Deo
2648 3209 2783 3270 sub·

366 3289 621 3367 jicimus.
706 3284 807 3345 Illi
854 3305 1059 3345 causas
1086 3305 1287 3346 omnes
1328 3289 1619 3348 naturales
1647 3297 1708 3348 et
1753 3288 2022 3349 definitas
2060 3289 2391 3368 fingebant;
2437 3289 2492 3346 N
2493 3309 2560 3348 os
2581 3289 2784 3349 discriss

374 3387 511 3427 men
536 3365 885 3426 naturalium
912 3372 973 3424 et
996 3365 1305 3426 liberarum
1341 3375 1672 3428 constanter
1697 3377 1940 3444 tuemur,
1985 3377 2044 3428 et
2071 3377 2344 3446 utrasque
2371 3388 2408 3426 a
2435 3369 2550 3427 Dei
2587 3370 2782 3447 provi·

376 3446 575 3506 dentia
611 3443 863 3523 pendere
889 3445 1193 3506 credimus.
1279 3445 1453 3506 Unde
1492 3455 1652 3525 patet
1678 3467 1796 3508 non
1821 3467 1990 3526 posse
2031 3448 2146 3506 nisi
2186 3447 2564 3525 injustissime
2599 3448 2782 3508 fatum

381 3527 666 3601 Stoicum,
696 3544 767 3585 eo
794 3544 967 3585 sensu
994 3525 1367 3602 intellectum,
1399 3525 1674 3587 doctrinae
1701 3535 1913 3588 nostrae
1953 3526 2215 3604 impingi.
2299 3525 2464 3584 Licet
2489 3527 2644 3586 enim
2683 3547 2788 3604 per

376 3604 775 3668 inevitabilem
812 3606 1215 3666 necessitatem
1232 3605 1437 3666 ‘omnia
1460 3606 1588 3667 fieri
1614 3625 1950 3668 censeamus
1989 3625 2092 3684 per
2133 3604 2598 3681 Providentiam;
2639 3606 2788 3665 nihil

377 3705 683 3746 commune
708 3692 903 3746 tamen
928 3686 1097 3746 nobis
1126 3695 1215 3746 est
1241 3706 1373 3746 cum
1401 3687 1543 3765 ipsis
1567 3709 1583 3748 ε
1624 3686 1762 3764 quia
1787 3706 1902 3745 non
1935 3704 2210 3762 urgemus
2236 3683 2560 3744 absolutam
2587 3705 2784 3746 neces-

378 3767 611 3828 sitatem
637 3765 701 3824 in
726 3765 915 3826 causis
943 3766 1101 3845 ipsis,
1145 3774 1211 3826 ut
1237 3766 1341 3843 illi,
1386 3765 1490 3826 sed
1530 3765 1962 3844 hypotheticam
2003 3773 2228 3824 tantum
2268 3783 2343 3822 ex
2385 3764 2633 3840 decreto,
2677 3786 2785 3825 nec

379 3846 589 3906 seriem
614 3865 918 3905 causarum
944 3845 1267 3906 naturalem
1293 3855 1353 3906 et
1378 3854 1670 3921 aeternam,
1693 3844 1954 3922 adeoque
1981 3843 2374 3904 inevitabilem
2403 3844 2576 3902 ctiam
2593 3845 2786 3922 quoad

382 3925 593 3997 Deum,
620 3923 915 4001 fingimus,
940 3925 1047 3986 sed
1072 3926 1463 4004 temporalem,
1507 3934 1679 4004 prout
1706 3933 1841 3985 sunt
1866 3925 2008 4002 ipsae
2035 3944 2241 3998 causae,
2285 3943 2322 3982 a
2349 3925 2477 3983 Deo
2516 3924 2644 4002 ipso
2671 3925 2788 3984 fac·

378 4011 535 4080 tam3
580 4003 747 4079 eujus
770 4003 1133 4083 beneplacito
1160 4014 1220 4065 et
1254 4005 1525 4084 regimini
1552 4005 1636 4067 ita
1663 4005 1940 4084 subjacet,
1970 4012 2038 4064 ut
2056 4023 2184 4064 eam
2210 4023 2316 4082 pro
2341 4003 2512 4065 libitu
2539 4006 2637 4064 vel
2662 4025 2792 4066 mu-

380 4089 525 4158 tare,
554 4079 654 4140 vel
679 4081 977 4160 impedire,
1006 4084 1102 4144 vel
1130 4085 1335 4144 tollere
1360 4085 1563 4162 possit.

994 4164 1109 4222 VI.
1152 4163 1433 4238 Quartum
1460 4166 1690 4242 Fatum,
1727 4165 1886 4243 quod
1929 4183 2208 4225 vocamus
2255 4163 2652 4241 Ckrtktz‘anum,
2699 4172 2790 4226 est

403 4220 451 4267 4·
480 4216 847 4321 Fssfflnmumchfl*
916 4241 1095 4300 series
1122 4250 1182 4300 et
1222 4240 1363 4301 ordo
1404 4258 1706 4303 causarum
1749 4245 2008 4322 pendens
2049 4265 2086 4304 a
2128 4244 2345 4303 Divina
2392 4243 2786 4320 Providentia,

916 4339 1020 4398 per
1046 4339 1193 4398 quas
1234 4321 1339 4379 illa
1377 4320 1617 4382 effectus
1659 4343 1796 4383 suos
1841 4324 2126 4401 producit,
2171 4343 2288 4402 quo
2330 4344 2504 4384 sensu
2544 4324 2791 4383 Veteres

385 4422 505 4462 non
531 4419 663 4460 raro
687 4418 895 4458 vocem
923 4399 1027 4458 fati
1052 4407 1421 4476 usurparunt,
1452 4407 1511 4459 et
1542 4403 1784 4461 mm
1810 4403 1848 4461 i.
1877 4423 1934 4481 q.
1969 4407 2102 4479 126,
2149 4403 2276 4464 fuse
2304 4402 2451 4463 illud
2477 4402 2698 4480 probat,
2731 4409 2790 4461 et

386 4483 516 4562 ejus
565 4478 969 4540 certitudinem
1012 4485 1074 4538 et
1125 4478 1589 4538 immobilitatem
1634 4480 1899 4542 adstruit.
1985 4483 2120 4543 Hoc
2173 4502 2330 4558 vero,
2387 4481 2561 4540 modo
2614 4480 2793 4539 active

388 4560 653 4637 sumitur,
682 4579 789 4639 pro
816 4558 945 4638 ipso
972 4556 1174 4618 divino
1200 4557 1452 4635 decretu,
1480 4567 1543 4622 et
1570 4559 1654 4620 sic
1697 4581 1815 4622 non
1861 4561 2056 4622 differt
2104 4561 2179 4622 ab
2225 4561 2352 4639 ipsa
2399 4556 2790 4636 Providentia,

336 481 386 529 ³.
394 480 574 528 Fatum
589 476 825 533 Stoicum,
