3300 5225
502 358 578 416 92
1448 370 1629 411 Locus
1659 368 1979 412 sncunnus.
2482 345 2731 428 [qums-r.
2763 368 2890 411 vm.

577 514 698 573 XI.
746 516 802 572 7.
847 513 995 586 Quia
1036 512 1087 571 si
1114 510 1190 570 V.
1220 511 1288 570 Τ.
1332 510 1408 569 ad
1436 510 1794 570 Christianos
1834 526 1952 567 non
1991 498 2255 585 pertinet,
2299 526 2417 565 non
2459 508 2673 584 poterit
2715 510 2898 568 solide

494 593 726 673 probari
765 592 1044 651 adversus
1071 590 1116 651 J
1116 590 1315 650 udaeos
1340 590 1386 650 J
1388 609 1551 649 esum
1580 589 1874 648 Christum
1901 586 2262 645 Nazarenum
2287 604 2416 645 esse
2457 606 2660 645 verum
2689 588 2896 648 Messi-

494 694 621 748 am3
666 672 823 749 quod
850 670 1080 731 nonnisi
1106 690 1209 747 per
1242 670 1609 730 collationem
1640 668 2064 743 Scripturas-um
2105 674 2166 727 et
2204 665 2460 746 σῦγιιςιο-ιν
2499 666 2898 728 characterum

493 753 899 831 praedictorum
940 750 1003 809 in
1028 750 1164 809 Vet.
1195 749 1353 809 Test.
1382 748 1456 807 de
1498 748 1734 821 Messia,
1780 755 1838 806 et
1877 745 2243 822 impletorum
2282 746 2346 803 in
2371 746 2416 805 J
2417 765 2522 805 esu
2549 755 2752 805 nostro
2789 748 2898 807 sub

498 833 668 891 Novo
710 832 836 889 fieri
878 838 1087 908 potest,
1134 836 1199 890 ut
1241 830 1353 887 hoc
1384 848 1501 887 non
1542 827 1722 887 semel
1765 846 1801 883 a
1842 825 2071 883 Christo
2113 831 2172 884 et
2211 824 2516 904 Apostolis
2555 828 2895 904 praestitum,

498 913 641 971 Luc.
682 911 849 968 xxiv.
894 913 989 983 27,
1034 911 1147 983 44;
1186 900 1329 966 'Act.
1360 928 1418 966 x.
1450 910 1546 981 43,
1578 915 1637 965 et
1664 904 1808 963 xvii.
1843 907 1934 979 ll,
1979 912 2038 963 et
2079 904 2244 962 xxvi.
2289 908 2407 979 223
2467 905 2638 963 Rom.
2681 906 2766 965 iii.
2797 910 2896 966 21.

495 992 619 1049 Nec
640 998 908 1067 poterunt
934 988 979 1047 J
980 987 1134 1046 udaei
1160 986 1367 1045 erroris
1396 984 1677 1060 convinci,
1703 992 1762 1043 et
1788 983 1865 1041 ad
1881 982 2056 1041 fidem
2077 981 2321 1061 adduci3
2351 983 2489 1061 quia
2514 983 2672 1045 aliud
2687 986 2898 1063 princi-

494 1070 657 1148 pium
682 1088 799 1127 non
827 1075 1165 1146 agnoscunt.

872 1212 881 1223 Ι
1062 1145 1218 1203 XII.
1265 1144 1379 1203 Per
1404 1144 1613 1219 Leqem
1649 1150 1704 1201 et
1717 1142 2038 1217 Propheta-³
2063 1140 2164 1217 qui
2190 1142 2516 1201 debuerunt
2553 1142 2759 1203 durare
2797 1164 2893 1203 us-

524 1214 703 1259 Fontes
727 1212 933 1257 Solutxo-
979 1244 1092 1301 que
1120 1224 1195 1283 ad
1222 1225 1266 1283 J
1269 1224 1571 1297 ohannem,
1596 1220 1809 1280 Matth.
1839 1222 1920 1279 xi.
1949 1223 2040 1296 12,
2065 1240 2182 1279 non
2209 1222 2574 1299 intelligendi
2603 1232 2739 1281 sunt
2765 1222 2899 1281 libri

639 1285 770 1315 num.
976 1304 1054 1362 V.
1084 1303 1151 1361 T.
1182 1321 1495 1379 eorumque
1520 1302 1788 1376 durati03
1837 1299 1956 1359 Sed
1981 1300 2292 1359 oeconomt‘a
2328 1302 2392 1360 V.
2427 1303 2490 1359 Τ.
2522 1302 2734 1361 collata
2765 1322 2912 1361 cum-

493 1382 815 1441 oeconomia
836 1381 1006 1457 Novi,
1028 1402 1273 1459 quarum
1298 1381 1402 1440 illa
1428 1389 1553 1440 erat
1580 1380 1944 1458 Prophetica,
1975 1379 2089 1437 ista
2115 1379 2500 1458 Evangelica3
2536 1381 2639 1439 illa
2665 1381 2895 1441 umbra·

491 1463 611 1521 tilis
640 1470 699 1521 et
724 1460 921 1537 typica
947 1482 1077 1538 quae
1104 1461 1474 1538 promittebat
1504 1460 1783 1518 Messinm
1810 1458 2200 1519 exhibendum
2225 1482 2239 1535 ;
2272 1460 2396 1519 Ista
2423 1460 2576 1518 clara
2595 1468 2656 1520 et
2681 1469 2896 1538 aperta,

493 1561 622 1618 quae
650 1541 1039 1600 annunciabat
1064 1541 1343 1599 Messinm
1370 1539 1693 1599 exhibitum
1718 1562 1732 1599 ε
1777 1538 2040 1597 Christus
2068 1558 2208 1616 ergo
2235 1538 2382 1598 duos
2409 1538 2552 1598 istos
2579 1539 2782 1599 modos
2809 1560 2895 1599 re-

492 1621 799 1679 velationis
826 1620 978 1679 inter
1004 1640 1067 1679 se
1095 1619 1441 1679 conferendo
1469 1618 1626 1693 dicit,
1670 1619 1920 1695 primum
1957 1638 2062 1694 per
2087 1620 2382 1699 προφητείαν
2409 1617 2646 1679 durasse
2673 1626 2897 1679 tantum

493 1697 2900 1856 asiaissffirsassswsshazmbmch„..mm

722 1824 739 1855 ‚
2885 1814 2898 1825 .

536 1860 652 1917 isse
681 1878 716 1916 a
742 1859 787 1918 J
790 1858 1034 1917 ohanne.

497 1879 535 1937 P
577 1939 767 1997 XIII.
812 1938 1003 2012 Quum
1031 1937 1305 2015 Apostoli
1331 1936 1601 1999 dicuntur
1616 1936 1876 1995 Ministri
1898 1935 2164 2011 Spiritm,
2193 1956 2306 1995 non
2327 1936 2554 2012 Literoe,
2585 1940 2622 1995 2
2654 1936 2784 1995 Cor.
2815 1936 2895 1995 iii.

496 2021 551 2092 5,
585 2022 638 2093 6,
670 2038 773 2094 per
798 2018 1055 2077 Literam
1081 2037 1199 2076 non
1225 2016 1628 2093 intelliguntur
1654 2015 1790 2074 libri
1817 2016 1892 2075 V.
1912 2016 1981 2073 T.
2011 2017 2179 2093 quasi
2205 2016 2401 2075 nullus
2429 2016 2674 2093 amplius
2702 2034 2897 2075 eorum

492 2118 633 2157 usus
662 2117 787 2156 esse
816 2097 1067 2173 deberet,
1099 2116 1232 2156 cum
1258 2104 1453 2155 tamen
1478 2097 1694 2175 passim
1721 2094 1842 2153 illis
1879 2104 2155 2171 utantur3
2201 2096 2305 2155 sed
2332 2095 2682 2157 Oeconomia
2711 2096 2895 2173 Lega-

491 2178 567 2236 lis
595 2177 1067 2236 contradistincta
1096 2174 1485 2253 Evangelieae,
1516 2195 1647 2253 quse
1688 2176 1888 2235 multis
1927 2173 2116 2235 modis
2156 2175 2243 2233 illi
2281 2184 2536 2254 praestat,
2565 2194 2684 2233 non
2723 2176 2898 2233 modo

491 2257 713 2333 ratione
742 2257 1019 2316 claritatis
1047 2264 1107 2315 et
1133 2256 1547 2334 amplitudinis,
1580 2255 1684 2314 sed
1723 2255 2012 2332 praecipue
2039 2255 2262 2315 ratione
2289 2256 2572 2332 efficaciae,
2603 2255 2741 2333 quia
2779 2273 2900 2313 non

492 2346 716 2395 tantum
736 2338 907 2414 jubet
933 2345 995 2396 et
1019 2336 1263 2414 imperat
1290 2334 1539 2397 officium
1566 2344 1634 2396 ut
1663 2335 1808 2409 Lex,
1839 2334 1944 2393 sed
1969 2334 2144 2395 etiam
2171 2344 2456 2413 operatur,
2485 2353 2591 2412 per
2621 2334 2898 2411 Spiritum

496 2416 713 2491 Legem
742 2415 1108 2475 inscribendo
1136 2416 1197 2473 in
1225 2414 1513 2474 cordibus„

573 2496 755 2556 XIV.
799 2495 985 2554 Aliud
1011 2504 1102 2555 est
1128 2497 1501 2553 VetusFoedus
1528 2495 1883 2570 antiquatum
1909 2512 2036 2552 esse
2063 2494 2257 2571 quoad
2281 2495 2507 2552 modum
2532 2491 2894 2551 administra-

493 2575 672 2648 tionis,
704 2582 765 2634 et
792 2575 987 2652 quoad
1014 2574 1335 2633 accidentia
1370 2573 1620 2650 foederis,
1653 2573 1780 2632 sive
1807 2573 2268 2633 observationem
2296 2580 2590 2632 externam
2620 2590 2694 2651 ap
2735 2572 2895 2631 endi-

489 2673 621 2713 cum
662 2654 865 2713 foederi
906 2673 1299 2728 annexarum;
1343 2653 1500 2730 quod
1544 2653 1763 2712 Paulus
1801 2655 2022 2728 asserit,
2056 2654 2208 2713 Heb.
2239 2653 2360 2712 viii.
2395 2655 2502 2730 133
2549 2652 2692 2712 Aliu
2759 2672 2898 2712 vero

490 2734 684 2812 quoad
710 2754 831 2792 rem
855 2735 1311 2793 advnimktramm
1337 2742 1397 2793 et
1424 2733 1822 2810 substantiam,
1865 2753 1968 2793 seu
1993 2735 2276 2793 internam
2303 2732 2537 2792 foederis
2563 2732 2746 2812 ipsius
2784 2731 2897 2792 for-

490 2813 1275 2971 magisqugffiglggggptssqui
1314 2891 1387 2951 de
1414 2892 1619 2970 vigore
1658 2893 2127 2952 caeremoniarum
2155 2893 2232 2951 V.
2261 2893 2331 2951 T.
2359 2893 2460 2951 vel
2487 2891 2666 2970 Legis
2693 2910 2894 2950 secun-

488 2973 629 3032 dum
656 2973 821 3049 illas3
866 2971 1051 3032 Aliud
1078 2972 1151 3031 de
1178 2973 1499 3047 duratione,
1542 2980 1603 3032 et
1628 2972 1958 3050 cognitione
1987 2992 2054 3030 ac
2081 2971 2453 3032 meditatione
2479 2971 2756 3030 librorum
2787 2971 2896 3030 Le·

489 3053 585 3130 gis
612 3059 669 3110 et
698 3052 1134 3130 Prophetarum.
1180 3052 1350 3128 Quod
1375 3051 1635 3111 umbram
1663 3060 1888 3111 tantum
1915 3053 2092 3112 habet
2115 3051 2440 3112 futurorum
2467 3051 2748 3110 bonorum
2777 3069 2894 3108 non

487 3130 739 3208 pertinet
782 3132 857 3190 ad
902 3132 1277 3207 Christianos,
1323 3132 1425 3208 qui
1472 3132 1688 3191 habent
1727 3151 2061 3209 expressam
2101 3150 2292 3191 rerum
2333 3131 2662 3208 imaginem,
2705 3128 2898 3208 quoad

478 3212 725 3288 praxim
751 3219 811 3270 et
837 3213 1315 3271 obser-intimem.-
1352 3219 1543 3289 potest
1570 3221 1764 3270 tamen
1791 3212 2077 3288 pertinere
2103 3211 2298 3288 quoad
2325 3211 2640 3270 doctr-inam
2672 3220 2732 3270 ct
2757 3231 2894 3287 cog·

489 3291 783 3367 nitionem,
815 3299 875 3351 et
912 3291 1249 3350 relationem
1276 3291 1352 3350 ad
1376 3294 1458 3353 τὶν
1485 3291 1658 3350 εἰκόνα.
1746 3292 1874 3349 Imo
1916 3311 1992 3350 ex
2019 3291 2325 3350 collatione
2353 3291 2572 3350 umbrae
2612 3298 2672 3348 et
2698 3289 2896 3349 formes

950 3371 963 3384 .
1297 3371 1310 3384 .
1371 3372 1384 3384 .
1622 3373 1645 3400 ,
2503 3367 2514 3380 .

489 3370 1341 3526 ΘΧΡΧΥΘῖξῗὈιίιΙίιξῖιῗεῗῗίίἳῗῗιῖῒ
1350 3391 1557 3510 ἓὶὸηυὲιῖ
1584 3373 1841 3527 &emt
1869 3457 2066 3508 contra
2096 3449 2322 3509 Mosam
2351 3458 2411 3509 et
2449 3449 2576 3527 ipsa
2601 3457 2891 3526 praecepta

490 3530 685 3607 Legis,
708 3529 811 3590 sed
838 3531 961 3609 agit
986 3531 1180 3610 potius
1206 3531 1578 3608 interpretem
1606 3537 1666 3589 et
1686 3529 1975 3590 vindicem
1998 3529 2191 3606 Legis,
2217 3530 2568 3606 corruptelas
2589 3535 2649 3586 et
2677 3528 2894 3606 glosse-

488 3619 644 3670 mata
682 3631 813 3688 quae
852 3630 888 3669 a
927 3612 972 3671 J
972 3611 1269 3671 udaeorum
1310 3610 1605 3688 magistris
1645 3608 1856 3668 inferta
1893 3616 2059 3669 erant
2098 3609 2159 3667 in
2203 3610 2422 3687 Legem
2462 3606 2792 3688 rejiciendo,
2837 3616 2897 3667 et

486 3691 847 3829 {llamdnitfdri
876 3711 983 3752 suo
1020 3699 1081 3752 et
1117 3691 1371 3769 genuino
1410 3690 1607 3751 sensui
1644 3688 2040 3767 restituend03
2081 3697 2150 3750 ut
2175 3689 2474 3768 sigillatim
2501 3687 2796 3747 videbitur
2834 3687 2896 3744 in

510 3791 617 3829 oco
686 3791 717 3829 e
800 3791 831 3830 e
910 3817 927 3830 .

566 3851 782 3909 XVII.
828 3792 1109 3924 gnamvis
1152 3850 1450 3928 Scriptura
1490 3851 1565 3910 N.
1595 3851 1664 3909 T.
1699 3851 1958 3925 per-secta
1985 3848 2062 3908 sit
2089 3848 2363 3924 intensive,
2395 3847 2590 3924 quoad
2617 3847 2894 3907 doctrinae

486 3929 755 3987 salutaris
782 3930 1200 4004 substantiam3
1244 3948 1362 3987 non
1390 3939 1583 3988 tamen
1610 3929 1744 3988 talis
1777 3938 1868 3988 est
1899 3929 2190 4004 extensive,
2221 3927 2415 4004 quoad
2441 3947 2668 3987 omnem
2701 3927 2892 3986 Reve-

482 4007 717 4065 lationis
744 4007 956 4066 divinae
984 4007 1347 4067 latitudinem
1371 4031 1385 4082 ;
1416 4009 1553 4086 quia
1578 4009 1836 4085 loquitur
1861 4017 2086 4068 tantum
2114 4008 2186 4068 de
2217 4008 2446 4068 Christo
2474 4009 2752 4084 exhibito,
2777 4027 2894 4066 non

484 4105 625 4144 vero
652 4084 725 4144 de
752 4107 829 4146 eo
850 4086 1195 4162 exhibend»,
1227 4087 1384 4163 quod
1412 4087 1727 4147 testimonii
1753 4107 1938 4164 genus
1964 4088 2334 4148 utilissimum
2355 4087 2466 4148 fuit
2491 4086 2897 4148 confirmandae

484 4165 622 4224 fidei
645 4187 661 4224 ε
706 4163 849 4224 Ideo
889 4165 1164 4242 perfectio
1190 4166 1468 4231 librorum
1505 4167 1579 4226 N.
1609 4166 1678 4225 T.
1708 4169 1824 4225 non
1863 4167 2122 4227 excludit
2147 4187 2316 4227 usum
2342 4165 2620 4228 librorum
2649 4167 2725 4227 V.
2769 4177 2894 4225 tum

486 4245 627 4321 quia
671 4264 734 4303 se
778 4245 947 4304 inniti
994 4253 1279 4305 testantur
1318 4246 1396 4305 V.
1425 4246 1535 4322 T.;
1591 4254 1718 4304 turn
1760 4247 1897 4323 quia
1939 4248 2206 4307 iteratum
2245 4248 2500 4325 plurium
2540 4247 2776 4306 testium
2821 4245 2894 4302 de

485 4323 687 4382 eadem
730 4344 791 4382 re
830 4324 1225 4384 testimonium
1261 4325 1512 4386 validius
1552 4334 1641 4386 est
1683 4335 1948 4406 respectu
1985 4328 2184 4404 nostri,
2229 4337 2288 4387 et
2313 4327 2455 4387 facit
2495 4325 2572 4386 ad
2607 4327 2889 4404 majorem

483 4402 621 4462 fidei
648 4413 858 4464 nostrae
885 4405 1188 4476 ἀσφάλειαν.
1256 4441 1259 4446 -

566 4483 817 4544 XVIII.
863 4485 1031 4560 Quod
1059 4485 1220 4544 nullo
1246 4484 1418 4544 modo
1448 4485 1647 4545 datum
1674 4485 1783 4546 fuit
1811 4506 1846 4544 a
1875 4487 2125 4563 ChristO,
2155 4505 2264 4546 nec
2291 4487 2554 4544 meditate
2579 4503 2688 4543 nec
2707 4483 2893 4542 imme-

484 4564 653 4640 diate,
685 4563 747 4623 id
773 4584 890 4623 non
916 4565 1166 4642 pertinet
1194 4565 1269 4623 ad
1288 4565 1663 4625 Christianos.
1753 4567 1868 4626 Sed
1898 4567 2025 4625 Lex
2055 4586 2184 4644 quae
2212 4566 2349 4625 data
2376 4565 2486 4624 fuit
2510 4585 2614 4642 per
2643 4565 2890 4640 Mosem,

486 4643 621 4703 data
658 4644 831 4703 etiam
868 4644 977 4705 suit
1017 4665 1052 4706 a
1080 4645 1334 4721 Christe,
1376 4667 1479 4724 per
1520 4647 1746 4706 Moscm
1773 4655 1840 4706 ut
1879 4665 2130 4722 servum,
2151 4667 2196 4705 a
2237 4645 2466 4706 Christo
2503 4653 2568 4704 ut
2610 4643 2896 4705 Domino:
