3300 5225
604 288 721 344 498
1528 306 1710 349 Locus
1741 306 2043 347 sni-rmus·
2615 284 2878 365 [omns-r.
2917 302 3044 341 vu-

606 454 804 503 rentur
832 444 1140 504 Christiani
1184 446 1245 504 in
1284 447 1428 506 locis
1456 447 1698 507 occultis
1727 447 2034 507 convenire
2078 454 2312 525 propter
2352 444 2798 523 persecutiones,
2829 454 2894 503 et
2943 444 3038 501 ibi

608 544 808 603 preces
836 534 895 583 et
922 526 1228 585 conciones
1268 527 1497 604 habere,
1534 536 1600 587 ut
1628 528 1883 588 ostendit
1910 528 2297 604 Hospinianus
2325 526 2396 585 de
2439 524 2600 603 Orig.
2631 525 2856 601 Templ.
2889 542 3032 599 cap.

610 607 665 661 5.
752 604 917 662 Idem
960 604 1143 682 liquet
1182 627 1259 665 ex
1300 626 1369 665 eo
1412 607 1571 684 quod
1613 607 1757 667 dicit
1795 606 1869 667 de
1896 610 2209 681 Monachia,
2249 615 2308 665 ct
2337 626 2534 665 eorum
2561 604 3028 677 consecratione,

608 686 1870 842 ‘iiteffaassimZiussifflssmeffffiossffi
1911 682 3032 826 Οὲῗῗέῗῖἒὼὲἓὲωῗὲῗῗὲοῗεῗὲὲῗ

612 842 887 919 scribunt,
917 809 1063 921 qilos
1092 854 1311 905 certum
1341 854 1431 905 est
1457 846 1679 923 aliquot
1706 855 1837 923 post
1865 788 2282 924 Ali-eopagitam
2311 845 2523 903 seculis
2547 844 2785 908 vixisse.
2871 841 3020 901 Alia

606 922 777 999 plura
804 932 1143 999 argumenta
1184 926 1299 985 huc
1338 925 1609 985 facientia
1636 926 1972 1000 omittimus,
2003 946 2131 1003 quae
2157 925 2347 983 videri
2389 933 2633 1001 possunt
2659 923 2814 1001 apud
2840 923 3016 981 122·oe-

610 1010 725 1059 tum
766 1003 826 1059 in
866 1003 1078 1062 Critico
1120 1025 1300 1080 sacre,
1335 1005 1728 1065 Oasaubonum
1767 1006 1828 1063 in
1878 1006 2050 1065 Baro.
2080 1006 2271 1082 Appa.
2315 1004 2354 1063 i.
2402 1004 2461 1063 S.
2506 1006 2601 1080 99,
2649 1012 2708 1063 et
2751 1002 3020 1081 inprimis

608 1082 741 1139 Joh.
773 1084 1075 1157 Damnum,
1107 1085 1207 1160 qui
1232 1086 1509 1162 peculiari
1537 1093 1785 1144 tractatu
1811 1086 1924 1144 hoc
1951 1092 2353 1163 argumentum
2383 1083 2727 1142 solidissime
2757 1090 2844 1141 est
2873 1102 3016 1140 exe-

610 1168 795 1236 cutus,
840 1170 899 1220 et
946 1162 1259 1223 clarissime
1288 1164 1723 1240 demonstravit,
1767 1183 1884 1223 non
1925 1174 2058 1224 ante
2096 1164 2363 1242 quintum
2391 1162 2665 1237 seculum,
2708 1161 2904 1236 libros,
2939 1162 3016 1219 de

609 1240 820 1316 quibus
847 1241 1054 1318 agitur,
1088 1244 1333 1321 scriptos
1359 1244 1554 1321 fuisse,
1586 1254 1644 1304 et
1671 1254 1737 1304 ut
1763 1245 1950 1323 major
1973 1245 2094 1303 illis
2119 1242 2438 1303 authoritas
2465 1242 2879 1316 conciliaretur,
2909 1260 3018 1299 eos

610 1320 718 1378 sub
746 1321 977 1380 nomine
1007 1321 1278 1401 Dionysii
1305 1324 1678 1402 Areopagitae
1709 1324 2031 1385 Authorem
2059 1324 2311 1383 edidisse
2339 1331 2399 1382 et
2423 1322 2771 1381 venditasse.

612 1436 953 1485 Commeatum
974 1438 1092 1485 Hio-
1212 1403 1361 1461 VII.
1409 1403 1525 1462 Sed
1570 1404 1808 1481 propius
1855 1406 2084 1464 vanitas
2126 1402 2480 1462 Hierarchiae
2529 1402 2698 1461 istius
2739 1400 3012 1474 eoelestis,

666 1497 871 1543 ran-ohim
890 1499 1096 1543 coelestis
1138 1502 1311 1560 quam
1342 1482 1596 1542 Pseudo·
1604 1483 1923 1559 Dionysius
1964 1482 2298 1563 excogitare
2325 1482 2528 1557 voluit,
2565 1479 2874 1557 aperienda
2899 1490 3014 1538 est.

670 1554 928 1599 rofutatur.
1132 1562 1344 1637 Primo,
1360 1562 1497 1639 quia
1522 1562 1705 1621 altum
1722 1562 1794 1620 de
1823 1582 1893 1621 ea
1920 1563 2076 1641 apud
2103 1563 2349 1621 Paulum
2377 1571 2466 1621 est
2493 1560 2803 1635 silentium,
2833 1579 2872 1617 a
2895 1579 3018 1635 quo

610 1646 803 1697 tamen
829 1640 928 1699 ille
972 1660 1033 1699 se
1060 1660 1187 1699 eam
1230 1642 1519 1719 accepisse
1540 1643 1744 1720 jactat.
1803 1642 2192 1719 ⁸Angelorum
2217 1641 2452 1720 quidem
2479 1642 2646 1718 plura
2672 1640 2906 1699 nomina
2953 1648 3018 1699 et

608 1715 840 1776 diversa
865 1720 1081 1797 passim
1097 1730 1336 1798 usurpat
1358 1742 1374 1797 ;
1402 1740 1613 1779 novem
1642 1730 1833 1780 autem
1862 1742 1990 1781 esse
2010 1742 2208 1782 eorum
2231 1722 2460 1780 ordines
2477 1721 2539 1779 in
2558 1729 2674 1779 tres
2697 1719 2910 1779 classes
2929 1718 3020 1777 ita

608 1794 962 1873 distributos,
1014 1808 1077 1858 ut
1113 1807 1230 1857 tres
1280 1800 1524 1877 singulis
1568 1800 1852 1861 elassibus
1895 1802 2310 1876 contineantur,
2359 1810 2418 1860 et
2455 1800 2784 1877 quicunque
2825 1798 3018 1877 prima

610 1877 990 1953 continentur,
1035 1898 1134 1937 eos
1162 1880 1259 1938 vel
1300 1880 1565 1939 Thronos
1606 1900 1750 1955 esse,
1781 1881 1880 1940 vel
1925 1881 2241 1958 Seraphim,
2279 1879 2374 1937 vel
2417 1879 2744 1953 Chembm,
2792 1877 3018 1936 Paulus

610 1975 893 2033 nusquam
922 1958 1139 2035 definit,
1170 1978 1237 2017 ac
1266 1978 1339 2017 ne
1366 1959 1660 2019 levissime
1688 1960 1940 2036 quidem,
1971 1962 2068 2019 vel
2095 1980 2212 2019 uno
2241 1959 2418 2017 verbo
2445 1959 2530 2018 ita
2554 1957 2884 2017 definienda
2910 1956 3015 2015 de-

608 2035 808 2095 cernit.
880 2038 1002 2096 Nec
1045 2038 1491 2115 confugiendum
1534 2048 1624 2098 est
1663 2038 1741 2097 ad
1779 2040 2147 2099 traditionem
2187 2038 2434 2118 ἔῃιφου,
2481 2038 2648 2115 quasi
2675 2037 2814 2095 viva
2843 2056 3014 2111 voce,

606 2134 724 2175 non
754 2117 982 2199 scripte,
1016 2138 1151 2177 suos
1178 2118 1492 2196 discipulos
1518 2120 1643 2178 haec
1671 2121 1949 2195 mysteria
1975 2119 2251 2196 docuerit,
2279 2118 2419 2195 quia
2461 2117 2800 2194 supponitur
2827 2116 3018 2193 gratis

609 2194 735 2253 dari
762 2197 935 2255 talem
965 2198 1215 2275 aliquam
1243 2198 1647 2275 traditionem3
1708 2200 1788 2259 Et
1813 2199 2022 2259 falsum
2049 2198 2224 2258 etiam
2251 2216 2378 2257 csse
2420 2218 2496 2256 ex
2523 2217 2592 2255 eo
2630 2195 3014 2273 deprehendi·

608 2284 719 2350 tur,
764 2276 923 2353 quod
960 2297 1067 2336 nec
1096 2278 1452 2353 Timotheus,
1480 2297 1591 2337 nec
1618 2278 1805 2355 Titus,
1835 2297 1942 2338 nec
1983 2278 2085 2337 alii
2127 2278 2296 2337 Pauli
2322 2276 2608 2355 discipuli,
2639 2276 2850 2353 quibus
2876 2294 3014 2352 pro-

609 2354 882 2414 culdubio
922 2356 1048 2416 haec
1089 2356 1438 2432 tradidisset,
1466 2376 1587 2416 non
1610 2358 1806 2417 minus
1847 2378 1915 2417 ac
1945 2358 2246 2436 Dionysio,
2276 2357 2425 2415 nihil
2460 2356 2534 2415 de
2571 2356 2689 2414 illis
2731 2355 3012 2433 scriptum

607 2434 978 2511 reliquerunt.
1063 2440 1119 2495 2.
1171 2436 1235 2494 Si
1262 2456 1337 2495 ex
1365 2437 1543 2496 variis
1584 2438 2067 2515 appellationibus
2092 2438 2270 2496 variae
2303 2445 2440 2496 sunt
2465 2434 2832 2495 instituendae
2861 2434 3012 2493 Hie-

606 2514 862 2587 rarehiae,
894 2514 1177 2573 ternarius
1216 2516 1431 2593 triplex
1470 2536 1589 2576 non
1630 2517 1932 2592 sufficeret,
1965 2517 2182 2594 Angeli
2211 2517 2364 2575 enim
2389 2522 2674 2575 vocantur
2699 2514 2873 2573 etiam
2913 2514 3010 2573 Vt·-

600 2592 757 2669 giles,
803 2594 1108 2653 Emer-citus
1136 2596 1265 2672 Dei,
1310 2606 1364 2656 et
1405 2597 1549 2656 Filii
1588 2597 1720 2673 Dei,
1759 2594 1866 2657 &a
1913 2599 1969 2657 3.
2021 2597 2234 2657 Omnes
2281 2597 2389 2655 hos
2437 2595 2668 2655 ordines
2711 2594 3016 2672 perturbat

606 2670 944 2750 Apostolus,
976 2694 1154 2752 quum
1184 2695 1385 2736 omnes
1410 2686 1585 2737 vocat
1620 2679 1852 2753 spirim
1885 2677 2413 2751 adminsswatovios,
2447 2675 2600 2734 Heb.
2631 2675 2670 2734 i.
2705 2677 2796 2748 14,
2828 2673 2929 2751 qui
2955 2675 3012 2732 si

604 2751 680 2810 ad
720 2752 1046 2814 inferiorem
1088 2755 1331 2815 classem
1374 2757 1763 2831 detrahantur,
1807 2757 2018 2834 peribit
2057 2757 2150 2815 vis
2190 2755 2516 2833 argumenti
2557 2751 2845 2831 Apostoli,
2889 2773 3007 2830 quo

602 2832 845 2909 probare
874 2835 1087 2910 satagit
1110 2833 1375 2910 Angelos
1397 2836 1627 2894 Christo
1650 2856 1771 2894 non
1797 2855 1926 2896 esse
1954 2835 2281 2912 aequandos,
2310 2835 2471 2912 quod
2496 2834 2570 2894 de
2591 2834 2858 2893 omnibus
2882 2852 3006 2892 om-

604 2911 745 2969 nino
772 2921 862 2970 est
888 2913 1349 2988 intelligendum.
1392 2915 1449 2971 4.
1479 2915 1672 2973 Nullae
1699 2915 2078 2992 proprietates
2105 2935 2180 2973 ex
2206 2915 2500 2974 notatione
2528 2931 2738 2972 vocum
2765 2913 3003 2971 istarum

604 2999 897 3066 eruuntur,
928 3011 1058 3068 quae
1100 2992 1368 3051 omnibus
1398 2992 1647 3070 Angelis
1687 3013 1805 3052 non
1845 2992 1962 3052 sint
2001 3013 2350 3070 communes,
2387 3013 2586 3053 omnes
2623 2991 2778 3051 enim
2803 2991 3002 3050 vident

606 3069 813 3143 Deum,
835 3079 893 3128 et
920 3069 1145 3129 fervent
1172 3071 1301 3149 ejus
1328 3091 1538 3147 amore,
1570 3091 1770 3132 omnes
1797 3073 1970 3133 etiam
1997 3074 2322 3133 mittuntur.
2367 3076 2423 3133 5.
2453 3072 2527 3131 Ιιι
2553 3071 2739 3150 prima
2768 3071 3000 3130 Hierat-

604 3147 735 3206 chia
760 3148 1025 3208 locantur
1050 3149 1137 3208 illi
1166 3151 1267 3228 qui
1295 3170 1520 3228 semper
1558 3153 1688 3211 Deo
1713 3151 1959 3229 adstant,
2006 3161 2066 3212 et
2089 3172 2377 3230 nusquam
2404 3153 2712 3212 mittuntur
2747 3149 2811 3208 in
2837 3169 2996 3208 mun—

602 3226 740 3286 dum
765 3249 780 3303 3
826 3227 912 3286 At
936 3229 998 3287 in
1032 3230 1327 3307 Scriptura
1356 3232 1666 3291 Cherubim
1695 3240 1754 3292 et
1785 3231 2085 3310 Seraphim
2110 3232 2386 3309 leguntur
2411 3230 2589 3307 missi,
2619 3239 2680 3290 et
2706 3237 2997 3289 versantes

602 3307 869 3383 interris,
900 3307 1016 3368 Isa.
1046 3309 1126 3368 vi.
1158 3311 1213 3385 6,
1246 3311 1395 3370 Gen.
1426 3311 1505 3370 iii.
1536 3315 1632 3372 24.
1679 3315 1734 3373 6.
1768 3313 1913 3372 Haec
1937 3311 2296 3373 Platonicam
2323 3311 2581 3371 scholam
2609 3309 2858 3387 sapiunt,
2885 3327 2996 3366 non

607 3385 907 3446 Paulinam
930 3411 945 3464 ;
990 3390 1073 3448 sic
1101 3389 1253 3449 enim
1278 3391 1715 3469 distinguebant
1741 3391 1962 3452 Genios
1990 3412 2127 3452 suos
2152 3392 2216 3450 in
2237 3391 2689 3468 supercoelestes,
2719 3389 2994 3462 coelestes,

600 3475 661 3525 et
678 3467 1068 3546 subcoelestes,
1098 3478 1163 3529 ut
1190 3470 1389 3530 videre
1416 3481 1506 3531 est
1532 3473 1688 3548 apud
1715 3473 2044 3532 Iamblicum
2069 3472 2130 3528 in
2157 3470 2449 3549 mysteriis
2477 3469 2910 3548 AEgyptiorum,
2941 3477 2998 3526 et

602 3546 759 3624 apud
784 3548 1053 3608 Proclum
1079 3550 1141 3607 in
1170 3549 1551 3610 Alcibiadem*
1567 3551 1844 3612 Platonis.

683 3626 867 3686 VIII.
890 3627 1085 3688 Variae
1112 3630 1532 3707 appellationes
1558 3651 1689 3707 quae
1717 3629 2050 3691 tribuuntur
2076 3631 2326 3708 Angelis
2352 3631 2426 3689 ab
2455 3629 2761 3707 Apostolo,
2793 3628 2914 3687 col.
2935 3627 2991 3702 i.,

598 3725 718 3766 non
744 3707 991 3784 probant
1015 3708 1209 3766 varias
1236 3709 1451 3769 classes
1494 3709 1872 3787 Angelorum,
1903 3711 2040 3788 quia
2065 3729 2182 3769 non
2209 3709 2432 3770 obtinet
2478 3709 2560 3769 ibi
2601 3707 2701 3768 ille
2728 3725 2994 3766 numerus

600 3804 773 3862 quem
795 3785 1036 3862 jactant,
1074 3787 1234 3846 nulla
1260 3789 1413 3847 enim
1442 3809 1512 3847 eo
1538 3791 1668 3848 loco
1711 3789 1926 3849 mentio
1951 3789 2020 3849 fit
2047 3789 2520 3865 Cherubinorum,
2565 3797 2624 3847 et
2655 3786 2991 3864 Seraphino-

599 3883 745 3937 rum,
776 3883 883 3923 nec
912 3863 1429 3944 Archangelorum‚
1475 3876 1575 3927 aut
1602 3869 1966 3946 Angelorum
1989 3891 2005 3946 ς
2048 3869 2154 3928 sed
2178 3868 2262 3928 ita
2286 3869 2557 3946 loquitur,
2587 3867 2686 3926 vel
2713 3887 2788 3926 ex
2815 3866 2988 3942 hypo·

598 3942 751 4000 thesi
789 3942 1090 4002 Platonica
1116 3944 1551 4022 Angelicorum,
1584 3957 1784 4006 contra
1823 3967 1970 4024 quos
2011 3947 2284 4025 disputat,
2327 3949 2430 4025 qui
2469 3947 2683 4007 talibus
2731 3943 2991 4023 epithetis

601 4020 885 4080 ornabant
910 4021 1173 4100 Angelos
1200 4025 1275 4082 ad
1302 4025 1652 4104 multiplices
1688 4027 1920 4086 ordines
1959 4047 2158 4088 eorum
2183 4026 2503 4104 notandos;
2548 4026 2665 4085 Vel
2705 4031 2840 4086 sunt
2865 4023 2989 4082 bea-

588 4107 790 4158 -torum
832 4100 1072 4160 istorum
1114 4103 1417 4181 spirituum
1461 4104 1669 4180 elogia,
1715 4125 1844 4182 quse
1884 4107 2120 4184 faciunt,
2149 4107 2302 4166 Tum
2343 4106 2418 4165 ad
2445 4105 2848 4166 celebrandam
2883 4103 2989 4162 Dei

598 4177 977 4255 majestatem,
1012 4181 1199 4258 Regio
1227 4183 1393 4258 quasi
1422 4183 1693 4244 satellitio
1723 4186 2008 4264 stipatam,
2051 4188 2114 4246 hi
2139 4187 2294 4246 enim
2326 4187 2476 4245 inter
2505 4185 2700 4262 Reges
2727 4183 2985 4257 eminent,

596 4258 699 4396 qui
724 4259 1078 4335 apparitores
1104 4261 1319 4321 habent
1345 4262 1491 4321 alios
1520 4263 1716 4342 Reges
1743 4275 1802 4326 et
1830 4266 2128 4343 Principes
2149 4289 2164 4342 ;
2209 4267 2359 4326 Tum
2385 4265 2462 4324 ad
2489 4262 2984 4325 commendandam

640 4337 940 4416 ignitatem
980 4347 1201 4400 naturae
1230 4339 1551 4420 Angelicae,
1596 4352 1655 4403 et
1695 4345 2080 4405 denotandam
2123 4346 2500 4423 multiplicem
2549 4343 2880 4417 officiorum,
2919 4340 2986 4400 ad

596 4438 727 4496 quae
754 4427 1056 4494 vocantur,
1082 4420 1417 4480 varietatem
1446 4433 1505 4484 et
1532 4423 1860 4501 efficaciam,
1890 4426 2220 4485 nominibus
2246 4425 2445 4503 petitis
2471 4423 2547 4482 ab
2573 4423 2662 4500 iis,
2695 4443 2824 4500 quae
2852 4423 2986 4479 inter

595 4497 860 4559 homines
914 4499 989 4557 ad
1032 4499 1446 4578 designandam
1502 4505 1842 4564 varietatem
1893 4525 2195 4566 munerum
2237 4514 2299 4564 et
2341 4497 2691 4582 dignitatum
2741 4501 2982 4561 obtinere

598 4579 801 4639 solent.
876 4579 1023 4639 Nam
1052 4580 1111 4638 in
1140 4581 1343 4658 politia
1370 4591 1503 4642 sunt
1538 4585 1766 4659 Tho-oni,
1797 4585 1998 4662 quales
2027 4593 2162 4646 sunt
2185 4584 2414 4661 Regum
2443 4593 2502 4644 et
2532 4582 2992 4650 Monarcharum,
