3300 5225
517 344 635 399 422
1492 359 1675 399 Locus
1704 358 1975 407 Qumrus.
2533 336 2786 418 [Quaes‘r.
2818 359 2927 400 x11.

523 508 682 559 terea
707 498 1078 559 confunditur
1117 518 1246 559 cum
1274 499 1533 577 potentia
1571 498 1838 576 naturali,
1868 498 2007 575 quia
2046 496 2158 556 ista
2196 504 2417 556 naturae
2460 498 2929 557 constitutionem

524 578 586 635 in
615 597 831 671 genere
852 580 1002 638 entis
1042 578 1310 657 respicit3
1354 578 1464 638 Ille
1493 598 1632 638 vero
1674 586 1895 637 naturae
1924 577 2250 637 constitutae
2291 575 2701 655 perfectionem
2728 577 2789 635 in
2830 598 2933 655 ge-

525 676 660 717 nere
686 676 882 718 mons.

1436 892 1823 969 QUAESTIO
1871 892 2027 951 XII.

529 1052 624 1113 An
641 1052 868 1129 primus
891 1054 1054 1113 homo
1080 1060 1210 1111 ante
1237 1054 1460 1129 lapsum
1499 1052 1973 1111 immortalitatem
2013 1050 2283 1124 habuerit,
2312 1050 2409 1110 An
2444 1068 2581 1109 vero
2620 1060 2835 1110 natura
2880 1062 2937 1112 et

608 1134 917 1193 conditione
944 1132 1133 1207 fimit
1171 1132 1428 1190 mortalis
1447 1133 1476 1191 ,²
1537 1132 1709 1191 Prius
1750 1130 1996 1206 Affirm.,
2030 1130 2251 1188 Poster.
2284 1130 2465 1213 Neg,
2480 1138 2681 1189 contra
2710 1131 2933 1191 Socini-

609 1230 769 1270 anos.
1975 1239 1981 1244 -

613 1368 664 1427 Ι.
707 1368 797 1429 Ut
820 1368 1111 1429 Sociniani
1133 1375 1349 1446 negant
1374 1367 1679 1427 «Iustitiam
1720 1366 2059 1445 originalem
2086 1365 2281 1426 datam
2320 1365 2499 1427 fuisse
2528 1367 2797 1444 Adamo;
2841 1370 2937 1429 Ita

527 1448 737 1507 nolunt
761 1468 1078 1525 agnoscere
1103 1449 1232 1527 ejus
1259 1448 1749 1523 immortalitatem,
1773 1467 1903 1524 quae
1926 1446 2127 1506 debuit
2143 1465 2269 1505 esse
2292 1466 2649 1524 consequens
2670 1449 2932 1525 justitiae,

529 1536 588 1587 et
614 1526 962 1605 pertendunt
987 1536 1228 1587 mortem
1257 1526 1434 1586 fuisse
1463 1528 1756 1604 sequelam
1784 1535 2021 1601 naturae,
2052 1545 2169 1584 non
2198 1525 2547 1604 stipendium
2572 1528 2811 1604 pcccati,
2852 1529 2934 1587 ita

529 1615 598 1666 ut
622 1608 796 1665 homo
822 1608 1134 1666 moriturus
1159 1606 1379 1683 fuisset,
1411 1607 1522 1665 etsi
1560 1625 1854 1683 nunquam
1882 1614 2195 1684 peccasset.
2282 1606 2505 1683 Scopus
2544 1614 2635 1665 est
2676 1616 2937 1667 evertere

531 1694 832 1763 peccatum
859 1686 1116 1764 originis,
1188 1685 1307 1745 uod
1349 1706 1385 1745 a
1427 1695 1627 1761 morte,
1656 1694 1934 1763 tanquam
1962 1705 1997 1743 a
2023 1684 2255 1763 proprio
2282 1684 2491 1744 effectu
2517 1686 2577 1743 in
2620 1685 2939 1747 infantibus

532 1764 866 1840 adstruitur,
897 1774 957 1825 et
988 1706 1450 1826 Satisi‘lictionem
1479 1765 1696 1825 Christi
1721 1785 1826 1843 pro
1852 1766 2021 1825 nobis
2048 1784 2280 1841 negare.

1137 1844 1223 1903 ΙΙ.
1267 1846 1400 1903 Νοιι
1427 1845 1703 1921 quaeritur
1730 1845 1803 1904 de
1831 1845 2249 1903 inmortalitate
2268 1844 2559 1921 essentiali,
2584 1852 2644 1903 et
2661 1846 2932 1923 absoluta,

1055 1923 1116 1981 in
1143 1943 1260 2000 qua
1301 1925 1462 1983 nulla
1504 1932 1610 1999 est,
1660 1925 1759 1983 vel
1800 1924 2129 1999 intrinseca,
2160 1923 2259 1983 vel
2301 1924 2629 1983 extrinseca
2668 1924 2935 1985 interitus

1054 2022 1244 2078 causa,
1275 2022 1406 2081 quae
1449 2004 1560 2063 soli
1588 2004 1717 2062 Deo
1757 2004 2048 2081 competit,
2079 2002 2181 2081 qui
2222 2004 2353 2063 ideo
2381 2012 2623 2063 vocatur
2652 2007 2801 2065 solus
2827 2006 2929 2063 im-

533 2082 805 2158 mortalis,
841 2084 894 2142 1.
916 2082 1170 2141 Timoth.
1199 2083 1279 2141 vi.
1308 2086 1410 2158 163
1447 2083 1564 2143 Sed
1590 2082 1664 2142 de
1681 2084 2100 2143 immortalitate
2119 2093 2469 2159 comparata,
2494 2092 2552 2141 et
2561 2086 2935 2161 paracqpata

533 2164 591 2220 2.
623 2162 756 2221 Non
798 2161 872 2220 de
913 2162 1331 2221 immortalitate
1373 2163 1578 2221 animas
1603 2163 1665 2221 in
1701 2183 1906 2240 qencre
1932 2164 2089 2239 entis,
2120 2174 2179 2222 et
2218 2162 2412 2240 quoad
2439 2170 2653 2222 statum
2695 2172 2931 2240 naturae,

533 2260 664 2317 quae
693 2242 966 2319 competit
1005 2242 1093 2299 illi
1117 2242 1180 2299 in
1207 2242 1467 2318 quolibet
1508 2250 1701 2319 statu3
1748 2242 1867 2303 Sed
1895 2243 1968 2302 de
2001 2242 2429 2302 immortalitate
2466 2243 2718 2302 hominis
2746 2244 2805 2302 in
2838 2264 2936 2319 ye-

533 2340 668 2379 nere
714 2322 904 2395 moris,
954 2329 1014 2379 et
1060 2319 1252 2399 quoad
1293 2321 1642 2381 felicitatem.
1744 2325 1801 2382 3.
1845 2322 1978 2382 Non
2018 2322 2091 2381 de
2124 2322 2540 2381 immortalitate
2559 2324 2775 2399 ylon'ae,
2806 2343 2939 2400 quae

531 2400 720 2477 posita
747 2409 837 2459 est
863 2401 924 2458 in
953 2400 1276 2477 impotentia
1315 2403 1568 2461 absoluta
1607 2403 1901 2477 moriendi,
1932 2420 2061 2480 quae
2109 2402 2249 2461 solis
2291 2401 2477 2460 beatis
2514 2403 2800 2477 convenit,
2846 2422 2936 2461 se-

531 2480 784 2539 cundum
813 2499 986 2557 quam
1014 2499 1131 2538 non
1157 2488 1429 2557 poterunt
1455 2480 1705 2559 amplius
1731 2481 1916 2557 mori;
1964 2480 2081 2540 Sed
2113 2480 2186 2539 de
2214 2482 2629 2541 immortalitate
2653 2483 2775 2556 viae,
2806 2501 2937 2558 quae

534 2560 646 2618 sita
671 2566 762 2618 est
787 2559 849 2616 in
865 2560 1122 2635 potentia
1147 2580 1260 2618 non
1285 2560 1564 2620 moriendi
1587 2561 1983 2636 conditionata,
2014 2580 2117 2638 per
2142 2580 2315 2638 quam
2355 2561 2527 2620 homo
2554 2568 2779 2638 poterat
2816 2580 2935 2620 non

531 2639 696 2714 mori,
729 2639 778 2696 si
805 2659 922 2697 non
947 2647 1260 2717 peccasset.
1315 2643 1374 2698 4.
1405 2640 1537 2698 Non
1564 2640 1637 2699 de
1668 2641 2007 2699 mormlitatc
2026 2650 2259 2716 remota,
2282 2659 2397 2718 quo
2420 2659 2591 2699 sensu
2616 2641 2767 2699 illud
2784 2661 2937 2699 mor-

534 2721 646 2776 tale
673 2718 898 2792 dicitur,
929 2718 1086 2796 quod
1113 2718 1429 2796 potentiam
1455 2720 1634 2778 habet
1660 2729 1939 2779 remotam
1966 2720 2183 2796 mortis,
2207 2728 2349 2796 puta
2374 2719 2530 2796 quod
2558 2721 2936 2796 compositum

535 2806 624 2857 est
651 2818 727 2856 ex
753 2797 994 2857 materia
1019 2807 1246 2857 terrena
1273 2807 1332 2858 et
1359 2799 1694 2858 elementari
1716 2821 1731 2876 3
1778 2800 1859 2859 Et
1898 2799 2275 2858 sichdamus
2300 2806 2493 2876 potest
2518 2799 2635 2858 dici
2676 2801 2936 2858 mortalis

531 2885 768 2952 remote,
799 2877 936 2954 quia
962 2897 1170 2954 corpus
1198 2881 1326 2955 ejixs
1353 2879 1693 2955 pulvereum
1719 2877 1844 2954 fuit,
1869 2886 1929 2938 et
1954 2878 2335 2956 compositum
2363 2897 2438 2938 ex
2466 2877 2767 2937 contrariis
2794 2899 2934 2956 qua-

533 2955 833 3032 litatibus,
882 2956 999 3014 Sed
1025 2957 1098 3015 de
1125 2957 1466 3015 mortalitate
1495 2959 1790 3034 proxima,
1834 2977 1870 3016 a
1908 2978 2025 3034 qua
2060 2965 2225 3017 actus
2264 2957 2591 3016 immediate
2618 2956 2848 3034 pendet,
2878 2967 2939 3018 et

533 3054 664 3111 quae
692 3034 864 3092 infert
891 3035 1172 3093 moriendi
1199 3037 1630 3096 necessitatem:
1662 3038 1763 3096 An
1780 3036 2047 3096 Adamus
2073 3037 2156 3096 ita
2195 3035 2367 3095 fuerit
2392 3037 2653 3096 mortalis
2680 3037 2939 3114 potentia

532 3113 814 3250 Ριοιᾴιιιέ
844 3121 911 3172 ut
937 3114 1454 3268 nzeessaiiolpgrto·
1485 3114 1795 3254 rgoriSturus
1828 3115 2037 3254 fuisseg
2071 3115 2224 3252 1323}
2234 3135 2351 3174 non
2390 3125 2686 3254 pffioet
2704 3119 2735 3176 5³
2768 3117 2937 3256 ¹{oei-

531 3213 692 3251 mam
719 3213 756 3250 a
815 3211 975 3250 rman
1001 3210 1005 3214 ·
1049 3194 1234 3253 Socm.
1350 3237 1365 3252 .
1393 3215 1474 3253 m.
1545 3213 1578 3254 e
1654 3215 1809 3254 erva.
1840 3215 1907 3254 ca
1949 3241 1964 3255 .
2226 3215 2319 3254 ors
2346 3215 2423 3253 na
2572 3215 2624 3254 is
2692 3217 2768 3256 ua
2826 3215 2936 3256 nus

533 3272 812 3331 naturalis
840 3280 943 3347 est,
975 3280 1034 3331 et
1081 3271 1348 3332 omnibus
1390 3275 1727 3351 communis,
1757 3295 1875 3334 non
1905 3215 2013 3335 ξεί
2038 3240 2259 3352 peccati
2296 3217 2692 3352 stipendium,q
2693 3276 2797 3335 sed
2836 3295 2935 3334 na·

533 3359 680 3411 turae
705 3359 934 3427 nostrae,
965 3370 1137 3430 quam
1165 3353 1410 3431 ipsemet
1438 3353 1703 3413 Adamus
1730 3355 1791 3414 in
1818 3355 1945 3433 ipsa
1984 3355 2272 3414 creatione
2310 3355 2545 3432 accepit,
2576 3355 2808 3432 propria
2848 3375 2937 3414 se·

575 3430 766 3506 uela,''
795 3430 953 3509 quod
994 3431 1173 3491 variis
1220 3433 1538 3492 rationibus
1583 3434 1919 3493 confirmare
1966 3442 2222 3509 conatur,
2276 3433 2539 3494 Praelect.
2584 3435 2786 3494 Theol.
2816 3455 2867 3494 c.
2897 3435 2935 3493 i.

533 3450 861 3571 grthodoxi
885 3531 1025 3570 vero
1051 3520 1272 3590 negant
1301 3511 1611 3590 Adamum,
1639 3513 1779 3574 licet
1810 3513 2071 3573 mortalis
2109 3512 2281 3573 fuerit
2306 3523 2525 3573 remote
2550 3514 2771 3573 ratione
2814 3533 2939 3574 cor-

530 3590 706 3669 poris,
736 3589 894 3668 quod
919 3592 1230 3651 resolubile
1277 3591 1388 3652 fuit
1413 3592 1475 3650 in
1503 3611 1608 3651 sua
1652 3593 1950 3671 principia,
2000 3593 2179 3653 fuisse
2221 3593 2523 3652 mortalem
2568 3594 2849 3671 proxime,
2878 3603 2939 3654 et

531 3689 827 3748 nunquam
853 3671 1193 3732 moriturum
1219 3671 1398 3730 fuisse
1426 3680 1678 3747 censent,
1711 3673 1761 3730 si
1786 3673 2133 3750 perstitisset
2158 3671 2221 3730 in
2246 3671 2596 3750 integritate,
2616 3673 2753 3750 quia
2774 3693 2937 3733 sanc·

531 3749 672 3809 titas
699 3751 904 3809 animae
932 3770 1140 3828 corpus
1167 3770 1204 3808 a
1229 3759 1414 3810 morte
1440 3757 1500 3810 et
1527 3753 1891 3828 corruptione
1916 3759 2345 3830 praeservasset.

531 3862 776 3910 Adamum
870 3863 1018 3910 fuisse
1139 3830 1263 3888 ΙΙΙ.
1323 3830 1602 3889 Rationes
1645 3840 1798 3909 sunt,
1846 3835 1901 3891 l.
1930 3831 2080 3906 Quia
2121 3831 2294 3890 homo
2334 3830 2411 3889 ad
2456 3830 2769 3908 imaginem
2824 3830 2937 3891 Dei

573 3922 901 3968 immortalem
909 3935 1018 3982 pro-
1058 3908 1326 3968 conditus
1371 3917 1479 3986 est,
1509 3930 1640 3987 quse
1684 3910 1835 3968 duos
1880 3911 2025 3970 istos
2070 3910 2267 3971 radios
2304 3911 2625 3988 praecipuos
2661 3910 2933 3989 continet,

570 3979 734 4024 batur.
1055 3988 1435 4062 sanctitatem,
1480 3997 1539 4048 et
1584 3988 2113 4050 immortalitatemz
2156 3989 2243 4050 Ut
2288 3989 2351 4048 in
2380 3991 2508 4048 Deo
2548 3990 2667 4050 duo
2700 4000 2850 4066 sunt,
2878 3995 2937 4050 τὶ

533 4067 733 4137 karath,
765 4062 922 4139 quod
947 4065 1191 4124 refertur
1217 4067 1293 4126 ad
1319 4066 1636 4125 bonitatem
1663 4068 1957 4144 moralem,
1988 4077 2046 4128 et
2072 4073 2128 4127 τὶ
2152 4069 2400 4150 faudem
2426 4069 2583 4146 quod
2609 4071 2748 4129 boni
2786 4070 2934 4148 phy-

531 4143 639 4202 sici
665 4149 930 4200 naturam
956 4143 1179 4222 induit;
1227 4146 1321 4205 Ita
1348 4145 1464 4204 duo
1492 4145 1605 4204 ista
1630 4146 1977 4224 respondere
2005 4148 2219 4208 debent
2246 4150 2307 4207 in
2343 4159 2622 4224 creatura,
2651 4167 2781 4226 quoe
2824 4149 2935 4208 Dei

531 4220 844 4297 imaginem
872 4223 1039 4298 gerit,
1070 4232 1136 4282 ut
1162 4223 1250 4282 ini
1289 4224 1640 4284 assimiletur
1664 4225 1725 4284 in
1766 4229 2071 4287 sanctitate
2107 4237 2166 4287 et
2205 4228 2498 4304 felicitate,
2528 4229 2591 4286 in
2608 4229 2840 4306 justitia
2878 4236 2939 4289 et

529 4301 672 4360 vita.
755 4299 879 4360 Nee
905 4301 1039 4361 inde
1067 4303 1328 4383 sequitur
1352 4303 1642 4363 hominem
1669 4324 1789 4365 non
1814 4306 2003 4384 magis
2030 4307 2175 4367 mori
2204 4308 2490 4386 potuisse,
2522 4327 2695 4385 quam
2724 4307 2934 4383 Deum,

530 4379 668 4458 quia
693 4378 887 4458 imago
914 4381 1028 4440 ista
1051 4399 1170 4440 non
1195 4381 1306 4442 fuit
1345 4383 1689 4460 essentialis,
1718 4393 1779 4445 et
1822 4385 2169 4462 aequalitatis
2206 4387 2567 4463 omnimodae,
2598 4387 2788 4464 qualis
2828 4387 2940 4448 fuit

529 4459 591 4518 in
621 4460 869 4536 Christo,
899 4460 1003 4520 sed
1030 4459 1348 4539 analogica,
1378 4471 1438 4523 et
1464 4464 1733 4540 aliqualis
1760 4471 1985 4527 tantum
2007 4465 2417 4543 similitudinis,
2442 4485 2573 4544 quse
2598 4466 2937 4544 longissime

529 4539 792 4602 subsidet
817 4539 967 4600 infra
991 4539 1480 4602 immortalitatem
1508 4542 1638 4604 Dei.

611 4619 724 4680 IV.
767 4619 832 4680 Si
860 4619 1126 4683 Adamas
1151 4618 1262 4681 fuit
1279 4620 1491 4700 justuS,
1523 4621 1725 4684 debuit
1752 4639 1881 4684 esne
1908 4620 2265 4701 immortalis,
2286 4623 2423 4701 quia
2450 4624 2623 4685 datur
2649 4623 2935 4685 connexio

593 1909 762 1980 Status
791 1908 956 1979 Quos·

699 1974 865 2013 tionis.
