3300 5225
540 334 617 395 96
1484 356 1666 402 Locus
1697 306 2019 399 sscuunust
2625 330 2856 413 [otmar
2885 354 2944 395 x.

622 492 805 552 VIII.
849 492 1092 554 Frustra
1146 489 1439 555 Pontificii
1490 496 1862 573 distinguunt
1915 497 2064 554 inter
2117 493 2411 551 Canonem
2465 492 2512 552 J
2513 490 2826 569 udaeorum,
2887 503 2948 553 et

538 572 831 632 Canonem
860 572 1349 635 Christianorum:
1393 574 1544 634 Nam
1583 577 1722 637 licet
1765 578 1964 636 Canon
2003 580 2198 632 noster
2223 579 2395 649 prout
2419 572 2677 631 totaliter
2705 573 2949 633 sumitur

532 668 643 731 pro
670 652 937 711 omnibus
964 650 1129 712 libris
1156 654 1232 713 V.
1262 662 1320 713 et
1349 655 1422 715 N.
1453 655 1522 715 Τ.
1552 655 1613 714 ἰιι
1640 655 1854 732 quibus
1881 653 2148 713 consistit
2173 652 2494 728 adaequate,
2527 670 2644 708 non
2673 672 2748 709 ex
2775 672 2944 730 usquo

536 730 876 791 admittatur
900 752 938 789 a
963 732 1008 793 J
1010 732 1208 809 udaeis,
1231 733 1335 812 qui
1364 734 1437 797 N.
1461 734 1531 794 Τ.
1558 734 1866 811 rejiciunt:
1909 742 2102 792 tamen
2144 731 2194 789 si
2223 738 2484 790 sumatur
2509 730 2828 807 partialiter
2853 750 2942 791 raf-

532 810 691 869 tione
736 810 812 870 V.
841 810 909 870 Τ.
955 830 1072 888 quo
1116 832 1289 871 sensu
1340 812 1417 872 de
1470 832 1541 873 eo
1592 815 1690 873 hic
1741 813 2063 891 loquimur-3
2107 810 2343 869 Certum
2397 817 2488 869 est
2525 818 2787 868 nostrum
2827 830 2944 869 non

534 888 765 948 differre
794 909 829 949 a
858 890 1091 950 Canone
1119 893 1163 953 J
1164 892 1477 969 udoeorum,
1522 893 1659 969 quia
1699 912 1818 951 non
1845 892 1990 949 alios
2017 889 2399 949 admittebant
2425 890 2486 948 in
2515 888 2826 965 Callonem,
2869 890 2942 949 ab

531 968 609 1027 iis
637 988 785 1047 quos
810 971 1138 1047 recipimus.

619 1048 739 1108 IX.
787 1049 851 1109 Si
878 1050 1031 1127 apud
1061 1050 1265 1109 Patres
1290 1050 1507 1109 mentio
1532 1050 1600 1109 fit
1625 1066 2040 1127 nonnunquam
2071 1047 2795 1134 &utero-Canonicorum,
2825 1067 2944 1107 non

532 1126 937 1204 intelliguntur
960 1129 1049 1186 illi
1076 1128 1175 1207 qui
1201 1148 1338 1188 vere
1364 1138 1425 1189 et
1462 1131 1709 1188 univoce
1750 1139 1886 1189 sunt
1915 1128 2190 1188 Canonici
2230 1127 2422 1204 quoad
2447 1126 2640 1203 fidem,
2686 1126 2790 1187 sed
2817 1137 2940 1187 tan—

533 1214 659 1265 tum
680 1207 781 1283 qui
808 1207 1199 1267 referebantur
1222 1208 1284 1265 in
1304 1209 1599 1267 Canonem
1617 1208 1928 1284 Lectionis,
1950 1216 2186 1287 propter
2211 1207 2396 1266 multa
2421 1206 2519 1285 pia
2543 1215 2603 1266 et
2628 1206 2794 1265 utilia
2813 1226 2944 1285 quse

533 1284 723 1344 facere
749 1296 993 1363 possunt
1019 1287 1095 1345 ad
1123 1287 1576 1347 aedificationem.

618 1363 703 1421 X.
749 1364 961 1424 Citatio
1006 1366 1123 1425 loci
1169 1366 1417 1443 alicujus
1464 1386 1583 1425 non
1609 1366 1819 1444 probat
1867 1364 2063 1425 statim
2108 1365 2326 1424 librum
2371 1382 2502 1423 esse
2549 1364 2939 1439 Canonicum3

532 1442 618 1502 sic
645 1443 799 1502 enim
825 1444 1057 1521 Aratus,
1087 1446 1425 1521 Menander,
1454 1446 1820 1523 Epimenides
1841 1445 2000 1505 citati
2025 1444 2208 1504 Paulo
2237 1442 2375 1502 Act.
2403 1443 2549 1501 xvii.
2578 1446 2654 1503 28
2681 1464 2698 1519 ;
2746 1448 2776 1501 1
2810 1444 2939 1503 Cor.

532 1540 636 1581 κν.
667 1526 779 1598 33;
822 1524 939 1583 Tit.
969 1525 1007 1583 i.
1040 1528 1135 1601 12,
1166 1533 1361 1584 essent
1390 1526 1682 1601 Canonici,
1713 1530 1771 1585 2.
1800 1544 1932 1602 quae
1959 1524 2287 1601 allegantur
2313 1524 2388 1582 ab
2418 1520 2789 1581 Adversariis
2815 1532 2939 1582 tau-

532 1620 711 1679 quam
755 1601 935 1662 citata
976 1622 1055 1663 ex
1097 1603 1485 1683 Apocryphis,
1536 1604 1740 1665 eadem
1796 1605 1858 1662 in
1905 1604 2036 1663 aliis
2081 1603 2246 1663 libris
2292 1601 2598 1662 canonicis
2639 1602 2940 1676 habentur,

534 1699 614 1741 ex
639 1682 851 1757 quibus
876 1683 1119 1761 proinde
1162 1682 1436 1761 Apostoli
1478 1684 1674 1763 potius
1717 1702 1891 1760 quam
1935 1702 2011 1742 ex
2056 1682 2428 1761 Apocryphis
2475 1681 2652 1740 citare
2695 1681 2799 1740 illa
2839 1701 2940 1760 po-

536 1766 791 1819 tuenmt.
2952 1802 2956 1807 ·

616 1838 739 1898 XI.
786 1840 851 1899 si
878 1842 1309 1919 conjunguntur
1335 1860 1468 1901 cum
1498 1842 1693 1902 Libris
1721 1841 2044 1917 canonicis,
2073 1858 2193 1899 non
2219 1840 2480 1918 sequitur
2506 1858 2605 1898 eos
2635 1858 2762 1898 esse
2789 1839 2944 1916 paris

534 1918 919 1995 authoritatis,
952 1919 1054 1980 sed
1080 1929 1305 1981 tantum
1330 1922 1505 1981 utiles
1532 1920 1607 1981 ad
1623 1941 1812 1981 mores
1841 1920 2189 1995 formandos,
2211 1928 2273 1979 et
2297 1919 2597 1979 historiam
2623 1926 2944 1997 temporum

536 1998 2230 2158 eogimfis?effiss’visozdiedrgdefidzsssffihffldgfiores
2275 2078 2394 2136 sint
2439 2084 2500 2137 et
2543 2076 2942 2154 castigatiores

535 2156 776 2233 caeteris,
808 2165 867 2216 et
893 2158 1146 2217 habeant
1184 2159 1347 2217 varia
1382 2160 1573 2218 ethica
1614 2160 1783 2238 probi
1823 2158 2139 2234 commatis,
2183 2176 2314 2233 quae
2339 2175 2510 2215 usum
2535 2175 2706 2215 suum
2731 2156 2944 2215 habere

534 2245 796 2371 possunt,
825 2244 893 2296 ut
917 2238 1066 2297 liber
1096 2238 1405 2315 Sapientiae
1432 2247 1493 2299 et
1522 2239 1864 2316 Syracides3
1895 2238 2033 2315 quia
2045 2245 2242 2296 tamen
2259 2236 2374 2294 alia
2387 2234 2604 2295 habent
2619 2254 2738 2294 non
2763 2254 2946 2313 pauca

560 2313 686 2373 alsa
710 2324 770 2375 et
796 2316 1063 2393 absurda,
1093 2317 1298 2377 merito
1325 2337 1402 2376 ex
1432 2318 1665 2377 Canone
1691 2318 1830 2377 fidei
1856 2325 2242 2376 removentur.

620 2394 811 2454 XIII.
855 2396 1021 2455 Licet
1062 2396 1299 2475 quidam
1352 2397 1674 2457 dubitarint
1727 2396 1802 2455 de
1856 2396 2154 2456 authentia
2205 2394 2612 2453 nonnullorum
2667 2394 2943 2452 librorum

539 2472 613 2532 N.
643 2472 713 2532 Τ.
740 2482 809 2533 ut
837 2474 1116 2551 Epistolae
1142 2476 1371 2551 Jacobi,
1414 2477 1752 2553 posterioris
1794 2476 1970 2551 Petri,
2003 2476 2064 2533 ii.
2093 2483 2153 2533 et
2179 2474 2260 2532 iii.
2291 2474 2508 2533 Johan.
2537 2481 2598 2531 et
2625 2472 2814 2550 Apoc.
2843 2472 2944 2547 qui

532 2560 742 2630 postea
782 2553 859 2612 ab
902 2553 1167 2614 Ecclesia
1210 2572 1319 2633 pro
1364 2555 1672 2615 Canonicis
1719 2563 1857 2616 sunt
1897 2554 2114 2631 habiti3
2159 2554 2293 2613 Non
2329 2553 2587 2630 sequitur
2625 2550 2780 2609 idem
2817 2550 2944 2609 fieri

534 2632 795 2708 potuisse
822 2641 1087 2710 respectu
1116 2633 1420 2692 Librorum
1462 2634 1982 2713 Apocryphorum:
2025 2635 2162 2712 quia
2201 2633 2316 2692 alia
2343 2641 2432 2692 est
2459 2633 2605 2692 ratio
2625 2631 2942 2690 Librorum

539 2709 617 2769 V.
647 2719 707 2770 et
734 2711 808 2770 N.
838 2712 907 2771 T.
936 2712 998 2770 in
1042 2712 1154 2771 hoc
1200 2713 1453 2790 negotio.
1534 2714 1690 2772 ‘Nam
1741 2714 1902 2772 Libri
1928 2715 2005 2773 V.
2035 2714 2103 2773 T.
2131 2731 2250 2772 non
2295 2731 2400 2791 per
2445 2712 2621 2786 vices,
2671 2711 2947 2788 temporis

536 2807 827 2866 successu,
858 2800 919 2850 et
944 2811 1048 2868 per
1072 2799 1265 2869 partes
1295 2793 1573 2852 Ecclesiae
1614 2793 1954 2853 Christianae
1995 2791 2118 2852 dati
2157 2800 2321 2852 sunt:
2369 2790 2486 2851 Sed
2507 2810 2628 2850 uno
2657 2799 2716 2850 et
2741 2790 2944 2848 eodem

534 2876 797 2946 tempore
837 2870 1018 2929 libros
1063 2889 1265 2930 omnes
1307 2871 1385 2930 ad
1429 2872 1574 2930 illud
1616 2873 1970 2950 pertinentes
2023 2873 2084 2930 in
2127 2890 2244 2932 uno
2299 2871 2511 2930 Codice
2553 2869 2872 2946 descriptos
2909 2887 2947 2926 a

539 2948 586 3007 J
586 2947 769 3008 udaeis
796 2949 1035 3026 accepit,
1086 2959 1394 3028 postquam
1438 2951 1844 3011 authoritatem
1888 2951 2272 3011 indubitatam
2317 2950 2673 3025 habuissent,
2703 2949 2777 3006 ab
2817 2948 2944 3025 ipso

540 3027 771 3086 Christo
798 3037 858 3088 et
886 3028 1188 3106 Apostolis
1213 3031 1623 3090 confirmatam.
1699 3030 1816 3090 Sed
1860 3031 2020 3089 Libri
2049 3030 2122 3088 N.
2155 3030 2224 3088 T.
2253 3049 2358 3106 per
2377 3037 2570 3107 partes
2597 3027 2774 3087 variis
2799 3035 2942 3086 tem—

536 3106 779 3184 poribus
805 3111 865 3166 et
890 3107 1035 3166 locis
1060 3107 1205 3168 editi
1229 3107 1475 3185 fuerunt,
1506 3117 1567 3168 et
1588 3110 1872 3188 paulatim
1897 3111 1960 3167 in
1985 3127 2166 3169 unum
2195 3109 2417 3186 Corpus
2443 3106 2689 3167 collecti.
2775 3105 2946 3167 Unde

540 3185 757 3243 factum
782 3194 850 3244 ut
874 3186 1009 3246 libri
1034 3187 1297 3247 nonnulli
1324 3189 1689 3267 posteriores,
1731 3189 1834 3268 qui
1871 3189 2097 3248 tardius
2135 3189 2198 3246 in
2237 3205 2443 3246 manus
2469 3193 2754 3246 venerunt
2793 3185 2949 3262 apud

540 3263 767 3340 aliquas
815 3263 1123 3342 Ecclesias,
1173 3267 1236 3326 in
1280 3267 1425 3328 locis
1466 3268 1786 3346 praesertim
1834 3267 2070 3327 remotis
2117 3287 2154 3326 a
2199 3267 2494 3327 nonnullis
2519 3266 2709 3325 habiti
2735 3264 2947 3324 fuerint

540 3341 722 3418 dubii,
752 3343 937 3403 donee
962 3345 1241 3423 paulatim
1268 3349 1565 3408 authentia
1602 3366 1806 3406 eorum
1845 3347 2113 3406 innotuit.
2198 3349 2255 3405 2.
2299 3346 2580 3421 Quamvis
2619 3346 2680 3402 in
2706 3345 2944 3421 quibus-

538 3421 677 3480 dam
695 3423 973 3483 Ecclesiis
1000 3424 1077 3484 sit
1104 3426 1523 3486 contradictum
1548 3427 1844 3486 nonnullis
1867 3426 2148 3502 Epistolis
2175 3434 2235 3485 et
2259 3425 2410 3485 libro
2432 3424 2699 3501 Apocal.,
2723 3441 2947 3500 semper

538 3507 733 3560 tamen
758 3503 942 3562 multo
968 3504 1163 3581 plures
1190 3503 1422 3566 fuerunt
1448 3507 1550 3583 qui
1575 3513 1916 3584 receperunt
1941 3523 2116 3582 quam
2143 3505 2244 3583 qui
2271 3504 2760 3564 contradixerunt.
2827 3499 2946 3560 Sed

536 3579 613 3715 ge
638 3579 803 3641 libris
832 3581 1203 3660 Apocryphis
1242 3603 1359 3644 non
1400 3585 1784 3663 disceptatum
1816 3584 1942 3660 fuit,
1985 3584 2122 3662 quia
2163 3603 2389 3662 semper
2427 3582 2503 3643 ab
2531 3581 2796 3642 Ecclesia
2835 3580 2944 3640 Ju-

580 3662 711 3720 ai‘ca
738 3669 873 3722 sunt
898 3663 1116 3742 rejecti.

1484 3900 1877 3977 QUAESTIO
1920 3901 2004 3960 X.

1384 4075 1465 4116 DE
1492 4075 1791 4118 warram
1817 4075 2101 4119 romunt.

538 4210 633 4270 An
663 4211 871 4272 Texta-9
904 4212 1219 4288 Oriqinales
1256 4215 1322 4274 V.
1350 4223 1405 4273 et
1427 4215 1508 4273 N.
1542 4217 1851 4291 Testpun‘
1875 4225 1929 4275 et
1967 4215 2286 4294 &corrupti
2307 4218 2392 4274 ad
2423 4213 2949 4290 nospmmerints

1430 4291 1598 4352 Affir.
1626 4301 1830 4353 contra
1857 4293 2070 4354 Pontis.

622 4449 672 4507 I.
716 4448 973 4524 Quaestio
1018 4451 1143 4508 haec
1172 4449 1355 4510 Nobis
1394 4459 1664 4511 movetur
1707 4472 1742 4509 a
1781 4452 2136 4528 Pontificiis;
2181 4452 2282 4529 qui
2322 4450 2632 4529 puritatem
2673 4447 2946 4506 Fontium

536 4527 669 4588 ideo
696 4529 1053 4606 impugnant,
1085 4538 1151 4589 ut
1179 4529 1451 4607 Vulgatae
1480 4551 1599 4590 suae
1642 4531 1914 4590 Vei-sioni
1950 4531 2310 4592 authentiam
2352 4529 2578 4590 facilius
2621 4526 2944 4599 concilient,

538 4617 599 4666 et
625 4607 703 4668 ad
733 4607 1009 4668 Ecclesiae
1038 4609 1313 4669 Tribunal
1343 4629 1450 4670 nos
1478 4610 1787 4670 abducant.
