3300 5225
513 357 636 414 270
1479 372 1665 416 meus
1693 372 1963 416 rnnrms.
2496 350 2747 433 [cumr.
2776 369 2927 414 xxx.

1387 671 1779 748 QUAESTIO
1820 671 2047 732 XXX.

1326 849 1406 888 nn
1435 847 1721 891 srmrus.
1751 849 1801 891 s.
1830 848 2110 891 narrare.

613 991 710 1051 An
735 990 982 1069 θρῖπας
1007 989 1070 1049 S.
1097 989 1171 1048 sit
1193 989 1454 1048 Persona
1471 989 1709 1065 Divina,
1738 1009 1779 1048 a
1803 989 1984 1047 Patre
2010 997 2067 1048 et
2088 988 2243 1048 Filio
2268 988 2530 1048 distincta
2548 991 2578 1048 3
2660 987 2829 1049 Affir.

597 1150 650 1209 Ι.
692 1149 780 1210 Ut
805 1146 1278 1208 Anti-Trinitarii
1307 1147 1460 1206 Filio
1487 1167 1608 1206 non
1643 1147 1936 1224 denegant
1973 1147 2461 1225 personalitatem,
2504 1145 2610 1206 sed
2637 1148 2925 1208 aeternita-

513 1237 632 1288 tem
657 1251 672 1288 z
716 1230 810 1288 Ita
841 1227 1081 1306 Spiritui
1112 1228 1325 1286 Sancto
1353 1228 1733 1287 aeternitatem
1774 1247 1891 1286 non
1933 1227 2258 1304 detrahunt,
2290 1227 2395 1287 sed
2432 1228 2923 1304 personalitatem.

514 1307 1012 1382 Quemadmodum
1039 1327 1180 1384 ergo
1221 1307 1600 1366 aeternitatem
1631 1307 1771 1364 Filii
1804 1308 1933 1385 jam
1958 1308 2275 1386 evicimus;
2320 1308 2713 1368 Personalitas
2744 1308 2924 1387 Spiri-

513 1395 610 1447 tus
637 1388 920 1448 adversus
944 1386 1180 1446 eosdem
1201 1387 1326 1464 jam
1355 1395 1446 1446 est
1472 1386 1937 1446 demonstranda.

1157 1466 1244 1524 II.
1290 1467 1424 1524 Non
1463 1467 1743 1543 quaeritur
1768 1465 1841 1525 de
1874 1465 2095 1544 Spiritu
2121 1465 2355 1531 οὖσιυδὸς
2382 1465 2762 1542 considerato,
2804 1487 2924 1545 quo

573 1531 931 1636 sutggnffiffffl·
1033 1563 1210 1638 sensu
1233 1546 1402 1638 pens
1434 1544 1646 1605 ‹licit-ur
1672 1546 1937 1622 ngintm,
1980 1547 2025 1606 J
2028 1565 2081 1605 0.
2124 1547 2203 1606 iv.
2234 1551 2330 1622 24,
2374 1554 2434 1604 et
2472 1555 2680 1606 natura
2718 1547 2923 1606 divina

1035 1625 1250 1684 Christi
1279 1645 1432 1703 saepe
1459 1644 1529 1684 eo
1554 1645 1789 1686 nomme
1809 1626 1987 1700 venit,
2017 1628 2047 1683 1
2074 1625 2223 1685 Tim.
2252 1627 2333 1685 iii.
2367 1629 2459 1702 16,
2495 1630 2525 1684 1
2551 1626 2679 1684 Pet.
2710 1626 2791 1685 iii.
2826 1630 2918 1702 18,

515 1704 609 1777 19,
657 1702 772 1760 hoc
817 1701 972 1760 enim
1013 1705 1199 1764 tribus
1243 1705 1514 1764 Pel-sonis
1553 1725 1630 1764 ex
1670 1725 1839 1783 aequo
1878 1705 2187 1784 competit,
2232 1705 2352 1766 Sed
2376 1711 2547 1784 prout
2576 1711 2923 1773 ὑπο-τιταῖὔς

511 1790 822 1859 spectatur,
851 1790 912 1840 et
937 1803 1114 1841 unam
1141 1805 1218 1844 ex
1244 1785 1362 1844 illis
1389 1784 1763 1862 singulariter
1788 1785 2075 1862 designat.

591 1861 713 1921 III.
743 1861 800 1918 N
801 1881 878 1919 on
898 1865 1211 1941 quaeritur3
1257 1864 1358 1922 An
1379 1864 1488 1924 iste
1520 1865 1787 1942 Spiritus,
1808 1865 1911 1942 qui
1941 1865 2189 1924 Sanctus
2217 1863 2429 1924 dicitur
2454 1865 2573 1922 κατ’
2594 1866 2773 1942 ἐξοχὴ,
2802 1885 2921 1924 non

509 1947 736 1999 tantum
763 1941 1105 2020 subjective,
1149 1943 1288 2022 quia
1313 1953 1404 2004 est
1445 1945 1859 2021 sanctissimae,
1904 1944 2008 2004 sed
2048 1946 2223 2004 etiam
2262 1943 2591 2020 efficienter,
2634 1947 2775 2022 quia
2810 1965 2921 2005 nos

508 2019 846 2096 sanctificat,
879 2020 956 2080 sit
981 2041 1075 2082 res
1101 2025 1200 2082 vel
1241 2025 1518 2084 Creatura
1541 2023 1757 2101 aliqua,
1799 2025 1897 2084 vel
1936 2024 2123 2083 virtus
2162 2023 2429 2102 quaedam
2460 2025 2589 2100 Dei,
2620 2033 2687 2084 ut
2713 2033 2922 2084 caetera

507 2099 806 2174 attributa,
848 2100 961 2158 hoc
989 2103 1142 2161 enim
1170 2123 1288 2162 non
1314 2103 1633 2163 diffitentur
1660 2103 2038 2181 Adversarii3
2086 2103 2221 2179 Sed,
2266 2102 2368 2161 An
2394 2104 2473 2163 sit
2514 2105 2771 2163 Persona
2812 2105 2916 2164 Di-

507 2178 663 2254 vina,
707 2199 745 2237 a
787 2178 959 2238 Patre
999 2190 1060 2242 et
1089 2183 1244 2242 Filio
1270 2201 1388 2242 non
1417 2181 1623 2259 divisa,
1655 2182 1761 2243 sed
1780 2183 2073 2242 distincta.
2156 2184 2389 2261 Negant
2406 2184 2919 2244 Pneumatomachi

507 2266 627 2316 tam
654 2265 883 2318 veteres
910 2279 1086 2337 quam
1111 2262 1460 2322 recentiores
1483 2284 1500 2340 ς
1545 2264 1671 2322 Nos
1696 2263 2063 2324 affirmamus.

1152 2343 1265 2402 IV.
1310 2341 1591 2402 Rationes
1633 2351 1786 2403 sunt.
1836 2345 1888 2401 1.
1920 2341 2071 2417 Quia
2112 2341 2355 2421 Spiritui
2398 2342 2459 2401 S.
2500 2343 2747 2402 actiones
2778 2363 2917 2418 per-

1025 2425 1248 2481 sonales
1274 2421 1452 2482 variae
1492 2422 1861 2499 tribuunt-um
1904 2432 1971 2481 ut
1997 2421 2220 2499 docere,
2252 2422 2297 2481 J
2298 2442 2353 2481 0.
2391 2420 2516 2481 xiv.
2554 2425 2651 2498 26,
2696 2423 2915 2499 testari,

1031 2501 1208 2562 Joan.
1237 2521 1339 2561 xv.
1369 2503 1466 2577 26,
1511 2502 1683 2562 Rom.
1712 2503 1835 2560 viii.
1869 2505 1961 2577 16,
1998 2502 2257 2561 revelare
2283 2501 2493 2575 futura,
2528 2504 2558 2558 1
2578 2501 2727 2558 Tim.
2749 2501 2831 2560 iv.
2858 2506 2914 2578 1,

506 2581 752 2642 scrutari
792 2581 1078 2660 profunda
1127 2581 1256 2657 Dei,
1306 2584 1335 2640 1
1388 2581 1645 2641 Corinth.
1688 2581 1749 2641 ii.
1796 2584 1889 2658 10,
1935 2601 2199 2659 separare
2240 2581 2481 2658 aliquos,
2531 2589 2591 2641 et
2636 2600 2915 2659 expresso

505 2662 780 2721 mandato
824 2662 902 2720 ad
941 2662 1322 2721 ministerium
1363 2661 1498 2720 illos
1536 2661 1782 2737 mittere,
1816 2662 1896 2720 Is.
1926 2660 2030 2719 lxi.
2065 2666 2115 2737 1,
2158 2661 2297 2721 Act.
2326 2661 2451 2719 xiii.
2492 2664 2550 2736 2,
2593 2669 2653 2720 et
2678 2682 2783 2720 xx.
2814 2664 2912 2739 28,

505 2760 720 2816 creare,
753 2741 903 2800 Gen.
933 2740 974 2800 i.
1003 2745 1058 2817 2,
1090 2739 1422 2800 foecundare
1449 2740 1755 2819 Virginem
1784 2740 2056 2818 sterilem,
2089 2742 2233 2801 Luc.
2254 2741 2313 2817 i.,
2337 2739 2701 2818 operationes
2726 2743 2917 2800 omnis

503 2822 736 2897 generis
763 2840 1052 2897 exercere,
1095 2829 1156 2879 et
1194 2821 1350 2879 dona
1388 2828 1508 2880 tam
1549 2820 1839 2882 ordinaria
1877 2839 2051 2897 quam
2092 2820 2547 2880 extraordinaria
2584 2820 2917 2880 hominibus

505 2900 782 2976 conferre,
818 2904 848 2958 1
883 2900 1141 2960 Corinth.
1185 2897 1288 2960 xii.
1336 2902 1430 2959 11.
1478 2902 1687 2961 Omnia
1724 2902 1842 2960 haec
1880 2901 2005 2977 ayit
2038 2920 2183 2959 unus
2226 2900 2320 2959 ille
2358 2910 2415 2959 et
2458 2900 2605 2959 idem
2645 2902 2912 2978 Spiritum,

503 2982 837 3039 daz-strabum
852 2980 1130 3056 privatim
1154 2981 1258 3038 illa
1281 2979 1529 3054 εἰηφιῑτζς,
1562 2981 1705 3039 sicut
1728 2982 1861 3055 vult,
1903 2979 2005 3039 ubi
2032 2979 2190 3056 quod
2214 2979 2289 3039 de
2320 2980 2449 3039 Deo
2490 2980 2734 3054 dixerat,
2765 3001 2823 3040 v.
2854 2984 2911 3055 6,

503 3059 665 3137 quod
685 3068 952 3137 operetur
977 3060 1185 3132 omnia,
1207 3058 1296 3119 ὅδὲ
1322 3061 1468 3127 αὑτός
1498 3063 1598 3118 ἔστι·
1622 3066 1743 3125 Θεὶς
1766 3064 1787 3118 ὁ
1817 3060 2002 3140 ἐνεςγῧι
2027 3064 2096 3117 τὰ
2124 3060 2311 3136 πέντε,
2334 3060 2655 3138 applicatur
2675 3059 2916 3136 Spiritui

509 3140 743 3215 Sancto,
775 3140 944 3198 πάντα
972 3138 1021 3198 δὲ
1047 3148 1215 3215 ταῦτα
1229 3142 1402 3222 inere?
1421 3146 1476 3199 τὶ
1500 3142 1550 3199 ‘iv
1575 3148 1666 3200 καὶ
1698 3147 1754 3199 τὶ
1780 3146 1901 3199 αὐτὶ
1932 3148 2141 3218 πνιῧμα,
2184 3140 2343 3218 quod
2382 3139 2501 3201 did
2538 3158 2658 3198 non
2696 3150 2910 3217 posset,

504 3218 621 3276 nisi
652 3218 904 3296 Spiritus
934 3220 1182 3279 Sanctus
1212 3222 1469 3281 Persona
1493 3230 1650 3281 esset
1678 3222 1896 3280 Divina
1920 3222 2183 3299 ejusdem
2204 3220 2424 3280 ordinis
2450 3228 2511 3279 et
2530 3221 2765 3279 virtutis
2780 3240 2913 3278 cum

507 3297 700 3357 Patre.
783 3299 907 3358 Nec
935 3300 1124 3377 excipi
1153 3301 1327 3361 debet
1353 3300 1527 3361 rebus
1554 3322 1709 3379 saepe
1748 3301 1926 3362 tribui
1953 3301 2110 3379 quod
2144 3302 2528 3361 Personarum
2554 3307 2661 3375 est,
2692 3320 2799 3359 nec
2826 3308 2912 3367 ta-

505 3397 642 3435 men
669 3387 972 3455 propterea
997 3400 1090 3438 res
1130 3380 1286 3458 ipsas
1400 3402 1602 3442 rsonas
1643 3382 1899 3457 censeri3
1942 3390 2010 3441 ut
2048 3390 2285 3459 peccato
2326 3379 2484 3458 quod
2524 3380 2817 3457 deceperit
2854 3387 2915 3438 et

505 3458 802 3535 occiderit,
837 3459 1004 3519 Rom.
1034 3460 1136 3519 vii.
1171 3460 1240 3519 11
1268 3483 1283 3537 ;
1417 3460 1478 3539 gi
1504 3461 1664 3538 quod
1690 3462 1977 3539 loquatur,
2009 3462 2163 3519 Rom
2188 3458 2271 3519 iii.
2296 3462 2367 3519 19
2392 3482 2409 3536 ;
2454 3459 2735 3519 Charitati
2756 3458 2914 3537 quod

505 3539 704 3596 omnia
731 3539 928 3599 credat
955 3548 1016 3598 et
1042 3549 1247 3617 speret,
1283 3542 1314 3599 1
1342 3540 1472 3600 Cor.
1500 3542 1626 3599 xiii.
1657 3545 1691 3600 7
1718 3564 1733 3618 ;
1768 3540 2052 3621 Sanguini
2080 3540 2289 3600 Abelis
2315 3539 2474 3618 quod
2502 3540 2727 3614 clamet,
2760 3540 2911 3599 Gen.

505 3616 588 3677 iv.
622 3622 716 3678 10.
799 3620 950 3677 Nam
977 3638 1147 3679 nemo
1173 3640 1291 3680 non
1329 3620 1494 3681 videt
1531 3620 1663 3680 loca
1700 3620 1881 3681 allata
1916 3640 2034 3679 non
2072 3629 2273 3681 notare
2313 3618 2528 3697 agendi
2566 3619 2915 3696 principales

503 3717 732 3769 causas,
751 3699 854 3758 sed
880 3699 1088 3775 media,
1109 3700 1320 3777 quibus
1345 3720 1450 3778 per
1473 3701 1749 3761 usitatam
1768 3699 2129 3779 metalepsim
2146 3700 2298 3759 actio
2325 3698 2659 3777 principalis
2684 3698 2915 3775 agentis

503 3777 886 3855 adscribitur;
929 3798 1037 3839 nec
1065 3778 1219 3838 enim
1251 3780 1478 3858 proprie
1519 3790 1821 3860 peccatum
1858 3780 2087 3858 decipit,
2120 3780 2223 3839 sed
2259 3779 2526 3838 diabolus
2566 3798 2671 3855 per
2706 3798 2911 3856 peeca-

504 3864 648 3931 tum,
693 3878 800 3916 nec
838 3859 1030 3917 active
1070 3860 1298 3937 occidit,
1345 3859 1449 3919 sed
1489 3858 1799 3921 meritorie.
1883 3860 2011 3919 Lex
2052 3860 2281 3939 proprie
2324 3878 2443 3917 non
2484 3858 2759 3935 loquitur,
2808 3856 2916 3917 sed

509 3934 838 4012 Legislator
863 3938 925 3994 in
953 3937 1130 4015 Lege,
1161 3938 1257 3997 vel
1283 3959 1388 4017 per
1427 3938 1665 4018 Legem.
1750 3938 2015 4000 Charitas
2055 3940 2255 4015 credit,
2297 3938 2377 3999 id.
2418 3939 2593 3998 homo
2633 3938 2915 3997 charitate

507 4014 782 4074 imbutus.
869 4016 1122 4093 Sanguis
1148 4018 1376 4093 clamat,
1405 4038 1526 4077 non
1550 4019 1834 4097 effective,
1866 4020 1970 4080 sed
1996 4020 2307 4099 objective.
2389 4019 2476 4077 At
2500 4038 2632 4097 quae
2648 4017 2912 4077 tribuun-

505 4102 604 4153 tur
634 4094 874 4172 Spiritui
905 4097 1135 4172 Sanct0,
1167 4098 1252 4157 sic
1281 4098 1665 4158 Personarum
1692 4110 1843 4177 sunt,
1874 4108 1935 4160 et
1958 4100 2300 4175 viventium,
2330 4108 2397 4159 ut
2420 4100 2484 4157 in
2514 4099 2811 4177 Scriptura
2836 4096 2915 4155 ad

503 4192 598 4233 res
624 4174 970 4234 inanimatas
995 4196 1114 4235 non
1141 4174 1570 4237 transferantur.

588 4254 666 4312 V.
710 4256 844 4313 Non
869 4256 1076 4314 melius
1103 4256 1425 4334 elabuntur,
1469 4256 1568 4335 qui
1596 4258 1708 4317 hoc
1744 4254 1821 4317 ad
1860 4260 2250 4337 Proecpoeiam
2287 4257 2560 4333 referunt,
2602 4256 2741 4335 quia
2769 4256 2911 4314 Pro-

503 4333 814 4411 sopopoeiae
844 4334 1168 4413 subjectum
1197 4336 1482 4397 ordinarie
1509 4338 1660 4397 solet
1685 4358 1813 4399 esse
1830 4359 1923 4399 res
1943 4340 2138 4417 aliqua
2153 4358 2443 4417 corporea,
2472 4337 2599 4396 vita
2615 4337 2714 4396 vel
2734 4354 2914 4396 sensu

503 4433 721 4490 carens,
753 4421 821 4473 ut
845 4434 1025 4492 quum
1052 4415 1184 4474 coeli
1210 4416 1409 4476 audire
1430 4417 1726 4495 Jubentur,
1758 4427 1817 4479 et
1844 4418 2081 4479 flumina
2106 4419 2382 4497 plaudere
2408 4418 2709 4494 manibus;
2753 4414 2913 4493 quod

503 4493 566 4551 in
598 4493 874 4571 Spiritum
907 4495 1182 4554 Sanctum
1224 4517 1340 4555 non
1368 4498 1628 4574 quadrat.
1674 4502 1729 4557 2.
1762 4499 1911 4573 Quia
1938 4500 1988 4558 si
2013 4500 2259 4577 figurate
2298 4498 2495 4557 locuta
2517 4505 2675 4557 'esset
2718 4495 2910 4572 Scrip-

502 4582 634 4634 tura
660 4574 722 4631 in
764 4595 880 4634 uno
908 4575 1004 4634 vel
1033 4576 1214 4636 altero
1255 4578 1384 4636 loco
1413 4579 1486 4637 de
1517 4578 1737 4656 Spiritu
1768 4578 1849 4653 S„
1892 4577 2033 4638 alibi
2060 4579 2170 4637 hoc
2212 4578 2459 4657 propriis
2484 4576 2682 4635 verbis
2723 4574 2909 4652 expli-

501 4654 735 4732 cuisset,
779 4652 938 4733 quod
975 4675 1094 4715 non
1135 4656 1273 4717 facit
1299 4666 1508 4735 tamen,
1551 4658 1670 4718 imo
1698 4666 2029 4719 constanter
2055 4658 2131 4717 de
2170 4658 2274 4718 illo
2314 4658 2399 4718 ita
2436 4657 2711 4735 loquitur.
2754 4658 2813 4715 3.
2846 4653 2911 4715 Si

553 2403 767 2460 Spiritus
789 2404 837 2448 S.
859 2406 937 2449 est

524 2461 741 2507 Persona
774 2461 974 2508 Divina.
