3300 5225
529 355 649 416 584
1455 375 1639 419 Locus
1669 373 1880 419 sonus.
2529 355 2784 442 [qusr.
2818 375 2960 422 xiv.

528 525 851 594 sequenter,
880 515 1091 596 partim
1130 536 1237 598 per
1275 516 1734 595 delectationem,
1773 519 1983 598 partim
2025 539 2128 598 per
2168 525 2333 580 actus
2373 523 2766 600 peccaminosi
2807 539 2962 582 oon·

527 597 923 675 tinuationem,
955 600 1126 676 quale
1152 601 1215 659 in
1250 599 1369 660 illis
1410 601 1708 678 reperitur,
1752 618 1900 678 quos
1941 600 2206 661 Christus
2245 611 2419 661 vocat
2460 623 2660 662 servos
2701 604 2962 682 peccati,

531 677 577 737 J
578 677 748 737 ohan.
778 679 901 737 viii.
926 682 1021 755 34,
1052 687 1111 738 et
1137 681 1239 758 qui
1267 680 1538 740 dicuntur
1548 683 2074 758 sacerepeccatum,
2104 685 2132 740 1
2159 681 2203 742 J
2206 702 2261 740 ο.
2291 682 2373 740 iii.
2403 685 2460 760 8,
2484 683 2586 762 qui
2605 684 2732 744 scil.
2763 693 2962 744 art-em

532 758 813 835 peccandi
840 769 1129 837 exercent,
1160 769 1221 820 et
1247 778 1490 837 quorum
1518 761 1630 819 hoc
1659 761 1822 820 velut
1847 759 1982 843 ἰ’ςγοσ
2010 771 2100 821 est
2127 763 2482 823 continuum.

618 838 811 898 XIII.
852 842 1113 916 Regnum
1144 842 1385 918 peccati,
1430 841 1529 900 vel
1576 849 1672 901 est
1716 843 2027 901 absolutum
2067 852 2126 902 et
2167 847 2335 903 totale
2362 843 2556 921 quoad
2593 855 2824 920 stanam,
2857 845 2964 904 vel

526 919 785 996 partiale
811 928 872 980 et
896 931 1290 1000 comparatum
1331 921 1523 999 quoad
1564 929 1769 982 aetiam.
1855 923 2026 982 Prius
2068 923 2224 983 cadit
2263 923 2325 982 in
2367 924 2524 984 solos
2563 925 2962 1003 irregenitos3

542 999 661 1058 Sed
697 1000 983 1077 posterius
1024 1001 1361 1080 aliquandiu
1402 999 1559 1061 cadit
1598 1003 1661 1060 in
1701 1001 1859 1080 ipsos
1897 1003 2116 1080 fideles,
2147 1025 2326 1081 quum
2367 1005 2428 1063 in
2470 1006 2674 1083 gravia
2711 1017 2966 1084 peccata

538 1079 821 1158 incidunt,
840 1090 899 1141 et
918 1081 981 1140 in
996 1081 1113 1143 illis
1131 1082 1467 1160 aliquandiu
1486 1083 1725 1158 haerent,
1741 1092 1807 1142 ut
1823 1084 1883 1141 in
1898 1083 2145 1161 Davide,
2170 1084 2495 1162 Solomone,
2516 1095 2575 1144 et
2591 1085 2720 1145 aliis
2738 1086 2962 1146 visum.

680 1226 691 1238 ‚
746 1226 759 1238 ‚
798 1227 808 1238 ,
1149 1164 1330 1223 XIV.
1378 1163 1666 1239 Secunde,
1705 1163 1892 1223 Aliud
1931 1173 2022 1224 est
2059 1166 2396 1240 remissibile,
2428 1163 2614 1225 Aliud
2654 1163 2962 1226 irremissi-

550 1224 939 1334 Ressffiffgssgf
958 1227 1025 1273 ¹¹*
1063 1245 1211 1318 bam
1252 1243 1410 1304 mua
1437 1242 1596 1322 quod
1622 1244 1838 1303 remitti
1876 1254 2066 1322 potest
2107 1266 2183 1305 ex
2213 1247 2325 1305 Dei
2363 1246 2566 1323 gratia,
2613 1247 2784 1306 Istud
2811 1267 2963 1306 vero

1062 1323 1221 1403 quod
1246 1345 1355 1383 nec
1382 1324 1780 1384 remissionem
1801 1325 2040 1402 obtinet,
2072 1345 2178 1384 nec
2206 1327 2463 1385 obtinere
2484 1335 2678 1405 potest
2705 1347 2782 1386 ex
2809 1328 2856 1387 J
2859 1349 2960 1387 us-

548 1404 715 1466 titia:
742 1405 934 1483 qualis
962 1413 1051 1466 est
1076 1403 1269 1464 finalis
1296 1405 1734 1482 impoenitentia,
1762 1425 1896 1484 quoe
1921 1406 2183 1484 reprobis
2211 1405 2477 1466 omnibus
2507 1408 2828 1466 communis
2845 1418 2960 1482 est,

538 1494 599 1544 et
624 1485 912 1563 praecipue
938 1494 1239 1564 peccatum
1266 1485 1328 1544 in
1360 1485 1639 1564 Spiritum
1672 1485 1965 1562 Sanctum,
1985 1485 2081 1546 cui
2107 1507 2226 1564 prae
2243 1488 2466 1546 caeteris
2493 1487 2770 1547 tribuitur
2797 1489 2960 1564 quod

543 1565 621 1625 sit
648 1566 1057 1642 irremissibile,
1080 1567 1175 1626 cui
1200 1585 1308 1625 nec
1335 1567 1509 1624 venia
1534 1565 1872 1625 conceditur
1899 1586 2170 1643 unquam,
2193 1587 2301 1625 nec
2327 1587 2466 1626 vero
2484 1568 2726 1627 concedi
2744 1580 2962 1645 potest,

544 1644 619 1703 de
647 1665 762 1722 quo
790 1655 929 1785 afguep
954 1665 1203 1726 sequens
1224 1647 1499 1724 QuaestiO.
1584 1645 1900 1706 Distinctio
1927 1647 2158 1707 Peccati
2179 1648 2410 1707 venialis
2429 1657 2488 1708 et
2509 1648 2767 1708 mortales
2788 1659 2965 1708 antea

545 1745 792 1784 excussa
883 1747 903 1784 1
930 1771 945 1784 .

1438 1883 1827 1965 QUAEsTm
1869 1885 2051 1951 x1v.

546 2047 621 2109 1⁷2
638 2068 749 2127 quo
765 2047 1029 2110 emetat
1044 2019 1475 2126 rasosmzs
1494 2051 1721 2128 peccas
1737 2052 1794 2112 εη
1811 2051 2088 2129 Spiritum
2109 2051 2197 2126 s„-
2217 2051 2304 2110 Et
2320 2070 2423 2111 cur
2441 2049 2516 2110 ,a
2540 2047 2968 2112 incrassatae?

609 2229 779 2276 sutus
813 2229 973 2281 qm.
1156 2211 1207 2270 I.
1239 2211 1371 2271 Non
1398 2212 1693 2290 quaeritur,
1720 2212 1820 2270 An
1847 2205 2017 2271 detur
2043 2205 2281 2289 aliquod
2306 2220 2624 2290 peccatum,
2645 2211 2804 2290 quod
2847 2212 2970 2270 sin-

704 2289 871 2336 tionis.
1076 2291 1356 2370 gulariter
1382 2291 1607 2352 dicatur
1632 2293 1696 2350 in
1727 2287 2004 2370 Spiritum
2037 2291 2312 2352 Sanctum
2341 2315 2355 2353 2
2399 2288 2532 2351 Hoc
2559 2293 2713 2352 enim
2743 2293 2827 2350 ita
2847 2292 2971 2350 cla-

552 2393 679 2434 rum
708 2383 798 2434 est
825 2396 901 2435 ex
932 2375 1246 2452 Scriptura,
1276 2381 1342 2432 ut
1369 2372 1443 2432 de
1485 2393 1555 2432 eo
1596 2371 1850 2432 dubitari
1885 2381 2168 2450 nequeat3
2210 2389 2342 2432 cum
2379 2391 2653 2451 expresse
2697 2372 2974 2432 Christus

551 2455 877 2514 meminerit
906 2453 1182 2533 “peccati
1210 2462 1271 2512 et
1296 2452 1671 2531 blasphemiae
1699 2449 1761 2511 in
1793 2453 2070 2531 Spiritum
2117 2453 2451 2529 Sanctum,”
2484 2453 2655 2512 Matt.
2699 2453 2802 2510 xii.
2849 2456 2926 2512 31
2952 2475 2970 2528 ς

554 2535 739 2594 Marc.
768 2535 849 2594 iii.
881 2537 977 2613 29,
1010 2537 1122 2610 303
1170 2533 1248 2593 Et
1274 2533 1579 2594 Johannes
1608 2553 1658 2593 c.
1688 2554 1746 2593 v.
1775 2533 1992 2613 primae,
2024 2549 2082 2593 v.
2117 2536 2209 2610 16,
2239 2534 2511 2613 loquatur
2532 2533 2604 2592 de
2621 2541 2860 2610 peccato
2889 2536 2982 2592 ad

552 2624 803 2691 mortem,
831 2636 937 2693 pro
965 2636 1081 2695 quo
1110 2613 1391 2674 orandum
1418 2630 1536 2673 non
1564 2622 1670 2691 est,
1703 2615 1860 2692 quod
1886 2612 2046 2674 aliud
2072 2632 2192 2673 non
2226 2624 2420 2693 potest
2459 2634 2587 2674 esse
2615 2632 2790 2693 quam
2832 2634 2972 2692 pec-

553 2705 746 2755 catum
772 2696 836 2754 in
860 2695 1135 2773 Spiritum
1169 2696 1259 2755 S.:
1307 2689 1423 2754 Sed
1452 2710 1718 2773 quasnam
1746 2692 1823 2755 sit
1849 2696 1978 2774 ejus
2003 2704 2233 2771 natura,
2263 2694 2416 2754 circa
2431 2712 2605 2773 quam
2633 2695 2810 2753 variae
2833 2704 2978 2754 sunt

552 2775 983 2855 Theologorum
1011 2775 1345 2851 sententiae3
1392 2774 1471 2835 Et
1498 2776 1571 2834 de
1598 2796 1715 2853 qua
1743 2775 1998 2853 August.
2046 2775 2228 2836 Serm.
2262 2776 2354 2834 11.
2384 2775 2458 2834 de
2486 2775 2701 2834 Verbis
2731 2774 2976 2833 Domini

552 2857 653 2933 ait,
690 2858 1061 2925 Quaestionem
1086 2860 1302 2917 nullam
1328 2855 1389 2915 in
1414 2856 1727 2932 &reptat-223
1751 2860 2024 2932 maJorem
2051 2865 2106 2914 et
2131 2856 2494 2931 difficiliorem
2522 2854 2774 2915 invenim‘.

555 2977 1036 3091 “usstass
1076 2936 1225 3088 ..tif
1232 2936 2976 3092 'nguffmsl'ssssissssrsissfffffffi‘32153'33022325332fiii„

614 3096 723 3137 ‘¹²²²
746 3090 799 3138 Β·
1080 3094 1382 3175 intesta-1233
1428 3094 1650 3152 ratione
1700 3095 1867 3168 officii
1906 3104 1965 3155 et
2019 3096 2361 3171 operationis
2381 3116 2401 3154 .·
2459 3096 2542 3155 Ut
2590 3096 2744 3154 enim
2793 3096 2972 3155 trium

560 3177 943 3235 Personarum
971 3174 1298 3234 divinarum
1320 3174 1641 3233 communis
1669 3183 1758 3234 est
1779 3176 2046 3252 essentia,
2069 3176 2151 3235 ita
2171 3185 2260 3236 est
2287 3178 2543 3257 ἇμάςιστος
2571 3178 2706 3251 ἀξίαι,
2729 3176 2976 3235 ἰπᾱίιήεα

559 3255 820 3333 diqnitas,
850 3265 916 3315 ut
941 3255 1200 3333 loquitur
1227 3254 1603 3331 Athanasius,
1635 3254 1719 3315 ita
1745 3264 1810 3315 ut
1837 3276 1953 3314 una
1983 3258 2220 3316 seorsim
2243 3257 2316 3315 ab
2338 3256 2468 3315 aliis
2495 3276 2602 3316 nec
2625 3254 2840 3316 offendi
2863 3276 2974 3315 nec

558 3335 869 3415 glorificari
896 3336 1116 3413 possit:
1145 3335 1385 3411 Verum,
1414 3343 1482 3395 ut
1507 3335 1570 3393 in
1596 3332 1918 3396 oeconomia
1946 3338 2150 3397 salutis
2187 3336 2506 3415 peculiares
2533 3338 2745 3396 dantur
2772 3355 2973 3414 opera-

558 3417 763 3493 tiones,
808 3436 939 3494 quae
983 3414 1229 3494 singulis
1272 3415 1533 3495 personis
1581 3424 1914 3511 competunt
1968 3436 2072 3494 per
2125 3418 2663 3496 appropriationem,
2703 3426 2770 3476 ut
2819 3415 2978 3475 Filio

559 3497 885 3574 redemptio,
920 3496 1160 3577 Spiritui
1193 3496 1406 3557 Sancto
1435 3495 1786 3571 illuminatto,
1816 3498 1952 3557 hinc
1989 3498 2072 3572 fit,
2103 3506 2169 3556 ut
2207 3506 2461 3575 peccata,
2493 3517 2622 3576 quae
2665 3496 2976 3575 specialius

560 3578 997 3639 committuntur
1023 3586 1225 3637 contra
1252 3578 1641 3655 operationem
1673 3576 1830 3653 Filii,
1862 3586 1963 3636 aut
1995 3572 2243 3655 Spiritus
2276 3576 2357 3654 S.,
2382 3578 2666 3652 dicantur,
2686 3576 2976 3636 committi

561 3668 763 3720 contra
790 3658 1023 3735 Filium,
1055 3665 1155 3718 aut
1188 3658 1465 3735 Spiritum
1498 3658 1576 3733 S.,
1608 3657 1798 3715 nimir.
1829 3658 2049 3716 ratione
2077 3656 2308 3717 illorum
2335 3658 2702 3736 operationis.

1169 3738 1288 3795 III.
1333 3737 1464 3796 Non
1493 3745 1686 3814 potest
1703 3737 1818 3795 dici
1839 3738 2146 3798 Peccatum
2167 3736 2278 3796 hoc
2300 3735 2614 3797 consistere
2639 3736 2980 3814 simpliciter

564 3799 625 3845 1¹¹
662 3812 895 3901 qufmffl?
935 3812 1045 3844 ‘²⁰¹¹'
1086 3817 1149 3877 in
1190 3817 1588 3893 impoenitentia
1617 3814 1810 3896 finali,
1862 3826 1927 3877 ut
1971 3818 2226 3894 August.
2284 3815 2489 3894 voluit,
2551 3816 2688 3895 quia
2740 3816 2973 3895 reprobi

1087 3917 1287 3957 omnes
1315 3899 1375 3955 in
1404 3917 1473 3956 ea
1501 3897 1840 3972 moriuntur,
1871 3894 1972 3974 qui
2009 3905 2202 3957 tamen
2243 3917 2360 3956 non
2399 3907 2645 3977 possunt
2685 3897 2800 3956 dici
2840 3916 2973 3973 pec·

566 3994 695 4035 care
724 3973 784 4031 in
817 3973 1094 4051 Spiritum
1127 3976 1438 4037 Sanctum:
1468 3976 1661 4036 Multo
1682 3977 1874 4035 minus
1902 3993 2007 4035 sex
2029 3978 2250 4055 species
2271 3979 2399 4055 ejus
2421 3976 2694 4037 constitui
2710 3984 2973 4054 possunt,

564 4062 632 4115 ut
656 4053 917 4131 plerique
958 4074 1035 4111 ex
1065 4056 1385 4115 Pontificiis
1426 4064 1704 4131 statuunt,
1752 4056 2150 4136 PraesumptiO,
2199 4056 2558 4151 Desperati0‚
2605 4055 2976 4135 Oppugnatio

565 4132 828 4199 veritatis
855 4133 1087 4210 agnitae,
1121 4136 1455 4195 Invidentia
1494 4134 1762 4195 fraternae
1803 4137 2022 4213 gratiae,
2055 4134 2382 4197 Obstinatio
2424 4146 2482 4197 et
2526 4136 2974 4215 Impoenitentia,

564 4213 703 4290 quia
718 4211 890 4270 unius
918 4213 1130 4289 speciei
1162 4214 1457 4292 Scriptura
1476 4214 1613 4273 facit
1632 4216 1744 4273 hoc
1763 4226 2082 4293 peccatum,
2105 4238 2212 4277 nec
2233 4214 2448 4277 debent
2466 4218 2563 4276 vel
2581 4225 2776 4295 partes
2795 4215 2975 4275 alicu-

559 4293 663 4371 jus
686 4292 925 4369 peccati,
949 4293 1046 4351 vel
1074 4294 1291 4371 gradus
1312 4303 1371 4353 et
1390 4294 1798 4372 dispositiones
1825 4297 1902 4356 ad
1927 4297 2091 4373 illud,
2120 4297 2183 4356 in
2209 4297 2367 4357 illius
2395 4298 2616 4375 species
2644 4296 2975 4375 permutari.

1171 4374 1283 4433 IV.
1315 4373 1500 4433 Nobis
1520 4375 1732 4435 dicitur
1753 4396 1879 4436 esse
1897 4378 2186 4455 apostasia
2205 4376 2551 4437 universalis
2570 4399 2605 4437 a
2622 4398 2761 4437 vero
2781 4376 2975 4436 Chris-

1090 4454 1378 4531 tianism0‚
1410 4474 1513 4513 seu
1554 4455 1816 4517 veritatis
1860 4456 2249 4534 Evangelicae,
2293 4458 2367 4517 de
2408 4478 2525 4536 qua
2565 4458 2695 4535 quis
2735 4458 2796 4515 in
2839 4476 2974 4515 con-

569 4534 809 4595 scientia
836 4554 941 4595 sua
968 4536 1271 4595 convictus
1312 4544 1416 4611 est,
1454 4536 1649 4595 totalis
1691 4546 1750 4596 et
1790 4556 2165 4615 perseverans
2207 4539 2532 4615 abnegati0‚
2565 4536 2888 4611 detestati0‚
2919 4543 2981 4595 et

570 4616 941 4693 oppugnatio,
994 4636 1097 4677 seu
1144 4616 1457 4695 sophistica
1506 4636 1608 4675 seu
1653 4617 1972 4694 tyrannica,
2023 4636 2140 4677 non
2188 4638 2264 4676 ex
2308 4617 2599 4678 communi
2645 4617 2977 4676 infirmitate

567 4694 838 4773 humana,
863 4696 968 4758 sed
994 4718 1072 4759 ex
1100 4696 1381 4777 singulari
1401 4704 1459 4758 et
1486 4696 1804 4758 deliberata
1829 4697 2068 4776 malitia,
2100 4706 2158 4760 et
2185 4698 2344 4759 illius
2373 4698 2506 4759 odio
2526 4718 2760 4777 prorsus
2778 4696 2975 4756 diabo-

608 4426 669 4473 In
689 4441 784 4486 quo
808 4431 1048 4475 versetur.
