3300 5225
394 338 401 343 ·
514 322 631 379 522
963 346 966 349 ·
1466 332 1652 377 Locus
1679 332 1968 375 ocrAvus.
2549 310 2808 392 [omns-r.
2839 328 2931 374 xv.

488 466 578 539 'ac
604 472 761 552 boni,
790 484 915 536 tum
944 474 1303 534 evenuaealt'teu·
1327 494 1364 535 a
1388 474 1693 553 posteriori
1719 492 1824 551 per
1848 472 2178 565 prolepsim,
2209 478 2497 549 quatenus
2523 490 2600 531 ex
2641 473 2770 551 ejus
2819 492 2936 532 esu

511 558 686 617 homo
713 574 917 615 revera
944 564 1287 632 experturus
1315 563 1453 630 erat,
1498 553 1641 632 quid
1669 555 1974 614 interesset
2012 561 2163 611 mter
2200 551 2543 611 obedientiae
2581 552 2820 627 bonum,
2869 561 2936 611 et

509 635 916 697 inobedientiae
942 636 1177 709 malum,
1208 643 1275 693 ut
1300 636 1401 711 qui
1428 634 1575 693 illud
1602 633 1927 693 discernere
1953 632 2138 692 nollet
2175 650 2281 709 per
2305 640 2674 709 praeceptum,
2703 631 2930 690 discer-

510 725 674 775 neret
700 734 805 793 per
843 714 1333 792 experimentum3
1378 734 1598 791 suoque
1636 714 1794 771 malo
1833 711 2162 772 edocendus
2202 720 2342 785 erat,
2385 720 2666 788 quantum
2705 711 2933 770 bonum

513 796 819 870 amisisset,
850 802 1129 871 quantum
1157 802 1359 853 contra
1382 794 1601 853 malum
1628 791 1742 852 sibi
1769 794 2120 867 attraxisset,
2157 810 2192 850 a
2218 802 2450 868 quantae
2489 791 2782 851 felicitatis
2809 791 2930 850 fas-

514 875 677 953 tigio,
703 874 764 932 in
785 892 960 951 quam
986 874 1331 951 profundam
1358 870 1603 932 miseriae
1632 873 1926 949 abyssum,
1945 890 2052 950 per
2075 880 2376 949 peccatum
2397 890 2462 929 se
2487 871 2930 949 praecipitasset.

596 954 708 1013 IV.
755 954 925 1012 Hanc
972 970 1113 1012 vero
1162 953 1425 1012 arborem
1470 952 1678 1029 selegit
1728 953 1898 1011 Deus.
1937 950 2011 1009 ad
2067 950 2482 1028 explorandam
2536 950 2932 1010 obedientiam

515 1032 750 1110 Adami,
781 1033 935 1092 unde
963 1041 1102 1091 nata
1128 1030 1257 1091 Lex
1284 1032 1551 1109 specialis
1577 1031 1668 1090 illi
1693 1032 1812 1091 lata
1833 1031 1906 1091 de
1933 1048 2051 1089 non
2079 1030 2368 1107 gustando
2389 1031 2516 1108 ejus
2543 1030 2752 1105 fructu,
2775 1030 2932 1089 Gen.

514 1114 574 1172 ii.
624 1116 716 1187 16,
764 1115 857 1171 17.
904 1116 941 1145 “
963 1113 1060 1170 Ex
1086 1112 1243 1170 omni
1284 1114 1487 1172 arbore
1514 1112 1670 1171 horti
1710 1110 2066 1171 comedendo
2105 1110 2410 1185 comedes;
2455 1110 2559 1169 sed
2599 1129 2677 1167 ex
2719 1110 2932 1168 arbore

516 1192 772 1252 scientiae
800 1192 939 1250 boni
980 1198 1039 1250 et
1064 1192 1203 1249 mali
1230 1210 1347 1251 non
1374 1191 1660 1267 comedes,
1693 1190 1830 1268 quia
1856 1190 1918 1249 in
1945 1190 2038 1249 die
2066 1209 2183 1267 qua
2210 1188 2478 1249 comedes
2505 1209 2582 1247 ex
2607 1208 2698 1265 ea,
2741 1198 2934 1249 morte

516 1271 846 1347 morieris;”
876 1290 1007 1347 quae
1032 1280 1275 1331 vocatur
1300 1274 1429 1330 Lex
1460 1271 1724 1348 positiva,
1755 1272 1893 1347 quia
1931 1286 2050 1328 non
2075 1268 2377 1345 obligabat
2402 1269 2695 1328 hominem
2721 1288 2800 1327 ex
2823 1288 2932 1327 na-

515 1359 647 1411 tura
671 1352 773 1427 rei,
804 1370 933 1427 quse
962 1351 1021 1408 in
1050 1370 1113 1409 se
1130 1360 1253 1410 erat
1278 1350 1628 1426 indifferens,
1661 1350 1766 1409 sed
1792 1370 1869 1409 ex
1894 1368 2053 1409 mero
2073 1348 2186 1407 Dei
2213 1349 2483 1424 arbitri03
2515 1356 2574 1407 et
2593 1349 2928 1425 Symbott’ca,

514 1432 655 1508 quia
680 1431 741 1488 in
784 1430 1111 1507 symbolum
1139 1440 1199 1490 et
1224 1431 1682 1509 experimentum
1717 1429 2060 1489 obedientiae
2088 1428 2338 1487 hominis
2375 1428 2513 1487 data
2539 1436 2679 1487 erat.
2763 1428 2934 1487 Talis

516 1510 838 1648 inissufi‘ai‘
882 1511 1049 1647 uiti?
1069 1530 1153 1646 fit
1179 1511 1345 1647 *iim
1358 1510 1723 1649 Jinamffiff
1755 1517 1883 1646 30‘1'3‘
1905 1506 2936 1647 ‚Lffifffflffiffgoeffff

570 1606 601 1647 e
746 1608 951 1647 ,οω
1157 1608 1707 1648 ‚av.uee.c..
1873 1606 2019 1647 nmo
2191 1606 2220 1645 s
2309 1623 2312 1625 v
2461 1607 2504 1645 x
2893 1608 2932 1646 o

518 1668 581 1726 in
606 1608 893 1745 paradisol,
922 1667 1089 1744 quasi
1114 1668 1329 1727 matrix
1366 1668 1478 1727 fuit
1504 1667 1762 1727 omnium
1801 1675 2218 1745 praeceptorum
2262 1667 2445 1726 Dei.”·
2520 1666 2606 1726 Ut
2631 1667 2788 1725 enim
2825 1668 2934 1725 illa

518 1747 773 1823 impleta,
804 1763 1057 1805 amorem
1084 1764 1253 1807 suum
1280 1756 1341 1806 et
1368 1746 1710 1823 obsequium
1725 1766 1866 1825 erga
1885 1748 2074 1806 Deum
2101 1747 2390 1806 illibatum
2411 1753 2658 1805 testatus
2684 1746 2932 1811 fuisset:

521 1826 617 1885 Ita
642 1826 745 1884 illa
772 1826 1006 1901 violata,
1038 1845 1102 1885 se
1131 1827 1245 1886 Dei
1270 1827 1575 1904 imperium
1603 1826 1939 1902 detrectare,
1985 1834 2045 1885 et
2069 1828 2360 1905 propriam
2385 1826 2766 1902 voluntatem,
2811 1826 2934 1884 imo

520 1914 579 1965 et
605 1922 813 1964 vocem
840 1902 1185 1965 diabolicam
1211 1904 1499 1965 voluntati
1520 1915 1579 1966 et
1605 1906 1738 1965 voci
1765 1902 1981 1965 divinae
2009 1925 2071 1965 se
2099 1905 2366 1984 praeferre
2391 1905 2688 1983 professus
2715 1915 2825 1965 est.

1162 1986 1239 2046 V.
1285 1986 1625 2045 Necessaria
1650 2004 1792 2064 ergo
1833 1986 1945 2045 fuit
1986 1984 2114 2045 Lex
2153 1986 2258 2044 illa
2297 1986 2685 2063 exploratoris
2721 1994 2936 2063 praeter

1043 2066 1263 2143 Legem
1288 2066 1628 2141 naturalem,
1660 2085 1790 2143 quae
1817 2066 2068 2125 hominis
2095 2064 2462 2125 conscientias
2489 2064 2600 2125 fuit
2631 2066 2932 2143 impressa,

1047 2150 1101 2204 1.
1134 2146 1219 2206 Ut
1248 2146 1426 2221 Deus,
1456 2146 1559 2223 qui
1584 2146 1808 2205 homini
1849 2144 2167 2205 dominium
2193 2164 2386 2205 rerum
2413 2146 2671 2204 omnium
2699 2164 2937 2204 conces-

522 2235 691 2302 serat,
722 2227 1039 2285 declararet
1068 2244 1129 2285 se
1155 2226 1407 2285 hominis
1436 2222 1768 2302 Dominum,
1787 2226 1962 2284 homo
1990 2233 2183 2283 autem
2209 2225 2561 2302 intelligeret
2589 2244 2650 2283 se
2679 2244 2933 2300 servum,

522 2308 624 2385 qui
652 2315 942 2366 teneretur
966 2305 1056 2363 im
1083 2305 1321 2365 subesse
1349 2312 1409 2364 et
1424 2305 1747 2381 adhaerer03
1781 2306 1946 2364 Licet
1965 2305 2119 2363 enim
2143 2304 2271 2363 Lex
2289 2305 2570 2363 naturalis
2586 2303 2648 2362 id
2668 2305 2794 2383 jam
2813 2324 2938 2363 non

526 2385 769 2446 obscure
803 2386 1137 2460 declararet,
1168 2386 1307 2462 quia
1344 2392 1539 2444 tamen
1565 2385 1851 2462 potuisset
1890 2385 2023 2462 quis
2063 2383 2329 2443 arbitrari
2367 2384 2587 2461 Legem
2615 2383 2940 2463 naturalem

523 2484 652 2524 esse
678 2465 1086 2542 proprietatem
1124 2473 1345 2523 naturae
1384 2484 1503 2524 non
1544 2472 1738 2523 autem
1779 2464 2031 2541 Legem;
2079 2462 2222 2522 Ideo
2261 2464 2538 2540 peculiari
2581 2463 2757 2539 Lege,
2801 2484 2937 2539 quae

524 2552 679 2603 esset
706 2544 779 2602 de
806 2563 869 2601 re
896 2543 1157 2602 absolute
1194 2542 1555 2603 indifferente
1582 2544 1694 2602 hoc
1731 2543 1942 2602 clarius
1970 2542 2262 2601 declarare
2289 2543 2509 2618 voluit3
2557 2542 2641 2601 Ut
2667 2543 2803 2601 hinc
2821 2542 2939 2601 Dei

526 2624 861 2699 dominium,
893 2624 995 2701 qui
1038 2623 1319 2683 arbitratu
1348 2643 1453 2684 suo
1480 2643 1625 2701 puro
1670 2633 1811 2701 puto
1856 2623 1919 2682 id
1957 2631 2135 2696 vetat,
2167 2623 2336 2700 cujus
2379 2623 2542 2682 nulla
2569 2623 2683 2681 alia
2725 2632 2937 2700 praeter

525 2703 887 2762 voluntatem
914 2704 967 2780 ej
976 2721 1043 2762 us
1068 2703 1216 2761 ratio
1245 2712 1333 2762 est
1360 2703 1725 2782 indaganda3
1771 2702 1917 2761 Inde
1944 2721 2084 2760 vero
2111 2702 2361 2760 hominis
2390 2702 2732 2778 obsequium
2758 2722 2936 2780 appa-

525 2791 696 2859 reret,
742 2783 962 2842 nullam
998 2781 1153 2859 jussi
1179 2783 1277 2840 vel
1312 2781 1605 2842 interdicti
1646 2783 1928 2840 rationem
1963 2781 2312 2858 indagantis,
2359 2781 2462 2840 sed
2495 2802 2557 2840 se
2599 2782 2674 2839 ad
2717 2801 2938 2840 morem

528 2863 845 2940 gerendum
873 2861 1285 2937 componentis,
1315 2860 1391 2919 ob
1420 2861 1602 2920 solam
1630 2861 1964 2937 imperantis
2002 2861 2376 2919 voluntatem.
2421 2863 2478 2919 2.
2512 2860 2594 2920 Ut
2633 2869 2938 2938 peccatum

526 2941 877 3000 luculentius
917 2941 980 2997 in
1007 2947 1247 2998 externo
1286 2939 1389 2997 ino
1430 2939 1697 3016 symbolo
1739 2939 2178 3016 conspiceretur,
2223 2947 2282 2998 et
2308 2939 2542 2998 latentis
2577 2940 2788 3000 ulceris
2814 2958 2935 2998 ma·

527 3021 652 3078 lum
678 3019 742 3076 in
767 3020 956 3078 lucem
995 3017 1436 3094 pertraheretur,
1464 3017 1564 3076 vel
1600 3018 1944 3078 obedientiae
1983 3017 2170 3077 virtus
2210 3019 2384 3096 longe
2425 3019 2637 3078 clarius
2665 3019 2937 3078 eluceret.

532 3098 823 3156 Illustrior
850 3097 1001 3155 enim
1030 3095 1223 3154 futura
1249 3105 1371 3154 erat
1408 3097 1595 3156 virtus
1622 3096 1982 3173 obedientiae,
2013 3117 2144 3174 quae
2171 3097 2304 3156 ideo
2331 3107 2555 3157 tantmn
2583 3099 2736 3156 mala
2762 3106 2934 3173 esset,

538 3177 676 3253 quia
702 3195 738 3232 a
767 3175 893 3234 Deo
919 3173 1119 3234 vetita.
1166 3177 1203 3208 “
1226 3173 1349 3234 Nec
1377 3175 1588 3251 enim,”
1618 3175 1809 3254 inquit
1831 3177 1990 3254 Aug.
2019 3177 2120 3236 lib.
2143 3177 2267 3234 viii.
2289 3177 2362 3236 de
2391 3196 2557 3254 gene.
2577 3197 2627 3236 c.
2655 3180 2748 3252 13,
2779 3181 2816 3210 “
2833 3198 2938 3255 po—

530 3256 647 3315 tuit
670 3255 879 3313 melius
922 3263 982 3314 et
1008 3254 1348 3332 diligentius
1386 3257 1793 3332 commendari,
1839 3265 2120 3334 quantum
2159 3257 2376 3315 malum
2417 3257 2494 3315 sit
2527 3257 2934 3333 inobedientia,

532 3355 665 3394 cum
692 3333 822 3393 ideo
849 3353 983 3394 reus
1009 3334 1330 3411 iniquitatis
1356 3333 1543 3395 factus
1580 3344 1670 3395 est
1695 3336 1886 3411 homo,
1917 3335 2019 3413 qui
2043 3355 2164 3394 rem
2193 3355 2319 3395 eam
2345 3336 2542 3413 tetigit
2569 3344 2767 3395 contra
2805 3355 2938 3414 pro·

531 3414 871 3473 bibitionem
895 3437 909 3492 3
958 3433 1135 3492 quam
1189 3413 1240 3472 si
1282 3433 1399 3474 non
1441 3416 1766 3492 prohibitus
1810 3415 2114 3492 tetigisset,
2152 3416 2354 3492 utique
2409 3436 2527 3474 non
2583 3415 2938 3493 peccasset.”

534 3496 592 3554 3.
626 3493 709 3554 Ut
736 3489 1053 3553 declararet
1079 3491 1371 3554 hominem
1398 3513 1435 3554 a
1462 3514 1523 3554 se
1548 3495 1720 3554 liberi
1746 3495 1967 3554 arbitrii
1993 3513 2120 3554 esse
2149 3495 2382 3572 factum,
2413 3496 2550 3572 quia
2567 3497 2704 3555 siea
2721 3497 2939 3555 camis-

534 3582 640 3648 set,
670 3571 847 3633 talem
872 3575 1063 3651 legem
1092 3573 1179 3632 illi
1206 3593 1322 3633 non
1348 3575 1734 3652 imposuisset.
1779 3578 1836 3633 4.
1851 3574 1937 3634 Ut
1963 3575 2218 3651 pulchrae
2247 3576 2468 3634 arboris
2495 3574 2742 3634 fructum
2763 3576 2939 3634 inter—

533 3649 797 3728 dicendo,
828 3653 1243 3712 beatitudinem
1282 3673 1444 3714 suam
1471 3655 1532 3712 in
1559 3671 1752 3713 rerum
1789 3663 2146 3713 terrenarum
2185 3653 2456 3714 fmitione
2481 3671 2600 3713 non
2625 3656 2942 3714 consistere

534 3733 886 3806 admoneret,
908 3733 1047 3809 quia
1072 3731 1217 3792 alias
1261 3734 1423 3792 Deus
1451 3751 1646 3793 earum
1679 3752 1792 3793 usu
1827 3734 2018 3811 ipsum
2051 3753 2244 3794 arcere
2271 3754 2388 3793 non
2421 3735 2720 3794 voluisset.
2763 3737 2820 3794 5.
2853 3733 2942 3794 Ut

536 3811 770 3870 doceret
814 3812 1005 3870 Deum
1033 3811 1237 3886 solum,
1284 3820 1343 3870 et
1370 3814 1495 3890 ejus
1533 3813 1892 3890 obsequium,
1939 3813 2285 3890 posthabitis
2327 3814 2500 3873 rebus
2543 3814 2829 3889 omnibus,
2871 3822 2942 3872 ut

534 3907 825 3949 summum
852 3889 1067 3948 bonum
1096 3891 1469 3968 quaerendum
1494 3891 1690 3968 fuisse,
1721 3900 1783 3951 ct
1807 3893 1870 3950 in
1897 3911 1966 3950 eo
1993 3891 2118 3951 solo
2146 3893 2642 3970 acquiescendum.

617 3967 732 4026 VI.
751 3967 853 4025 Ad
878 3968 991 4026 hoc
1010 3971 1467 4046 experimentum
1488 3969 1561 4028 de
1586 3971 1821 4030 homine
1839 3971 2196 4046 sumendum,
2222 3973 2504 4048 potuisset
2521 3972 2755 4049 quidem
2778 3973 2942 4032 Deus

530 4063 811 4122 magnum
836 4045 1059 4124 aliquid
1100 4057 1159 4108 et
1184 4048 1427 4108 arduum
1467 4049 1689 4107 homini
1723 4050 2032 4128 praecipere
2071 4051 2169 4110 vel
2207 4052 2544 4129 prohibere;
2588 4060 2654 4111 ut
2694 4052 2942 4111 tentavit

531 4125 711 4184 fidem
755 4123 1010 4184 Abrahae
1060 4136 1349 4206 praecepto
1403 4127 1549 4188 duro
1604 4137 1664 4187 et
1717 4127 1969 4207 difficili3
2027 4129 2136 4190 sed
2185 4131 2374 4191 voluit
2425 4131 2616 4208 legem
2665 4131 2805 4190 dare
2865 4129 2940 4189 de

532 4222 597 4263 re
622 4221 733 4262 nee
772 4223 1000 4282 magua,
1044 4225 1153 4265 nec
1178 4205 1415 4282 difficili,
1456 4217 1525 4268 ut
1558 4207 1748 4268 facilis
1787 4219 1942 4268 esset
1977 4209 2322 4288 obedientia,
2353 4219 2412 4270 et
2451 4211 2624 4269 homo
2667 4212 2718 4270 si
2753 4219 2940 4270 trans-

532 4283 872 4362 grederetur
922 4285 1081 4342 omni
1136 4293 1421 4362 praetextu
1474 4297 1710 4348 careret.
1797 4289 1969 4350 Unde
2027 4289 2280 4367 August.
2325 4291 2427 4350 lib.
2468 4291 2592 4350 xiv.
2635 4289 2708 4348 de
2753 4291 2818 4349 C.
2861 4291 2940 4350 D.

530 4385 585 4423 e.
636 4366 729 4423 15.
776 4365 813 4397 “
842 4363 1117 4442 Quisquis
1154 4365 1580 4426 damnationem
1628 4367 1780 4428 Adae
1833 4369 1932 4428 vel
1979 4370 2232 4446 nimiam,
2290 4371 2387 4429 vel
2433 4371 2712 4448 injustum
2755 4377 2936 4447 putat,

530 4444 726 4504 metiri
763 4443 1021 4523 profecto
1049 4445 1250 4521 nescit,
1296 4457 1513 4524 quanta
1536 4447 1712 4508 fuerit
1739 4448 2012 4526 iniquitas
2039 4449 2102 4508 in
2143 4449 2436 4526 peccando
2479 4449 2584 4508 ubi
2613 4459 2776 4510 tanta
2819 4457 2943 4510 erat

532 4543 651 4584 non
670 4524 949 4603 peccandi
974 4523 1260 4601 facilitas3
1301 4525 1468 4588 Sicut
1492 4547 1633 4606 ergo
1663 4528 1918 4587 Abrahae
1955 4548 2072 4587 non
2097 4527 2388 4589 immerito
2413 4549 2628 4608 magna
2667 4529 2938 4589 obedien·

531 4605 617 4663 tia
658 4605 1018 4682 praedicatur,
1064 4604 1205 4683 quia
1228 4613 1295 4666 nt
1320 4607 1609 4668 occideret
1649 4608 1834 4667 filium
1861 4627 1954 4668 res
1987 4607 2326 4668 difficillima
2353 4618 2442 4668 est
2487 4610 2801 4687 imperata:
2845 4609 2941 4668 Ita
