3300 5225
548 267 664 324 550
1536 283 1720 326 Locus
1748 281 1958 324 noxus.
2565 258 2834 341 [Quaesr.
2868 277 3028 318 vn.

552 459 684 506 vera
694 473 839 506 causa
848 461 1035 519 peceati
1155 423 1267 485 VI.
1312 423 1501 484 Causa
1535 445 1677 502 ergo
1716 423 1981 502 proxima
2036 427 2096 480 et
2134 419 2365 498 propria
2403 421 2628 498 peccati
2666 440 2796 479 non
2837 420 3030 479 alibi

609 519 1036 625 ffl‘mim*
1077 505 1351 644 03¹1?ssssss
1352 514 1547 663 3233
1574 503 1962 663 ἶᾙξῖξὲεῗό
1965 501 2632 656 {Ysfflssfflgffl
2631 545 2647 576 ’
2665 501 2817 640 13¹0ss
2847 521 3024 640 ¹3:³03

554 671 815 740 cogente,
844 663 1024 722 libere
1053 684 1089 722 a
1116 665 1244 724 Deo
1272 663 1500 725 defecit.
1586 665 1680 724 Ita
1703 683 1812 723 nec
1839 683 1955 741 qua
1979 663 2206 739 integer
2231 661 2458 739 proprie
2484 662 2684 738 lapsus
2711 669 2830 736 est,
2863 681 3017 720 nec

554 763 671 818 qua
696 751 1032 821 corruptus3
1078 744 1182 804 sed
1222 765 1337 822 qua
1377 741 1511 804 falsi
1550 745 1741 822 specie
1781 744 2054 818 imbutus,
2084 741 2455 819 semetipsum
2483 759 2890 819 corrumpens,
2933 749 3018 800 et

554 823 823 899 neglecta
849 823 1177 901 cognitione
1213 824 1497 884 habituali
1536 845 1571 883 a
1600 825 1729 884 Deo
1769 823 1969 898 indita,
1999 841 2248 881 errorem
2275 841 2312 879 a
2340 820 2588 880 Diabolo
2617 831 3010 898 suggestum

556 902 892 980 suscipiens.
963 904 1087 964 Nec
1111 904 1323 964 mirum
1348 903 1537 962 videri
1563 905 1753 981 debet,
1785 903 1835 963 si
1861 903 2035 961 homo
2062 900 2164 979 qui
2189 901 2382 959 labilis
2411 909 2470 960 et
2494 901 2798 960 mutabilis
2830 921 3000 960 con-

557 982 713 1041 ditus
740 992 879 1060 erat,
910 993 1165 1044 mutatus
1194 985 1270 1044 sit
1296 992 1357 1043 et
1393 985 1625 1062 lapsus;
1669 1003 1788 1043 non
1825 982 2026 1060 magis,
2057 1001 2230 1060 quam
2271 981 2323 1040 si
2361 980 2612 1059 perfecte
2639 981 3000 1057 quiescenti

555 1062 784 1122 initium
811 1073 1003 1124 motus
1030 1065 1290 1124 accidat:
1330 1085 1467 1123 nam
1492 1065 1595 1126 ubi
1622 1064 1794 1124 datur
1831 1061 2090 1142 potentia
2116 1061 2193 1120 ad
2232 1061 2625 1138 mutationem,
2654 1060 2854 1120 facilis
2883 1071 3000 1121 est

554 1144 834 1203 transitus
861 1165 896 1203 a
922 1145 1181 1222 potentia
1206 1145 1281 1204 ad
1307 1153 1517 1204 actum.

639 1223 787 1284 VII.
831 1225 1109 1299 Quamvis
1136 1245 1275 1285 vero
1312 1225 1486 1284 homo
1525 1225 1724 1302 lapsus
1767 1222 1858 1300 sit,
1903 1242 2020 1282 non
2062 1220 2300 1282 deerant
2335 1229 2531 1280 tamen
2571 1219 2661 1279 illi
2685 1221 2854 1280 vires
2897 1221 2988 1280 ad

558 1304 827 1363 standum
854 1307 905 1364 si
932 1306 1229 1381 voluisset,
1260 1305 1477 1384 alioqui
1516 1305 1906 1365 conditionem
1947 1303 2360 1380 impossibilem
2399 1301 2488 1359 illi
2519 1301 2750 1360 tulisset
2778 1301 2984 1361 Dens.

560 1383 733 1444 Unde
760 1385 978 1464 duplex
1004 1386 1299 1462 auxilium,
1322 1384 1421 1444 vel
1447 1386 1808 1461 affector-ium,
1831 1383 2013 1460 vulgo
2042 1382 2324 1460 distingui
2351 1381 2514 1456 solet,
2544 1382 2827 1440 mavilium
2849 1383 2983 1440 sine

556 1483 667 1541 quo
695 1487 823 1542 non,
854 1485 956 1526 seu
995 1467 1255 1544 potentia
1292 1485 1410 1524 non
1449 1465 1743 1542 peccandi,
1773 1485 1889 1542 qua
1915 1464 2070 1522 vires
2095 1462 2300 1521 habuit
2326 1461 2672 1520 sufficientes
2698 1460 2778 1520 ad
2803 1469 2978 1521 stan-

556 1543 696 1604 dum
720 1546 768 1604 si
789 1546 1098 1622 voluisset3
1136 1545 1217 1604 Et
1235 1546 1509 1604 auxilium
1532 1565 1658 1622 que,
1683 1565 1786 1605 seu
1808 1544 2012 1604 efficax
2033 1543 2237 1621 gratia,
2251 1562 2381 1619 quae
2399 1561 2518 1599 non
2539 1540 2714 1600 dabat
2733 1549 2978 1602 tantum

546 1645 717 1700 posse
740 1627 795 1684 si
816 1629 989 1700 vellet,
1020 1625 1124 1684 sed
1148 1627 1286 1684 velle
1312 1628 1467 1701 quod
1491 1635 1700 1702 posset.
1783 1622 1944 1683 Illud
1971 1642 2033 1682 se
2073 1623 2325 1681 habebat
2351 1621 2428 1680 ad
2462 1621 2696 1680 modum
2723 1622 2974 1682 habitus

556 1714 616 1763 et
642 1705 933 1764 facultatis
972 1704 1034 1763 in
1064 1703 1331 1781 homine;
1377 1705 1510 1764 Hoc
1537 1725 1677 1764 vero
1705 1703 1783 1763 ad
1808 1703 2041 1762 modum
2071 1703 2331 1778 aetionis,
2362 1722 2464 1761 seu
2492 1700 2738 1761 efficacis
2765 1714 2972 1762 motus

556 1783 634 1842 ad
659 1784 894 1843 bonum.
978 1785 1149 1844 Prius
1177 1785 1562 1844 necessarium
1590 1792 1714 1843 erat
1740 1784 1817 1843 ad
1843 1788 1898 1842 τὶ
1925 1803 2094 1861 posse
2121 1802 2506 1860 perseverare,
2537 1780 2641 1840 sed
2673 1783 2970 1860 posterius

556 1863 632 1921 ad
659 1868 713 1922 τὶ
741 1883 1106 1942 perseverare
1136 1872 1286 1923 actu.
1355 1864 1586 1923 Adamo
1606 1883 1902 1942 nunquam
1930 1863 2112 1922 defuit
2138 1864 2298 1941 prius
2325 1862 2624 1937 auxilium,
2653 1862 2974 1939 nequidem

556 1944 619 2002 in
646 1944 773 2022 ipso
800 1953 1091 2004 momento
1118 1963 1234 2020 quo
1275 1945 1571 2022 peccavit3
1616 1944 1722 2004 sed
1759 1944 2048 2022 posterius
2086 1943 2268 2002 libere
2309 1942 2395 2000 illi
2436 1940 2748 2020 denegavit
2778 1942 2966 2019 Deus,

556 2031 624 2083 ut
652 2025 727 2084 ad
752 2024 901 2084 illud
927 2045 1043 2083 non
1071 2024 1472 2101 obligabatur:
1518 2024 1692 2084 Unde
1733 2033 1927 2084 tamen
1967 2043 2085 2084 non
2111 2031 2304 2100 potest
2329 2021 2447 2082 Vel
2473 2022 2738 2082 excusari
2763 2022 2963 2099 homo,

555 2105 695 2181 quia
734 2113 955 2182 sponte,
1000 2113 1059 2164 et
1099 2105 1261 2164 nulla
1306 2105 1369 2163 vi
1408 2103 1647 2164 adactus
1689 2103 1990 2183 peccavit3
2034 2103 2152 2162 Vel
2191 2102 2448 2162 accusari
2492 2102 2669 2177 Deus,
2709 2102 2847 2178 quia
2897 2111 2968 2162 ut

556 2184 883 2244 liberrimus
909 2186 1193 2246 bonorum
1222 2203 1455 2244 suorum
1483 2185 1862 2262 dispensator,
1891 2183 2054 2242 nulla
2080 2183 2212 2260 lege
2238 2183 2315 2242 ad
2355 2182 2555 2260 gratiae
2587 2181 2755 2242 istius
2783 2183 2964 2242 colla·

555 2265 772 2324 tionem
799 2265 1136 2341 tenebatur;
1178 2274 1245 2324 ut
1270 2273 1473 2342 postea
1498 2265 1684 2324 fusius
1713 2265 1952 2324 dicetur.

638 2344 821 2405 VIII.
868 2345 1038 2405 Solus
1081 2365 1220 2422 ergo
1247 2345 1421 2404 homo
1462 2345 1603 2403 mali
1643 2345 1734 2405 sui
1775 2364 1950 2404 causa
1991 2341 2119 2418 fuit,
2165 2341 2303 2420 quia
2333 2341 2538 2402 volens
2576 2341 2856 2420 peccavit,
2903 2351 2966 2402 et

556 2433 761 2502 sponte
789 2433 848 2484 et
874 2425 1027 2486 ultro
1054 2425 1199 2483 citra
1226 2425 1404 2483 ullam
1432 2425 1788 2484 coactionem
1816 2433 1917 2483 aut
1943 2423 2064 2481 vim
2101 2431 2400 2481 externam
2438 2431 2834 2499 transgressus
2873 2430 2967 2482 est

558 2505 671 2562 Dei
698 2505 1048 2580 mandatum,
1078 2512 1138 2563 et
1165 2505 1237 2562 iis
1264 2512 1388 2564 erat
1414 2504 1732 2565 instructus
1758 2505 1980 2564 viribus
2007 2511 2064 2562 et
2094 2501 2386 2579 subsidiis,
2415 2502 2624 2580 quibus
2661 2512 2961 2580 peccatum

554 2582 723 2643 facile
752 2584 935 2645 vitare
976 2585 1275 2663 potuisset,
1321 2585 1371 2645 si
1398 2585 1699 2646 voluisset.
1783 2585 1956 2644 Hanc
1981 2602 2121 2642 vero
2150 2583 2646 2661 spontaneitatem,
2677 2602 2782 2643 nec
2809 2584 2960 2641 Pro-

552 2666 799 2725 videntia
825 2666 993 2741 tollit,
1025 2684 1155 2742 quae
1183 2664 1648 2726 infallibilitatem
1679 2673 1923 2726 eventus
1963 2662 2152 2739 infert,
2192 2663 2297 2722 sed
2323 2671 2543 2722 naturae
2571 2663 2960 2723 conditionem

555 2765 674 2804 non
700 2754 901 2822 mutat,
932 2765 1039 2805 nec
1068 2746 1293 2805 tentatio
1326 2747 1571 2822 Satanae,
1603 2766 1734 2822 quae
1761 2744 2133 2823 quantumvis
2159 2742 2392 2803 admota
2417 2742 2563 2802 nihil
2601 2744 2956 2821 profecisset,

554 2824 669 2885 nisi
687 2827 840 2886 ultro
861 2825 935 2885 ab
964 2827 1090 2904 ipso
1111 2826 1344 2886 homine
1364 2828 1615 2886 admissa
1634 2827 1855 2901 fuisset,
1881 2842 2054 2902 quam
2073 2822 2380 2884 retundere
2400 2832 2593 2883 tamen
2621 2824 2708 2883 illi
2727 2822 2958 2883 difficile

556 2926 675 2965 non
700 2907 828 2983 fuit,
860 2906 911 2965 si
937 2906 1237 2967 voluisset.

1159 2986 1279 3045 IX.
1324 2986 1545 3045 Praeter
1580 3006 1812 3045 causam
1851 2985 2022 3045 istam
2059 2986 2339 3045 internam
2377 2991 2723 3060 moventem,
2766 2983 2874 3043 fuit
2897 2993 2962 3043 ct

557 3048 1037 3155 σῖζζῗθῧξζῧῗιξξο·
1078 3065 1193 3123 alia
1212 3074 1449 3125 externa
1470 3066 1791 3143 adjuvans:
1827 3085 1956 3142 quae
1977 3066 2185 3124 iterum
2207 3064 2442 3143 duplex,
2467 3065 2582 3123 alia
2597 3065 2954 3141 principaltk,

712 3144 724 3163 '
981 3141 993 3154 ⁸
1077 3145 1193 3203 alia
1244 3146 1699 3205 instrumentalis.
1797 3146 2143 3223 Principalis
2197 3153 2285 3205 est
2333 3146 2625 3219 Diabolus,
2675 3144 2777 3223 qui
2831 3142 2956 3203 Deo

554 3224 817 3301 gloriam,
863 3224 1307 3303 hominibusque
1348 3225 1683 3285 felicitatem
1727 3225 2014 3302 invidam,
2064 3226 2450 3303 protoplastos
2494 3224 2571 3283 ad
2613 3224 2954 3302 apostasiam

553 3304 894 3381 instigavit3
938 3306 1403 3382 Instrumentaltis,
1434 3306 1694 3383 Serpens,
1725 3326 1840 3383 quo
1863 3305 1939 3365 ad
1963 3307 2075 3364 hoc
2103 3324 2249 3383 opus
2276 3305 2362 3365 uti
2383 3304 2585 3381 voluit,
2615 3305 2676 3363 in
2705 3324 2817 3383 quo
2843 3324 2958 3363 non

551 3382 615 3441 vi
644 3384 746 3443 sed
774 3393 903 3444 astu
929 3385 1219 3446 hominem
1262 3386 1506 3465 aggredi
1532 3386 1737 3463 voluit,
1767 3387 1870 3463 qui
1911 3405 2027 3463 quo
2069 3384 2178 3444 fuit
2213 3385 2472 3461 astutior,
2514 3406 2583 3444 eo
2625 3385 2735 3444 fuit
2777 3384 2958 3462 aptior

552 3464 629 3523 ad
668 3465 779 3525 hoc
819 3465 1213 3542 ministerium,
1246 3474 1305 3525 et
1348 3465 1597 3526 Diabolo
1634 3474 1872 3544 propter
1913 3465 2347 3525 similitudinem
2388 3464 2638 3543 gratior3
2683 3465 2955 3541 Quamvis

552 3546 843 3625 praecipua
870 3546 1015 3606 ratio
1042 3546 1292 3624 petenda
1320 3546 1397 3606 sit
1422 3567 1459 3605 a
1486 3547 1597 3605 Dei
1638 3546 2018 3624 providentia,
2048 3546 2150 3623 qui
2191 3564 2314 3605 rem
2357 3546 2440 3604 ita
2467 3544 2696 3621 direxit,
2725 3554 2791 3605 ut
2819 3544 2950 3603 Dia-

550 3626 721 3686 bolus
748 3626 864 3686 tale
892 3626 1106 3684 animal
1146 3626 1433 3703 seligeret,
1478 3626 1539 3683 in
1566 3646 1682 3703 quo
1712 3634 1771 3686 et
1797 3625 2090 3686 insidiosae
2117 3625 2450 3684 calliditatis
2481 3624 2726 3699 Satanae,
2758 3633 2817 3683 et
2843 3624 2954 3683 odii

553 3706 779 3781 summi,
810 3724 925 3783 quo
968 3726 1151 3783 genus
1192 3708 1507 3765 humanum
1534 3706 1919 3784 prosequitur,
1951 3714 2009 3765 et
2035 3704 2457 3765 maledictionis
2483 3705 2546 3762 in
2571 3724 2744 3781 quam
2772 3711 2948 3763 tenta-

551 3787 709 3845 tione
752 3787 854 3844 illa
894 3786 1148 3859 incurrit,
1194 3794 1253 3845 et
1292 3785 1551 3845 victoriae
1596 3807 1631 3845 a
1673 3786 1904 3846 Semine
1946 3784 2204 3845 mulieris
2251 3784 2484 3844 tandem
2532 3783 2841 3860 aliquando
2883 3783 2950 3841 de

556 3865 770 3926 Satana
810 3863 1185 3943 reportandae‚
1216 3874 1561 3943 perpetuum
1602 3866 1839 3944 aliquod
1881 3873 2108 3925 extaret
2134 3871 2586 3940 monumentum,
2619 3864 2788 3941 quale
2815 3863 2950 3941 quid

551 3964 669 4002 non
696 3944 980 4022 potuisset
1005 3944 1131 4005 fieri
1158 3945 1312 4005 circa
1338 3946 1551 4005 animal
1592 3946 1751 4024 quod
1789 3946 1992 4005 usibus
2027 3945 2294 4003 humanis
2321 3944 2526 4003 fuisset
2551 3944 2950 4003 necessarium.

554 4024 710 4085 Hine
737 4026 972 4100 Ααφιεε.
1003 4024 1075 4084 de
1104 4024 1169 4084 C.
1202 4024 1276 4083 D.
1314 4025 1355 4084 l.
1386 4026 1509 4086 xiv.
1549 4046 1599 4084 c.
1635 4028 1726 4099 11,
1771 4027 1808 4059 “
1830 4024 2146 4084 Lubricum
2187 4024 2400 4083 animal
2441 4032 2499 4084 et
2539 4024 2814 4083 tortuosis
2853 4043 2947 4083 an-

548 4103 827 4162 fractibus
854 4101 1067 4161 mobile
1095 4104 1255 4181 operi
1282 4122 1388 4163 suo
1416 4122 1736 4181 congruum
1763 4124 1868 4181 per
1893 4104 2050 4183 quod
2075 4106 2408 4183 loqueretur
2435 4104 2670 4182 elegit,'’
2701 4102 2811 4163 &m

630 4182 717 4241 X.
776 4182 1107 4253 ‘Authorem
1158 4183 1494 4243 tentationis
1548 4183 1728 4242 fuisse
1785 4185 2114 4260 Diabolum,
2167 4184 2430 4243 dubitare
2483 4202 2590 4242 nos
2644 4203 2763 4242 non
2817 4183 2947 4241 sinit

554 4263 864 4340 Scriptura,
896 4281 1073 4338 quum
1102 4282 1233 4323 eum
1262 4264 1589 4339 Serpentem
1615 4264 1922 4341 antiquum,
1952 4267 2297 4339 Draconem,
2323 4264 2510 4341 Apoe.
2539 4263 2643 4321 xii.
2673 4265 2730 4338 9,
2763 4271 2821 4321 et
2847 4282 2942 4321 xx.

548 4350 621 4419 23
664 4342 1017 4417 homicidam,
1060 4352 1116 4403 et
1152 4344 1475 4402 mendacem
1514 4344 1586 4403 ab
1625 4344 1800 4419 initio,
1845 4345 1888 4404 J
1892 4345 2062 4403 ohan.
2105 4343 2228 4403 viii.
2273 4346 2386 4420 443
2443 4346 2798 4402 Tentatorem
2838 4342 2949 4401 κατ’

547 4426 727 4500 ἐξοχὴ,
778 4426 809 4482 1
852 4422 1057 4481 Thess.
1100 4422 1181 4481 iii.
1226 4424 1281 4498 5,
1318 4426 1353 4480 2
1398 4424 1529 4483 Cor.
1568 4425 1652 4483 xi.
1698 4428 1752 4499 3,
1784 4431 1972 4498 vocat,
2017 4424 2118 4500 qui
2158 4423 2362 4483 mortis
2404 4422 2709 4501 imperium
2755 4422 2938 4497 habet,

548 4506 702 4567 Heb.
732 4504 792 4565 ii.
826 4506 918 4580 14,
948 4502 1025 4564 ad
1062 4503 1229 4581 cnjus
1256 4522 1429 4579 opera
1455 4503 1806 4575 destruenda
1835 4504 2099 4563 Christus
2125 4503 2303 4579 venit,
2339 4506 2370 4562 1
2401 4504 2446 4564 J
2449 4522 2501 4563 0.
2531 4503 2612 4562 iii.
2643 4506 2700 4561 8.
2786 4501 2942 4561 Licet

544 4606 683 4646 vero
714 4584 912 4645 Moses
952 4584 1288 4645 historicum
1329 4602 1529 4661 agens,
1560 4592 1618 4644 et
1644 4583 1974 4643 visibilibus
2003 4602 2072 4643 ac
2113 4582 2483 4642 sensibilibus
2519 4583 2766 4659 haerens,
2809 4582 2940 4641 satis
