3300 5225
335 362 563 416 cums-r.
596 349 687 430 x.]
1336 363 1417 408 nn
1444 369 1728 410 peccaro.
2609 353 2739 411 569-

334 527 445 566 nos
472 507 785 567 transmitti
810 526 915 584 per
939 506 1383 584 generationem,
1414 510 1551 585 quia
1576 509 1637 566 in
1665 507 1897 567 Adamo
1923 508 2306 586 peccavimus,
2337 515 2403 568 ut
2443 507 2504 566 in
2545 508 2733 586 capite

335 588 595 645 nostr0.”
684 587 781 645 Sic
810 587 897 645 Cl.
932 589 1235 645 Tei-etardus
1281 587 1531 664 Synopsi
1558 587 1631 646 de
1659 607 1752 646 na.
1783 595 1842 646 et
1868 607 1990 664 gra.
2009 587 2093 646 th.
2121 591 2213 662 12,
2248 590 2284 620 ‘⁶
2304 589 2533 646 Primus
2560 589 2733 646 homo

337 665 449 724 fuit
477 665 651 742 stirps
678 665 909 741 generis
935 666 1190 741 humani,
1220 673 1281 724 et
1306 665 1644 726 naturaliter
1669 677 1937 744 respectu
1977 667 2188 743 speciei
2230 674 2290 725 et
2333 667 2605 725 oecomice
2645 685 2734 724 re-

340 751 542 820 spectu
590 743 858 803 foederis:
918 743 1118 803 debuit
1162 745 1383 803 scilicet
1421 764 1539 803 non
1584 744 1759 804 modo
1801 753 2068 804 naturam
2109 747 2436 821 humanam,
2489 745 2593 804 sed
2635 753 2738 803 aut

337 822 771 898 beatitudinem,
805 828 904 882 aut
929 823 1237 897 miseriam,
1266 825 1416 881 hanc
1442 824 1755 900 peccando,
1775 824 1936 882 illam
1963 825 2385 901 perseverando
2411 825 2474 881 in
2501 825 2736 883 rectitu-

340 901 476 959 dine
504 901 719 976 divina,
750 902 890 978 quia
915 920 1048 960 cum
1074 921 1143 959 eo
1171 901 1359 960 soedus
1388 903 1517 960 iniit
1546 904 1724 976 Deus,
1753 921 1871 961 non
1911 911 2184 978 tanquam
2214 923 2344 960 cum
2375 903 2608 978 privato
2633 903 2738 960 ho·-

338 979 495 1037 mine
523 979 735 1056 aliquo,
766 980 871 1038 sed
896 988 1173 1058 tanquam
1200 999 1331 1039 cum
1363 980 1563 1056 Capite
1590 989 1650 1040 et
1676 983 1960 1057 Sponsam-c
1985 980 2164 1039 totius
2191 982 2480 1057 generiS.''

1302 1215 1692 1290 QUAESTIO
1734 1215 1819 1274 X.

1168 1391 1247 1431 DF.
1276 1391 1541 1431 PssccATo
1568 1391 1894 1432 ORIGINALI.

385 1531 479 1587 An
506 1531 669 1588 detur·
696 1531 997 1588 Peccatum
1016 1529 1251 1605 aliquod
1274 1531 1563 1605 oriqinalc,
1592 1549 1690 1587 seu
1707 1497 1868 1588 'labes
1888 1539 1942 1587 et
1963 1529 2230 1588 vitiositas
2255 1531 2546 1604 inhoerens,
2577 1549 2702 1606 quae

432 1629 547 1684 per
568 1609 983 1684 qenes-ationem
1008 1611 1092 1666 ad
1114 1628 1215 1666 nos
1244 1612 1581 1668 traducatur
1599 1611 1628 1667 ‚²
1711 1607 1896 1683 Affir.‚
1927 1616 2126 1668 contra
2155 1608 2354 1685 Pelag.
2383 1618 2443 1668 et
2468 1610 2657 1668 Socin.

428 1765 479 1822 1.
524 1764 801 1838 Quamvis
828 1767 1066 1824 Peccato
1095 1765 1364 1840 oriyinali
1385 1766 1527 1824 nihil
1548 1768 1634 1824 ad
1644 1766 2080 1841 praedicandum
2117 1766 2316 1840 notius,
2359 1765 2500 1823 nihil
2536 1768 2622 1824 ad
2655 1765 2740 1823 in·

350 1843 703 1918 telliqendum
729 1844 803 1900 sit
824 1845 1105 1918 secretius,
1129 1853 1195 1901 ut
1221 1844 1479 1936 loquitur
1506 1845 1760 1920 August.
1781 1844 1854 1902 de
1875 1845 2056 1903 morb.
2079 1844 2237 1902 Eccl.
2263 1845 2465 1902 catho.
2493 1864 2543 1902 c.
2567 1844 2741 1919 xxii.;

352 1922 499 1980 Cum
526 1930 719 1979 tamen
764 1941 987 1979 summa
1027 1921 1103 1980 sit
1144 1921 1419 1980 doctrmae
1456 1922 1625 1980 istius
1669 1922 1890 1981 utilitas
1931 1923 2007 1981 ad
2043 1923 2333 1981 miseriam
2369 1922 2634 1997 hominis,
2686 1930 2746 1980 et

352 1999 555 2076 gratiae
600 1999 865 2058 salutaris
892 2001 1295 2058 necessitatem
1342 2010 1403 2059 et
1448 2000 1776 2074 efficaciam,
1808 2002 2020 2059 certius
2067 2000 2510 2078 percipiendam,
2540 2001 2746 2058 merito

348 2079 499 2137 inter
525 2078 825 2155 primarias
854 2078 1179 2154 Religionis
1208 2077 1549 2137 Christianae
1576 2078 1888 2154 reponitur.

430 2156 462 2213 Ι
468 2157 515 2215 Ι.
558 2159 857 2215 Peccatum
884 2158 1159 2232 oriqt'nale
1182 2157 1357 2215 modo
1386 2159 1553 2214 latius
1590 2157 1851 2231 sumitur,
1895 2165 2067 2234 prout
2107 2156 2506 2232 complectitur
2541 2175 2744 2231 pecca-

346 2242 473 2292 tum
500 2236 843 2312 imputatum
871 2245 931 2293 et
954 2235 1257 2311 inhaerens,
1289 2236 1501 2311 quibus
1526 2242 1801 2311 tanquam
1839 2235 2064 2294 duabus
2090 2235 2350 2311 partibus
2391 2234 2616 2292 absolvi
2659 2235 2744 2291 di-

346 2314 511 2389 citur,
544 2312 831 2390 quomodo
857 2322 1166 2391 usurpatur
1206 2314 1281 2372 ab
1317 2315 1523 2372 Ursino
1552 2322 1612 2371 et
1650 2315 1920 2388 Zanchio,
1966 2321 2025 2371 et
2065 2313 2229 2388 aliis;
2271 2313 2444 2370 modo
2482 2313 2741 2388 strictius,

344 2400 413 2450 ut
440 2393 626 2450 solum
654 2393 938 2450 inhaerens
959 2400 1247 2467 connotet,
1278 2411 1395 2450 non
1416 2392 1672 2467 exclus0,
1699 2392 1802 2450 sed
1819 2391 2116 2468 supposito
2143 2391 2441 2468 imputatO,
2471 2399 2746 2468 tanquam

348 2489 523 2528 causa
550 2480 609 2529 et
634 2471 1023 2546 fundamento,
1055 2490 1171 2547 quo
1197 2470 1370 2530 modo
1398 2473 1672 2546 Bucar-us,
1707 2471 1990 2545 Calvinus,
2021 2470 2400 2545 Bullinqezw,
2431 2468 2504 2528 de
2530 2489 2599 2528 eo
2637 2489 2744 2528 εω-

347 2549 479 2626 pius
505 2548 837 2627 loquuntur.
921 2549 1001 2608 Et
1026 2551 1138 2608 hoc
1166 2569 1340 2609 sensu
1364 2550 1461 2608 hic
1488 2569 1523 2608 a
1549 2549 1718 2608 nobis
1745 2567 1899 2607 nunc
1925 2556 2252 2626 usurpatur.

435 2629 556 2686 ΙΙΙ.
599 2629 735 2687 Tria
761 2629 912 2687 circa
958 2630 1145 2707 ipsum
1190 2630 1371 2707 quaeri
1416 2630 1618 2688 solent.
1707 2632 1759 2686 1.
1809 2629 1954 2705 Ejus
1998 2628 2306 2703 coethtmia,
2357 2646 2460 2686 seu
2505 2626 2606 2685 An
2651 2627 2744 2687 sit.

353 2710 410 2765 2.
442 2708 591 2784 Ejus
616 2717 844 2783 natura,
876 2728 979 2767 seu
1008 2708 1161 2783 Quid
1188 2708 1280 2767 sit.
1365 2711 1421 2766 3.
1453 2708 1601 2785 Ejus
1627 2708 1994 2783 propayatio,
2039 2724 2142 2765 seu
2184 2706 2484 2780 Quomodo
2524 2706 2600 2764 ad
2639 2725 2747 2763 nos

352 2793 625 2845 transeat.
710 2787 801 2845 De
820 2788 1007 2863 primo
1034 2788 1225 2863 agitur
1250 2787 1312 2843 in
1332 2787 1443 2844 hac
1470 2786 1817 2861 Quaestione,
1849 2786 1922 2843 de
1951 2785 2080 2843 aliis
2105 2794 2324 2861 postea.

435 2864 547 2923 IV.
577 2866 803 2924 Nomen
823 2867 1053 2925 Peccati
1074 2866 1365 2942 originalis
1385 2865 1603 2941 primus
1630 2865 1972 2940 Augustinus
1999 2864 2060 2921 in
2089 2863 2412 2921 Ecclesiam
2437 2861 2678 2937 invexit,
2709 2882 2747 2921 a

357 2942 689 3019 Pelagianis
714 2945 775 3001 in
803 2944 1179 3020 quaestionem
1206 2944 1279 3003 de
1310 2945 1556 3002 Peccato
1583 2951 1843 3018 vocatus,
1873 2950 1940 3000 ut
1975 2941 2213 3001 haberet
2239 2949 2456 2999 certum
2497 2941 2749 3017 aliquem

356 3023 681 3097 terminum,
713 3042 829 3098 quo
854 3032 1052 3099 posset
1077 3024 1229 3082 inter
1256 3022 1667 3099 disputandum
1695 3030 1896 3080 eontra
1923 3039 2022 3078 eos
2047 3021 2152 3093 uti,
2181 3018 2338 3094 quod
2371 3019 2594 3077 Scholae
2621 3028 2748 3077 tan·

353 3101 1281 3237 33303313135311003002‘53333.
1292 3110 1540 3255 m
1556 3098 2752 3254 fflssmsfflssffaffilffinffiffimffriiss

358 3262 607 3329 creatus,
634 3254 738 3313 sed
772 3223 992 3315 rat’ione
1020 3258 1252 3333 oriyinis
1286 3260 1557 3330 secundm,
1601 3223 1801 3332 quam,
1815 3258 1992 3314 habet
2031 3276 2066 3313 a
2104 3254 2289 3332 primo
2329 3262 2582 3331 parente,
2623 3263 2752 3312 tum

358 3332 577 3391 ratione
595 3334 873 3408 princ-effi
892 3334 996 3407 sui,
1026 3334 1163 3409 quia
1188 3342 1278 3391 est
1306 3352 1341 3389 a
1366 3343 1602 3409 peccato
1634 3335 1973 3408 originante,
2013 3341 2138 3391 tum
2177 3331 2398 3391 ratione
2426 3334 2583 3390 modi
2606 3352 2750 3407 pro-

350 3412 628 3485 pagandi,
659 3412 796 3486 quia
822 3411 897 3469 ab
923 3412 1143 3487 origine
1192 3411 1359 3468 nobis
1404 3412 1660 3484 inhaeret,
1707 3418 1832 3468 tum
1875 3411 2096 3468 ratione
2143 3412 2460 3484 effaectorum
2503 3430 2748 3484 suorum,

361 3490 499 3564 quia
525 3497 613 3548 est
641 3489 805 3565 origo
831 3497 1194 3565 peccatorum
1222 3488 1550 3547 actualium.

963 3567 1041 3624 V.
1085 3566 1185 3625 Ad
1213 3567 1600 3640 Quaestionem
1634 3568 1729 3625 An
1763 3567 1850 3641 sit,
1900 3565 2151 3623 Peccant
2189 3564 2284 3621 hic
2310 3564 2458 3621 varii
2494 3563 2752 3623 haeretici

364 3633 845 3747 Αξυὲθξξέίῃξξξξὼ
883 3645 986 3722 qui
1010 3645 1339 3721 negativam
1359 3652 1696 3721 sequuntur,
1785 3648 1838 3702 1.
1859 3642 2162 3719 Pelaqiani
2179 3648 2420 3714 veteres,
2452 3642 2552 3716 qui
2581 3640 2748 3698 Pela-

884 3724 1045 3801 gium
1074 3724 1417 3781 Britannum
1446 3722 1795 3799 Magistrum
1833 3740 2000 3780 suum
2042 3719 2242 3793 secuti,
2287 3720 2592 3777 Peccatum
2637 3719 2749 3775 ori-

362 3806 555 3885 ginale
583 3804 897 3863 secundum
940 3820 1139 3860 omnes
1178 3810 1369 3878 partes
1416 3818 1551 3859 suas
1591 3801 1898 3877 negabant,
1939 3806 2240 3875 peccatum
2281 3796 2496 3853 Adami
2536 3796 2752 3854 nemini

361 3884 627 3943 nocuisse
653 3884 766 3941 nisi
792 3882 905 3959 ipsi
944 3887 1276 3955 statuentes,
1306 3879 1406 3937 vel
1442 3879 1495 3938 si
1540 3879 1807 3937 nocuisse
1855 3878 2140 3935 diceretur
2187 3875 2334 3948 aliis,
2382 3874 2492 3932 hoc
2535 3874 2750 3933 factum

362 3972 588 4022 tantum
616 3961 809 4039 quoad
835 3962 1147 4034 exemplum
1174 3967 1234 4016 et
1260 3958 1634 4032 imitationem,
1665 3975 1783 4015 non
1809 3954 2000 4033 quoad
2023 3953 2514 4029 propaqationem.
2595 3952 2749 4011 Vide

362 4043 597 4117 Anqust.
627 4040 699 4098 de
726 4040 929 4098 haeres.
958 4058 1007 4095 c.
1028 4036 1125 4095 88.
1194 4041 1252 4095 2.
1273 4037 1577 4109 Sociniani,
1611 4036 1714 4112 qui
1739 4036 1876 4093 licet
1901 4034 1963 4091 in
2003 4032 2270 4091 omnibus
2309 4031 2768 4108 possibilitatem,

364 4120 439 4178 ad
464 4118 819 4196 peccandum
848 4122 1181 4193 agnoscant,
1211 4116 1347 4190 quia
1375 4116 1539 4174 Deus
1564 4115 1922 4173 voluntatem
1948 4111 2188 4169 liberam
2225 4118 2285 4169 et
2323 4109 2400 4167 ad
2438 4110 2654 4168 bonum
2693 4117 2754 4167 et

364 4198 441 4256 ad
466 4198 682 4255 malum
710 4196 887 4271 dedit,
926 4201 1143 4269 negant
1181 4202 1375 4252 tamen
1414 4210 1686 4269 expresse
1725 4192 1908 4251 ullum
1950 4190 2076 4247 dari
2115 4196 2414 4267 peccatum
2453 4188 2751 4264 originale.

370 4276 561 4335 Socin.
589 4275 841 4351 praelect.
872 4292 995 4349 cap.
1024 4272 1105 4330 iv.
1138 4273 1173 4304 “
1187 4272 1260 4329 In
1284 4272 1577 4346 homine,”
1607 4271 1814 4347 inquit,
1847 4273 1883 4303 “
1911 4268 2048 4327 dum
2075 4268 2348 4343 nascitur,
2370 4275 2606 4345 propter
2628 4266 2752 4343 lap-

368 4374 497 4413 sum
520 4354 687 4426 Adae,
716 4352 879 4409 nulla
907 4350 1031 4409 sive
1058 4348 1229 4426 culpa
1258 4350 1381 4407 sive
1408 4368 1581 4425 poena
1604 4349 1799 4408 locum
1814 4348 2028 4406 habere
2043 4347 2292 4423 potest,''
2324 4344 2434 4405 &c-
2489 4346 2569 4405 Et
2594 4364 2750 4418 mox,

368 4436 405 4467 ‘⁴
433 4432 829 4491 concludimus
854 4429 1051 4505 igitur,
1080 4428 1321 4501 nullum,
1352 4427 1660 4504 improprie
1686 4426 1860 4485 etiam
1886 4424 2193 4503 loquend0,
2235 4434 2536 4503 peccatum
2575 4422 2752 4498 origi-

366 4512 498 4569 nale
536 4510 721 4569 esse.’'
805 4508 971 4567 Idem
1012 4505 1213 4565 statuit
1264 4508 1421 4564 Volk.
1464 4506 1564 4563 lib.
1607 4524 1668 4563 v.
1710 4524 1834 4582 cap.
1882 4507 1976 4563 18.
2061 4503 2178 4563 Sed
2218 4503 2430 4561 clarius
2473 4502 2752 4561 C‘ateclecs.

371 4590 603 4649 Racovz'.
632 4588 865 4645 illorum
890 4592 1139 4644 mentem
1168 4585 1407 4661 exponit
1433 4583 1521 4641 tit.
1550 4582 1623 4641 de
1649 4584 1834 4641 libero
1861 4582 2031 4641 arbit.
2058 4601 2184 4658 cap.
2217 4583 2308 4655 18,
2347 4580 2448 4638 ubi
2474 4579 2549 4637 ad
2567 4598 2752 4654 quaes·
