3300 5225
495 332 573 390 86
1476 352 1658 395 mens
1687 352 2006 396 sscnsnns.
2538 330 2794 413 [osmer.
2825 350 2914 395 vr.

499 488 766 550 Ecclesia
790 498 1064 568 tanquam
1092 490 1152 549 in
1180 490 1447 551 columna
1473 500 1698 572 prostat
1723 501 1784 553 et
1809 492 2077 553 omm‘bus
2095 513 2157 554 se
2175 489 2642 571 conspiciendam
2657 491 2918 553 exhibet.

503 570 784 631 Columna
810 588 949 647 ergo
977 570 1188 629 dicitur
1212 590 1331 630 non
1355 592 1519 632 sensu
1545 573 1986 650 architectonico,
2015 582 2301 651 quatenus
2327 572 2610 631 columnae
2638 572 2918 631 adhiben-

500 659 597 711 tur
623 648 699 708 ad
726 648 956 708 aedificii
982 652 1474 727 sustentationem,
1507 653 1612 711 sed
1636 662 1800 711 sensu
1809 653 2036 729 forensi
2057 661 2119 713 et
2143 652 2396 732 politico,
2419 661 2592 729 prout
2619 652 2924 711 Columnis

501 737 638 788 ante
666 729 869 787 Curias
897 738 956 789 et
996 730 1291 807 Praetoria,
1335 739 1395 791 et
1438 752 1545 810 pro
1587 732 1808 792 foribus
1857 732 2238 791 Basilicarum
2278 730 2491 790 Edicta
2525 730 2812 808 Principis
2859 739 2920 789 et

505 809 757 868 Decreta
782 828 851 866 ac
879 808 1070 886 Leges
1096 810 1479 887 Magistratus
1506 810 1665 889 affigi
1693 811 1971 888 solebant,
2000 820 2068 871 ut
2093 810 2362 870 omnibus
2382 810 2827 885 innotescerent,
2854 817 2922 869 ut

502 895 669 947 notat
706 888 862 946 Plin.
890 890 1047 947 histo.
1088 894 1278 948 natur.
1319 890 1423 949 lib.
1468 892 1525 950 6.
1570 910 1625 949 c.
1667 893 1765 966 28,
1795 900 1856 951 et
1889 891 2125 968 Joseph.
2164 888 2268 949 lib.
2302 892 2356 949 1.
2383 891 2576 967 Antiq.
2607 909 2656 947 c.
2686 892 2744 947 4.
2829 890 2928 947 Ita

504 968 765 1027 Ecclesia
788 966 1067 1027 Columna
1081 976 1171 1027 est
1196 968 1493 1045 Veritatis,
1515 977 1641 1028 tum
1658 969 1880 1029 ratione
1895 970 2370 1047 promulqationis
2389 978 2450 1028 et
2475 968 2765 1047 praeconii,
2787 968 2928 1045 quia

508 1048 704 1125 Leges
729 1047 845 1104 Dei
866 1048 1233 1125 promulgare
1260 1056 1505 1124 tenetur,
1534 1058 1594 1108 et
1620 1049 1874 1108 coelestis
1902 1049 2136 1109 Veritas
2163 1048 2250 1107 illi
2277 1048 2622 1127 appenditur
2646 1055 2713 1107 ut
2739 1046 2924 1105 omni-

506 1126 619 1185 bus
644 1126 985 1202 innotescat,
1014 1134 1139 1203 tum
1166 1128 1387 1187 ratione
1414 1128 1692 1204 oeaetodiae,
1723 1128 1861 1205 quia
1887 1148 2014 1187 eam
2041 1147 2158 1188 non
2185 1128 2360 1187 modo
2387 1146 2706 1206 proponere
2733 1126 2837 1185 sed
2863 1133 2924 1185 et

506 1206 805 1263 vindicare
832 1205 1006 1265 debet
1032 1213 1091 1265 et
1118 1207 1283 1281 tueri,
1327 1206 1501 1283 atque
1528 1208 1660 1266 ideo
1687 1228 1806 1266 non
1833 1216 2059 1267 tantum
2099 1206 2301 1274 στῧλος,
2345 1207 2449 1266 sed
2473 1207 2651 1266 etiam
2677 1205 2928 1286 ἔδςιίυμ

509 1284 737 1360 dicitur,
762 1284 1189 1363 firmamentum
1234 1305 1350 1363 quo
1400 1286 1633 1347 Veritas
1677 1288 1912 1366 cognita
1951 1285 2280 1347 vindicetur
2319 1295 2380 1346 et
2407 1287 2684 1345 adversus
2725 1304 2927 1343 omnes

508 1364 863 1440 corruptelas
880 1373 1037 1423 sarta
1054 1370 1321 1441 tectaque
1338 1376 1714 1425 conservetur
1733 1388 1750 1441 3
1794 1366 1898 1425 sed
1915 1385 2031 1426 non
2049 1367 2276 1443 eman„
2285 1368 2739 1441 fimdamentum,
2769 1363 2929 1441 quod

511 1443 613 1502 det
638 1442 753 1520 ipsi
777 1444 1011 1503 veritati
1029 1462 1191 1503 suam
1222 1444 1491 1503 ὕοι-ἄπαισιν
1517 1453 1578 1505 et
1600 1444 1950 1505 firmitatem.
2033 1450 2090 1503 2.
2133 1446 2422 1524 Quicquid
2448 1445 2726 1506 Columna
2752 1446 2925 1522 etfir·

510 1531 849 1581 mamentum
892 1523 1143 1583 veritatis
1185 1523 1413 1601 dicitur,
1458 1544 1577 1583 non
1621 1526 1816 1584 statim
1859 1531 1948 1584 est
1983 1524 2322 1602 infallibile;
2365 1526 2448 1583 sie
2487 1525 2643 1583 enim
2682 1524 2934 1582 Veteres

513 1602 801 1660 vocabant
828 1620 945 1678 eos,
976 1603 1079 1679 qui
1104 1603 1201 1662 vel
1222 1604 1497 1663 doctrines
1518 1604 1764 1682 fulgore,
1780 1605 1878 1663 vel
1897 1604 2036 1663 vitae
2057 1605 2450 1679 sanctimonia,
2473 1604 2570 1662 vei
2591 1602 2934 1662 constantia»,

513 1680 789 1740 firmitate
814 1682 1035 1741 caeteris
1060 1683 1429 1761 praestabant,
1460 1691 1519 1743 et
1546 1683 1867 1743 doctrinam
1909 1684 2078 1742 Evan
2154 1685 2220 1743 lii
2249 1693 2308 1743 et
2331 1683 2507 1742 fidem
2545 1682 2931 1743 Christianam

516 1760 781 1819 doctrina
805 1762 903 1819 vel
936 1761 1203 1839 exemplo
1244 1762 1698 1839 confirmabant3
1781 1763 2031 1823 uomodo
2113 1763 2272 1823 deles
2316 1763 2736 1840 Lugdunenses
2777 1760 2934 1839 apud

518 1840 725 1899 Euseb.
760 1839 960 1900 histor.
1003 1840 1104 1899 lib.
1150 1842 1206 1901 5.
1252 1861 1376 1921 cap.
1410 1846 1463 1918 1,
1492 1850 1705 1901 vocant
1793 1842 2001 1902 ttalum
2039 1843 2393 1921 Martyrem3
2437 1842 2643 1902 Basili.
2671 1861 2761 1919 ep.
2796 1843 2930 1918 120,

521 1919 843 1998 Episcopos
872 1919 1239 1979 Orthodoxos
1266 1921 1368 1998 qui
1395 1921 1705 1980 Arrianam
1731 1922 1996 1982 haeresim
2025 1923 2437 2000 oppugnabant
2453 1923 2566 1981 hoc
2585 1921 2816 1981 nomine
2843 1921 2932 1978 in·

520 1998 717 2076 signit‚
749 2001 793 2057 u‘
818 1998 992 2058 στῦλοι
1017 2003 1107 2058 καὶ
1134 2005 1188 2059 τὶ
1208 1998 1455 2082 &guban
1469 2007 1552 2067 τῆς
1568 2002 1816 2068 banalas.
1899 2002 1980 2061 Et
2005 2002 2214 2079 Grcqo.
2243 2003 2519 2062 Nazianz.
2547 2000 2934 2061 Athanasium

521 2078 607 2137 sie
648 2080 919 2156 appellat.
1004 2080 1227 2139 Eodem
1272 2102 1444 2141 sensu
1485 2084 1550 2139 in
1594 2080 1916 2159 Republica
1959 2081 2174 2158 integri
2219 2090 2284 2141 et
2319 2081 2636 2161 incorrupti
2687 2080 2734 2140 J
2735 2078 2938 2138 udices

520 2157 791 2217 dicuntur
832 2158 1128 2218 Columnae
1168 2168 1229 2219 et
1262 2160 1623 2220 firmamenta
1672 2160 1916 2239 Legum.
2000 2164 2058 2221 3.
2103 2162 2294 2220 Locus
2333 2160 2505 2221 docet
2543 2159 2792 2219 officium
2822 2160 2938 2218 Ec·
2975 2196 2989 2207 ·

522 2237 728 2314 clesiae,
761 2238 865 2297 sed
890 2258 1009 2297 non
1036 2240 1163 2317 ejus
1204 2239 1573 2318 privilequm
1608 2239 1950 2317 infallibile3
1993 2240 2136 2319 quid
2174 2248 2438 2300 teneatur
2475 2240 2663 2300 facere
2703 2239 2765 2298 in
2803 2258 2938 2317 pro-

520 2317 837 2395 mulganda
852 2327 912 2377 et
928 2318 1291 2378 defendenda
1299 2321 1543 2380 veritate
1556 2328 1758 2380 contra
1775 2319 2262 2380 Adversariorum
2279 2320 2648 2399 corruptelas,
2669 2338 2786 2377 non
2795 2336 2938 2377 vero

522 2397 666 2474 quid
690 2396 866 2458 faciat
892 2417 1117 2478 semper
1138 2421 1154 2476 3
1196 2407 1263 2458 ut
1289 2399 1523 2459 nomina
1552 2419 1705 2477 saepe
1733 2400 1807 2458 ab
1835 2399 2034 2469 officio,
2065 2399 2444 2459 desumuntur
2469 2418 2588 2458 non
2613 2418 2650 2458 a
2675 2398 2760 2457 rei
2785 2398 2940 2457 veri-

522 2484 660 2551 tate,
694 2477 905 2535 Malae.
936 2478 996 2535 ii.
1027 2482 1083 2554 7,
1114 2480 1301 2538 Labia
1327 2481 1652 2539 Sacerdotis
1680 2480 1952 2539 dicuntur
1977 2480 2255 2539 custodire
2279 2480 2583 2555 scientiam,
2612 2479 2751 2556 quia
2777 2486 2934 2536 tene-

524 2564 621 2614 tur
647 2556 757 2614 hoc
784 2556 989 2632 facere,
1018 2557 1157 2617 licet
1182 2577 1301 2616 non
1341 2557 1515 2618 faciat
1556 2578 1782 2638 semper
1807 2566 1874 2619 ut
1899 2578 1960 2619 v.
1987 2561 2046 2636 8,
2089 2558 2345 2619 docetur.
2427 2562 2487 2619 4.
2530 2556 2817 2636 Quicquid
2841 2557 2939 2616 hic

527 2635 807 2694 Ecclesiae
832 2635 1105 2694 tribuitur
1128 2639 1377 2714 pertinet
1397 2638 1473 2696 ad
1494 2640 1808 2698 Ecclesiam
1820 2640 2232 2715 particularem
2247 2640 2610 2716 &he-*mana
2631 2639 2726 2697 cui
2745 2646 2941 2696 tamen

524 2715 895 2793 privilegium
922 2715 1347 2777 infallibilitatis
1374 2717 1596 2778 nollent
1612 2719 1750 2778 dare
1773 2719 2096 2779 Pontifieii:
2135 2717 2346 2778 deinde
2371 2719 2565 2796 agitur
2579 2717 2652 2778 de
2681 2717 2941 2776 Ecclesia

525 2795 809 2853 collectiva
833 2793 1109 2872 fidelium,
1152 2795 1213 2854 in
1254 2817 1370 2875 qua
1408 2797 1748 2857 Timotheus
1787 2799 2006 2858 versari
2034 2799 2250 2874 debuit,
2281 2807 2340 2858 et
2366 2797 2745 2858 ministerium
2773 2816 2941 2856 suum

527 2893 813 2948 exercere,
844 2893 963 2932 non
988 2877 1461 2952 repraesentativa
1490 2878 1830 2954 Pastorum3
1874 2878 2058 2938 multo
2084 2878 2278 2937 minus
2303 2878 2377 2937 de
2407 2877 2705 2953 Pontifice,
2736 2877 2796 2935 in
2824 2895 2940 2952 quo

528 2953 654 3012 solo
680 2955 1053 3034 ἇιαμαςπσίαν
1080 2955 1330 3015 residere
1358 2957 1726 3018 arbitrantur.
1811 2959 1866 3016 5.
1897 2957 2130 3017 Alludit
2147 2957 2244 3017 hie
2273 2957 2491 3018 Paulus
2517 2965 2642 3017 tum
2669 2957 2744 3015 ad
2769 2975 2941 3015 usum

530 3033 940 3092 Columnarum
966 3034 1027 3092 in
1058 3035 1331 3095 Delubris
1373 3037 1714 3114 Gentilium,
1741 3037 1802 3096 in
1831 3037 2041 3114 quibus
2080 3037 2177 3096 vel
2209 3038 2463 3096 Deorum
2503 3037 2801 3114 imagines,
2844 3033 2944 3093 vel

532 3112 724 3189 Leges
750 3121 810 3171 et
836 3133 1059 3173 morum
1086 3123 1387 3194 praecepta,
1430 3117 1549 3175 imo
1576 3124 1635 3177 et
1666 3117 1915 3177 Oracula
1955 3116 2441 3194 appendebantur,
2471 3125 2620 3177 teste
2646 3114 2944 3174 Pausania

529 3200 591 3252 et
616 3193 897 3268 Athenaeo,
940 3201 1007 3252 ut
1033 3203 1285 3272 opponat
1314 3195 1619 3256 Columnas
1644 3196 1778 3255 illas
1817 3197 2096 3256 mendacii
2119 3204 2178 3256 et
2204 3196 2412 3256 erroris
2437 3197 2540 3256 ubi
2565 3196 2710 3254 nihil
2738 3202 2947 3274 praeter

530 3270 757 3332 fabulas
783 3279 843 3332 et
868 3271 1143 3333 falsorum
1172 3275 1427 3334 Deorum
1446 3276 1730 3354 imagines
1756 3277 2240 3356 proponebantur,
2271 3279 2552 3336 Columna
2571 3275 2668 3334 isti
2683 3273 2945 3354 mysticae

544 3351 823 3428 Ver-italas,
867 3351 931 3410 in
956 3373 1072 3431 qua
1111 3373 1252 3413 vera
1293 3355 1406 3414 Dei
1441 3354 1752 3416 invisibilis
1793 3356 1986 3434 imago
2027 3355 2350 3430 exhibetur,
2395 3355 2518 3414 Col.
2547 3355 2586 3412 i.
2621 3357 2712 3432 15,
2743 3362 2803 3414 et
2829 3373 2942 3413 coe-

529 3430 701 3492 lestia
729 3431 843 3492 Dei
870 3432 1118 3493 Oracula
1142 3444 1541 3528 proponuntur
1568 3457 1585 3496 z
1667 3435 1816 3494 Tum
1845 3437 1920 3495 ad
1949 3437 2288 3495 Columnam
2309 3435 2468 3493 illam
2496 3434 2945 3510 memorabilem,

532 3531 707 3590 quam
746 3511 809 3570 in
848 3513 1091 3591 Templo
1128 3515 1275 3591 erig1
1315 3522 1616 3575 curaverat
1664 3513 1954 3592 Solomon,
2002 3515 2074 3575 de
2102 3534 2234 3592 qua,
2265 3519 2300 3573 2
2333 3513 2542 3572 Chron.
2571 3513 2651 3572 vi.
2698 3515 2790 3589 13,
2821 3521 2880 3571 et
2907 3517 2948 3572 2

533 3591 682 3670 Reg.
712 3592 793 3652 xi.
818 3595 910 3670 14,
940 3601 999 3653 et
1026 3593 1193 3653 xxiii.
1224 3597 1279 3672 3,
1310 3615 1484 3674 quam
1510 3595 1695 3654 veluti
1724 3603 2064 3673 suggestum
2091 3592 2554 3654 conscendebant
2571 3592 2784 3670 Reges,
2803 3612 2946 3671 quo·

532 3671 643 3732 ties
668 3673 766 3732 vel
872 3673 1073 3752 pulum
1109 3675 1553 3753 alloquebantur
1576 3675 1678 3735 vel
1703 3676 1958 3736 solemne
1999 3674 2220 3752 aliquid
2251 3673 2617 3753 proestabana
2654 3691 2784 3750 quae
2817 3670 2949 3731 ideo

534 3752 721 3828 chia
750 3693 1029 3814 Oglumna
1052 3755 1099 3815 J
1100 3754 1283 3814 udaeis
1310 3755 1626 3816 dicebatur.
1660 3755 1757 3816 Sic
1784 3755 2020 3816 Veritas
2048 3754 2292 3833 Reginae
2331 3753 2514 3812 instar
2541 3753 2821 3812 Ecclesiae
2861 3752 2946 3810 in—

535 3830 703 3904 sidet,
732 3851 850 3890 non
888 3841 956 3892 ut
996 3852 1159 3893 suam
1206 3835 1611 3895 authoritatem
1653 3836 1728 3894 ab
1769 3855 1839 3894 ea
1877 3843 2188 3910 mutuetur,
2219 3843 2284 3894 ut
2323 3852 2432 3892 nec
2476 3833 2750 3894 Solomon
2787 3851 2950 3892 suam

535 3907 789 3969 habebat
808 3911 883 3970 ab
906 3911 1022 3970 ista
1042 3912 1356 3989 Columna;
1400 3914 1505 3974 sed
1530 3924 1598 3975 ut
1624 3915 1859 3975 Veritas
1886 3915 1948 3973 in
1974 3935 2044 3974 ea
2069 3922 2422 3994 proponatur
2447 3920 2508 3972 et
2533 3921 2922 3972 conservetur.

540 4026 756 4130 Αἲξ-Υἱὲ
760 4027 895 4130 193„
910 3997 1023 4129 2⁰³⁸.
1059 3992 1394 4130 ΕυξΧεῖιζΙ.
1439 3993 1631 4054 Locus
1658 3995 1960 4134 Adtgustint'
1997 4004 2197 4089 contra
2225 3993 2956 4134 EgetaFmda.megper{t

596 4143 675 4189 ‘¹⁸-
694 4157 737 4189 e.
754 4099 809 4188 g}
860 4119 870 4130 ·
934 4099 1019 4130 un-
1060 4091 1391 4226 ‘mmm’
1422 4093 1541 4210 ggii
1566 4094 1726 4213 fgrfat
1766 4094 2103 4213 Pegffifigffis·
2124 4095 2242 4213 mel.
2287 4095 2438 4228 Qctfia
2476 4091 2733 4232 *Zugcumsz
2765 4150 2950 4228 loqui-

541 4235 637 4286 tur
662 4227 735 4287 de
763 4247 825 4287 se
852 4225 1042 4288 adhuc
1070 4228 1411 4306 Manichaeo,
1442 4239 1503 4290 et
1528 4232 1785 4292 nondum
1813 4232 2156 4310 Christiane,
2199 4243 2260 4294 et
2285 4233 2442 4312 quod
2467 4233 2633 4311 ponit
2658 4232 2719 4290 in
2746 4231 2952 4308 imper-

542 4305 693 4366 fecto
719 4308 878 4368 valet
902 4308 1253 4386 praeteritum
1294 4310 1603 4390 plusquam
1642 4311 1996 4389 perfectum;
2040 4316 2326 4373 crederem
2351 4323 2407 4372 et
2431 4320 2808 4388 commoveret,
2851 4330 2956 4388 pro

541 4387 899 4447 credidissem
925 4397 984 4448 et
1020 4389 1406 4468 commovisset,
1451 4391 1649 4467 phrasi
1689 4390 1852 4451 Afris
1892 4392 2284 4469 usitatissima,
2315 4401 2381 4454 ut
2410 4392 2583 4452 Docti
2625 4391 2953 4464 observant,

543 4467 627 4527 sic
654 4467 754 4527 lib.
785 4471 846 4527 2.
876 4468 1133 4529 Confess.
1162 4489 1287 4547 cap.
1318 4472 1373 4547 8,
1416 4471 1487 4530 δι’
1508 4479 1637 4530 tunc
1662 4492 1918 4532 amarem
1936 4493 2116 4550 poma
2141 4474 2259 4551 illa,
2303 4493 2408 4550 pro
2451 4472 2814 4530 amavissem.
2897 4473 2954 4528 2.

544 4547 873 4608 Atellam-itas
900 4548 973 4608 de
1000 4568 1115 4627 qua
1153 4549 1425 4628 loquitur,
1454 4570 1573 4610 non
1601 4560 1690 4612 est
1713 4553 1870 4628 juris
1897 4561 1956 4612 et
2003 4553 2240 4629 imperii,
2285 4570 2458 4630 quam
2498 4551 2593 4610 hic
2635 4549 2956 4610 obtendunt

548 4627 903 4706 Adversarii,
956 4629 1121 4707 quasi
1166 4629 1471 4692 crediderit
1514 4630 1650 4709 quia
1700 4632 1962 4693 Ecclesia
2003 4631 2269 4710 dicebat3
2314 4631 2418 4691 sed
2465 4631 2768 4709 dignitatis),
2825 4649 2957 4706 quse
