3300 5225
392 369 612 420 Quas-r.
643 348 734 430 x.]
1246 367 1324 406 nn
1353 365 1943 408 Ριυιιιιιιετιιυτιοιιιι.
2684 353 2798 408 317

395 511 624 572 Christo
669 518 729 571 et
771 517 938 568 extra
965 508 1296 586 Christum;
1340 509 1478 586 quia
1521 508 1725 568 eodem
1766 505 1999 568 decreto
2043 525 2158 586 quo
2202 506 2492 568 destinata
2518 517 2607 569 est
2634 509 2803 568 nobis

396 592 571 668 salus,
599 589 924 650 destinatus
951 589 1124 648 etiam
1151 598 1240 648 est
1268 589 1531 648 Christus
1571 587 1647 647 ad
1674 608 1802 648 eam
1828 588 1998 648 nobis
2039 587 2463 666 acquirendam,
2502 607 2611 647 nec
2639 589 2807 648 aliter

395 671 685 731 destinata
711 677 817 745 est,
847 688 1026 746 quam
1051 678 1117 728 ιιι
1143 689 1248 747 per
1275 669 1565 728 Christum
1594 670 2004 745 acquireretur.
2090 668 2317 728 Electio
2360 687 2501 746 ergo
2542 688 2661 727 non
2702 689 2805 727 ex-

395 751 596 827 cludit,
627 749 730 808 sed
771 748 1016 809 includit
1043 749 1354 824 Christum,
1381 767 1501 807 non
1526 758 1594 808 ut
1625 749 1751 825 jam
1778 748 1995 824 datum,
2027 747 2132 808 sed
2158 756 2224 807 ut
2249 747 2523 824 dandum,
2565 767 2673 807 nec
2699 768 2805 807 un-

395 849 570 908 quam
598 832 713 888 ista
739 828 855 887 duo
885 837 1019 888 sunt
1045 828 1121 887 ab
1146 828 1396 886 invicem
1425 827 1784 903 divellenda;
1814 828 1972 906 quod
1988 828 2208 888 faciunt
2224 835 2419 888 tamen
2440 827 2810 906 sophismata

399 909 905 969 Adversariormn.

479 991 626 1049 XV.
669 988 950 1062 Quamvis
975 1007 1142 1047 amor
1181 987 1540 1066 beneficentia
1581 995 1642 1046 et
1684 987 2095 1063 complacentioe
2138 1007 2255 1046 ιιοιι
2297 987 2482 1064 possit
2520 1007 2663 1064 erga
2700 1007 2810 1048 nos

399 1069 550 1146 ferri,
581 1069 696 1128 nisi
721 1076 958 1145 propter
983 1067 1276 1127 Christum
1317 1064 1755 1142 antecedenter3
1802 1065 1941 1142 quia
1978 1067 2227 1144 placatio
2268 1067 2513 1128 actualis
2539 1066 2655 1125 Dei
2680 1086 2811 1144 quse

397 1169 501 1226 per
519 1149 814 1208 Christum
827 1147 912 1222 fit,
932 1147 1178 1225 supponi
1201 1145 1374 1205 debet
1398 1146 1723 1206 necessario
1744 1146 1957 1204 amoris
1976 1145 2159 1204 divini
2189 1165 2327 1224 erga
2352 1165 2461 1205 nos
2487 1145 2629 1204 reali
2654 1165 2809 1205 com-

397 1227 808 1304 municationi;
853 1228 986 1287 Non
1011 1227 1228 1305 pariter
1252 1226 1364 1285 hoc
1389 1225 1781 1284 necessarium
1806 1233 1897 1284 est
1916 1233 2183 1303 respectu
2201 1225 2415 1284 amoris
2430 1227 2813 1284 benevolentiae

399 1309 502 1386 qui
527 1310 588 1367 in
608 1309 736 1367 Deo
763 1315 975 1367 manet.
1020 1307 1182 1370 Deus
1210 1305 1400 1383 potuit
1425 1305 1596 1364 nobis
1621 1305 1769 1366 bene
1790 1303 1943 1364 velle
1970 1303 2379 1364 antecedenter
2404 1303 2480 1363 ad
2498 1303 2809 1380 Christum,

396 1389 536 1448 licet
561 1407 680 1447 non
705 1387 958 1465 potuerit
999 1387 1170 1446 nobis
1208 1385 1546 1446 benefacere
1585 1385 1701 1444 nisi
1738 1392 1973 1462 propter
2010 1384 2221 1462 ipsum.
2304 1384 2425 1444 Nec
2451 1383 2637 1442 ullum
2678 1384 2814 1444 inde

398 1467 636 1528 affertur
656 1467 901 1545 justitiae
928 1465 1344 1561 praejudicium,
1374 1465 1513 1542 quia
1538 1484 1701 1524 amor
1725 1465 1835 1524 iste
1863 1483 1981 1524 non
2008 1445 2285 1540 excludit,
2318 1463 2421 1524 sed
2447 1462 2708 1538 includit,
2750 1471 2812 1523 6ι

396 1558 529 1624 post
555 1569 618 1607 se
645 1547 824 1607 trahit
865 1546 1192 1606 necessario
1233 1545 1711 1622 satisfactionem3
1755 1545 1895 1622 quia
1934 1544 2088 1637 enim
2127 1544 2298 1604 nobis
2323 1544 2473 1604 bene
2502 1543 2647 1619 vult,
2678 1507 2811 1604 i'deo

399 1628 693 1688 Christum
719 1626 1019 1686 constituit
1061 1625 1123 1685 in
1151 1625 1550 1701 Mediatorem,
1581 1632 1648 1684 ut
1690 1625 1861 1684 nobis
1904 1644 2009 1702 per
2045 1623 2237 1702 ipsum
2280 1632 2413 1683 actu
2457 1622 2813 1684 benefaciat·

401 1707 522 1766 Nec
551 1709 602 1768 si
627 1727 738 1766 nos
764 1715 936 1780 amat,
962 1706 1086 1783 jam
1124 1709 1392 1782 placatus
1418 1704 1593 1765 debet
1619 1705 1861 1780 censeri,
1892 1704 1995 1766 sed
2022 1711 2247 1764 tantum
2278 1705 2638 1780 placandus.-
2677 1721 2813 1760 nam

398 1787 780 1847 beneficentia
806 1785 1040 1863 quidem
1067 1785 1308 1862 requirit
1333 1785 1905 1844 reconciliationem
1879 1804 2003 1863 Jam
2032 1783 2281 1860 factam3
2324 1782 2433 1844 sed
2458 1783 2535 1842 ad
2562 1782 2812 1842 benevo-

399 1865 639 1927 lentiam
667 1865 895 1938 sufficit,
927 1872 994 1922 ut
1021 1864 1098 1922 sit
1122 1865 1450 1940 praestanda
1477 1883 1584 1924 suo
1611 1872 1888 1941 tempore.

484 1945 665 2003 XVI.
709 1942 896 2003 Aliud
923 1951 1012 2001 est
1040 1943 1474 2019 Christumque.
1513 1943 1673 2013 Λόγων
1698 1962 1827 2002 esse
1854 1964 2083 2004 causam
2110 1944 2427 2017 efficientem
2454 1941 2813 2018 Electioni83

403 2022 592 2082 Aliud
615 2041 749 2080 eum
776 2041 894 2098 qua
916 2021 1220 2114 Μύρινα-ο
1255 2030 1316 2080 et
1341 2021 1724 2080 Mediatorem
1750 2041 1879 2081 esse
1906 2043 2136 2082 causam
2162 2024 2485 2098 offlectivam
2512 2031 2567 2081 et
2590 1988 2813 2080 merito:

403 2103 556 2162 riam
582 2100 727 2178 ejus.
814 2099 986 2160 Prius
1011 2100 1290 2158 asseritur
1315 2119 1352 2158 a
1380 2099 1625 2173 Christo,
1658 2101 1876 2160 Johan.
1904 2102 2029 2160 xiii.
2064 2104 2157 2160 18.
2186 2102 2315 2160 Scio
2356 2121 2493 2177 quos
2534 2101 2810 2176 elegerun,

405 2190 465 2241 et
491 2183 592 2242 Jo.
620 2199 723 2239 xv.
756 2182 850 2238 16.
891 2180 1002 2237 Vos
1027 2198 1142 2237 non
1165 2199 1253 2236 me
1279 2179 1532 2254 elegistis,
1559 2181 1665 2236 sed
1686 2199 1788 2255 690
1812 2199 1910 2238 vos
1937 2181 2118 2256 6169ἰε
2160 2180 2263 2239 sed
2284 2199 2401 2239 non
2428 2180 2734 2256 posterius.

487 2258 706 2318 XVII.
752 2258 861 2317 Si‘
867 2256 1379 2336 ‘praedestinamur
1405 2256 1480 2315 ad
1521 2255 1979 2318 conformitatem
2018 2259 2291 2334 imaginis
2320 2259 2458 2317 Filii
2487 2258 2617 2333 Dei,
2646 2265 2715 2316 ut
2740 2257 2818 2316 sit

405 2337 824 2432 primogenitus
840 2337 992 2396 inter
1008 2336 1224 2396 multos
1239 2335 1501 2411 stati-esst
1533 2337 1703 2396 Rom.
1726 2337 1849 2396 viii.
1867 2340 1965 2412 29,
1989 2337 2247 2414 sequitur
2266 2337 2501 2415 quidem
2522 2336 2817 2396 Christum

404 2439 532 2479 esse
559 2417 893 2512 primarium
920 2416 1174 2476 medium
1202 2415 1578 2491 executionis,
1604 2435 1644 2476 a
1670 2436 1789 2494 quo
1816 2424 2023 2476 caetera
2050 2417 2243 2475 omnia
2268 2416 2538 2494 pendent,
2568 2415 2675 2476 sed
2700 2435 2817 2474 ιιοιι

404 2517 531 2559 esse
572 2517 806 2558 causam
853 2497 1037 2576 ipsius
1077 2495 1628 2555 Electionis.1mo
1678 2515 1811 2556 cum
1852 2496 2244 2574 praecognitio‚
2284 2516 2414 2574 quae
2458 2495 2815 2556 Electionem

401 2597 778 2657 personarum
821 2577 916 2637 hic
959 2575 1264 2655 signifieat,
1310 2583 1378 2635 ut
1417 2595 1592 2654 supra
1633 2575 1872 2653 dictum,
1902 2584 2269 2671 presponatur
2296 2575 2815 2652 Praedestinationi,

403 2666 690 2736 quatenus
715 2657 1006 2735 significat
1032 2655 1476 2717 destinationem
1501 2655 1578 2714 ad
1605 2656 1834 2732 media;
1880 2656 2021 2717 satis
2062 2657 2335 2733 innuitur,
2365 2658 2551 2736 primo
2580 2657 2819 2717 Electes

403 2758 530 2798 esse
559 2758 595 2796 a
623 2738 768 2814 Dee,
788 2737 890 2815 qui
917 2744 1081 2797 erant
1107 2734 1394 2810 servandi,
1423 2744 1730 2813 antequam
1760 2736 1883 2796 dati
1907 2736 2121 2797 fuerint
2148 2736 2394 2814 Christe,
2424 2746 2485 2797 et
2523 2736 2819 2830 praedesti-

401 2818 526 2877 nati
552 2817 630 2876 ad
656 2816 1157 2877 conformitatem
1139 2814 1410 2893 imaginis
1437 2815 1584 2893 ejus.
1642 2816 1765 2876 Nec
1794 2816 1845 2875 si
1873 2817 2138 2877 Christus
2164 2816 2375 2877 dicitur
2401 2816 2820 2895 primogenitus

403 2896 556 2957 inter
579 2898 796 2957 multos
821 2897 1044 2972 fratres,
1073 2914 1310 2955 necesse
1336 2903 1428 2954 est
1451 2904 1518 2955 ut
1542 2896 1731 2973 primo
1758 2895 1975 2956 electus
2012 2896 2091 2957 sit
2116 2895 2471 2972 omnimode;
2518 2896 2729 2955 sufficit
2754 2904 2821 2955 ut

403 2978 653 3055 primum
679 2977 873 3037 locum
899 2975 1202 3036 obtineat
1183 2994 1248 3033 m
1273 2975 1631 3051 executione,
1662 2975 1883 3035 ratione
1909 2976 2267 3035 causalitatis
2293 2984 2353 3035 et
2378 2974 2695 3053 dignitatis.

487 3057 741 3116 XVIII.
784 3055 956 3131 Quod
979 3056 1184 3114 nititur
1209 3054 1602 3113 misericordia
1629 3054 1743 3114 Dei
1768 3053 2033 3115 effective
2061 3054 2441 3130 considerata,
2468 3054 2617 3115 illud
2642 3056 2818 3115 etiam

405 3135 582 3195 debet
606 3136 716 3195 niti
741 3136 948 3195 merito
977 3134 1210 3209 Christi,
1240 3133 1379 3210 quia
1422 3133 1687 3193 Christus
1730 3142 1821 3193 est
1848 3134 2067 3194 canalis
2092 3154 2196 3212 per
2226 3154 2401 3211 quem
2426 3134 2819 3195 misericordia

409 3215 523 3274 Dei
549 3215 626 3274 ad
649 3234 758 3273 nos
785 3214 1009 3289 transit,
1051 3212 1183 3272 fons
1227 3212 1416 3271 omnis
1453 3212 1875 3273 benedictionis
1919 3222 1981 3273 et
2019 3214 2257 3291 gratiss·
2300 3213 2405 3274 sed
2430 3215 2588 3291 quod
2614 3216 2819 3277 nititur

406 3293 802 3353 misericordia
829 3293 942 3351 Dei
984 3292 1250 3351 affective
1293 3299 1566 3385 spectata,
1597 3301 1659 3352 et
1684 3302 1969 3370 quatenus
2008 3294 2071 3351 in
2099 3295 2227 3354 Deo
2272 3303 2553 3372 manet,q
2552 3294 2701 3354 ualis
2728 3302 2819 3355 est

377 3408 382 3413 ·
409 3374 634 3449 electio,
664 3392 782 3432 non
811 3372 1005 3432 statim
1032 3371 1208 3431 dehet
1248 3372 1358 3431 niti
1399 3372 1606 3431 merito
1635 3372 1851 3433 Christi
1894 3373 2285 3448 antecedente,
2316 3374 2527 3434 sufficit
2564 3384 2633 3433 ut
2670 3374 2819 3435 illud

405 3452 672 3512 involvat
699 3459 1132 3528 consequenter.

489 3532 680 3591 XIX.
726 3532 892 3591 Licet
919 3551 956 3589 a
981 3530 1328 3609 quibusdam
1354 3530 1671 3607 Theologis
1700 3530 2073 3608 orthodoxis,
2104 3532 2329 3592 Electio
2358 3531 2574 3591 Christi
2602 3540 2817 3593 statua-

407 3618 504 3670 tur
528 3612 686 3689 prior
711 3611 1014 3672 Electione
1050 3610 1365 3684 hominum,
1395 3628 1512 3667 non
1555 3618 1859 3687 propterea
1884 3611 2157 3671 censendi
2184 3620 2321 3671 sunt
2344 3610 2540 3671 favere
2563 3612 2818 3671 Novato-

407 3690 599 3751 ribus.
643 3691 856 3767 Primo,
877 3690 1015 3769 quia
1039 3691 1150 3750 hoe
1179 3690 1260 3749 ita
1285 3653 1365 3748 ab,
1387 3688 1506 3749 illis
1531 3688 1894 3767 intelligitur,
1924 3699 1991 3749 ut
2017 3692 2093 3751 sit
2116 3691 2385 3769 prioritas
2413 3699 2637 3751 tantum
2665 3690 2817 3750 ordi-

407 3770 517 3845 nis,
548 3790 668 3829 non
695 3770 1064 3845 causalitatis‚
1095 3778 1160 3829 ut
1187 3769 1393 3829 volunt
1420 3767 1785 3831 Arminiani:
1830 3769 2057 3829 Deinde
2076 3778 2145 3829 ut
2181 3790 2299 3831 non
2338 3770 2513 3829 latius
2538 3770 2817 3831 extenda-

407 3857 503 3908 tur
547 3850 774 3909 Electio
801 3850 1016 3909 Christi
1057 3849 1118 3906 in
1147 3848 1548 3922 Mediatorem,
1592 3868 1767 3925 quam
1796 3848 2023 3909 Electio
2067 3850 2366 3909 hominum
2406 3850 2511 3927 qui
2550 3849 2818 3911 salvandi

407 3937 562 4003 sunt,
591 3937 660 3989 ιιι
684 3949 802 3988 ιιοιι
827 3948 933 4007 pro
959 3928 1222 4006 pluribus
1249 3928 1572 3987 destinatus
1599 3928 1695 4003 sit,
1725 3937 1784 3990 et
1809 3929 2039 4006 missus,
2069 3949 2244 4007 quam
2270 3948 2375 4006 pro
2402 3929 2619 4005 electis,
2650 3931 2820 4008 eujus

407 4008 758 4067 contrarium
801 4016 1064 4067 statuunt
1112 4008 1330 4069 Gratim
1371 4007 1719 4068 universalis
1759 4008 2005 4087 patroni.
2088 4009 2331 4068 Interim
2373 4008 2816 4087 observandum,

373 4132 380 4137 .
407 4106 637 4147 omnem
663 4087 824 4145 illam
851 4086 1072 4147 ordinis
1098 4086 1478 4146 differentiam
1504 4106 1623 4145 non
1650 4107 1779 4149 esse
1804 4088 2243 4165 intelligendam
2270 4097 2533 4167 respectu
2563 4090 2692 4165 Dei,
2724 4090 2820 4149 cui

407 4168 602 4227 omnia
629 4167 802 4225 simul
828 4167 1134 4243 praesentia
1160 4174 1311 4241 sunt,
1341 4174 1402 4225 et
1443 4185 1481 4224 a
1505 4186 1622 4243 quo
1667 4168 1860 4229 omnia
1901 4168 2075 4227 unieo
2115 4176 2175 4227 et
2216 4167 2643 4245 simplicissimo
2682 4176 2819 4229 actu

407 4242 641 4306 decreta
681 4255 832 4322 sunt,
859 4254 980 4305 tam
1023 4265 1094 4305 ea
1135 4264 1264 4322 quse
1307 4244 1385 4304 ad
1422 4245 1614 4321 finem,
1644 4266 1819 4323 quam
1859 4268 1989 4324 quae
2030 4246 2107 4306 ad
2144 4247 2335 4307 media
2376 4257 2670 4326 spectant;
2714 4246 2820 4307 sed

405 4332 631 4385 tantum
659 4332 924 4419 respectu
951 4324 1152 4401 nostri,
1183 4323 1288 4402 qui
1324 4334 1558 4403 propter
1582 4326 1945 4387 finitudinem
1972 4328 2155 4387 nostri
2182 4326 2526 4406 intellectus,
2556 4330 2669 4389 ista
2694 4328 2817 4385 ina-

405 4404 672 4483 daequate
701 4405 1076 4484 concipimus,
1106 4424 1178 4465 ea
1203 4404 1537 4480 dividendo,
1568 4426 1699 4483 ques
1726 4406 1789 4465 in
1816 4426 1877 4467 se
1905 4414 2099 4467 tamen
2126 4406 2288 4467 unita
2315 4416 2469 4470 sunt.
