<?xml version="1.0" encoding="UTF-8"?>
<!DOCTYPE html PUBLIC "-//W3C//DTD XHTML 1.0 Transitional//EN"
    "http://www.w3.org/TR/xhtml1/DTD/xhtml1-transitional.dtd">
<html xmlns="http://www.w3.org/1999/xhtml" xml:lang="en" lang="en">
 <head>
  <title>
</title>
<meta http-equiv="Content-Type" content="text/html;charset=utf-8" />
  <meta name='ocr-system' content='tesseract 3.04.00' />
  <meta name='ocr-capabilities' content='ocr_page ocr_carea ocr_par ocr_line ocrx_word'/>
</head>
<body>
  <div class='ocr_page' id='page_1' title='image "./institutiotheol00turrgoog_0218.png"; bbox 0 0 3300 5225; ppageno 0'>
   <div class='ocr_carea' id='block_1_1' title="bbox 601 342 3009 424">
    <p class='ocr_par' dir='ltr' id='par_1_1' title="bbox 601 342 3009 424">
     <span class='ocr_line' id='line_1_1' title="bbox 601 342 3009 424; baseline 0 -21"><span class='ocrx_word' id='word_1_1' title='bbox 601 342 715 403; x_wconf 77' lang='lat'><strong>166</strong></span> <span class='ocrx_word' id='word_1_2' title='bbox 1572 362 1758 405; x_wconf 70' lang='lat' dir='ltr'><strong>Locus</strong></span> <span class='ocrx_word' id='word_1_3' title='bbox 1784 362 2054 406; x_wconf 75' lang='lat' dir='ltr'><strong>‘rem-ms.</strong></span> <span class='ocrx_word' id='word_1_4' title='bbox 2635 342 2890 424; x_wconf 62' lang='lat' dir='ltr'><strong>[quaes-r.</strong></span> <span class='ocrx_word' id='word_1_5' title='bbox 2919 362 3009 403; x_wconf 73' lang='lat' dir='ltr'><strong>m.</strong></span> 
     </span>
    </p>
   </div>
   <div class='ocr_carea' id='block_1_2' title="bbox 595 500 3014 802">
    <p class='ocr_par' dir='ltr' id='par_1_2' title="bbox 595 500 3014 802">
     <span class='ocr_line' id='line_1_2' title="bbox 596 500 3014 583; baseline -0.001 -20"><span class='ocrx_word' id='word_1_6' title='bbox 596 502 925 564; x_wconf 77' lang='lat' dir='ltr'><strong>divinonm</strong></span> <span class='ocrx_word' id='word_1_7' title='bbox 953 502 1280 581; x_wconf 85' lang='lat' dir='ltr'><strong>multitudo,</strong></span> <span class='ocrx_word' id='word_1_8' title='bbox 1310 502 1413 564; x_wconf 88' lang='lat' dir='ltr'><strong>sed</strong></span> <span class='ocrx_word' id='word_1_9' title='bbox 1438 504 1728 583; x_wconf 70' lang='lat' dir='ltr'><strong>praecipue</strong></span> <span class='ocrx_word' id='word_1_10' title='bbox 1756 504 2163 565; x_wconf 72' lang='lat' dir='ltr'><strong>attributorum</strong></span> <span class='ocrx_word' id='word_1_11' title='bbox 2181 510 2244 563; x_wconf 82' lang='lat' dir='ltr'><strong>et</strong></span> <span class='ocrx_word' id='word_1_12' title='bbox 2263 519 2502 582; x_wconf 83' lang='lat' dir='ltr'><strong>operum</strong></span> <span class='ocrx_word' id='word_1_13' title='bbox 2531 500 2644 565; x_wconf 83' lang='lat' dir='ltr'><strong>Dei</strong></span> <span class='ocrx_word' id='word_1_14' title='bbox 2671 502 2924 561; x_wconf 79' lang='lat' dir='ltr'><strong>varietas</strong></span> <span class='ocrx_word' id='word_1_15' title='bbox 2949 510 3014 562; x_wconf 84' lang='lat' dir='ltr'><strong>et</strong></span> 
     </span>
     <span class='ocr_line' id='line_1_3' title="bbox 596 582 3012 663; baseline 0 -22"><span class='ocrx_word' id='word_1_16' title='bbox 596 584 781 661; x_wconf 85' lang='lat' dir='ltr'><strong>copia,</strong></span> <span class='ocrx_word' id='word_1_17' title='bbox 825 583 1037 661; x_wconf 83' lang='lat' dir='ltr'><strong>quibus</strong></span> <span class='ocrx_word' id='word_1_18' title='bbox 1076 584 1338 643; x_wconf 87' lang='lat' dir='ltr'><strong>homines</strong></span> <span class='ocrx_word' id='word_1_19' title='bbox 1365 584 1441 643; x_wconf 89' lang='lat' dir='ltr'><strong>ad</strong></span> <span class='ocrx_word' id='word_1_20' title='bbox 1478 584 1677 663; x_wconf 80' lang='lat' dir='ltr'><strong>plures</strong></span> <span class='ocrx_word' id='word_1_21' title='bbox 1719 584 1878 643; x_wconf 83' lang='lat' dir='ltr'><strong>Deos</strong></span> <span class='ocrx_word' id='word_1_22' title='bbox 1909 582 2252 662; x_wconf 84' lang='lat' dir='ltr'><strong>cogitandos</strong></span> <span class='ocrx_word' id='word_1_23' title='bbox 2287 584 2501 643; x_wconf 78' lang='lat' dir='ltr'><strong>sensim</strong></span> <span class='ocrx_word' id='word_1_24' title='bbox 2541 582 2780 658; x_wconf 81' lang='lat' dir='ltr'><strong>inducti,</strong></span> <span class='ocrx_word' id='word_1_25' title='bbox 2810 590 2902 641; x_wconf 83' lang='lat' dir='ltr'><strong>tot</strong></span> <span class='ocrx_word' id='word_1_26' title='bbox 2939 600 3012 641; x_wconf 79' lang='lat' dir='ltr'><strong>ac</strong></span> 
     </span>
     <span class='ocr_line' id='line_1_4' title="bbox 595 662 3010 802; baseline -0.001 -80"><span class='ocrx_word' id='word_1_27' title='bbox 595 662 1193 802; x_wconf 47' lang='lat' dir='ltr'><strong>tuzitpgssgnqerfectiones</strong></span> <span class='ocrx_word' id='word_1_28' title='bbox 1218 663 1437 725; x_wconf 84' lang='lat' dir='ltr'><strong>divisas</strong></span> <span class='ocrx_word' id='word_1_29' title='bbox 1464 665 1525 723; x_wconf 90' lang='lat' dir='ltr'><strong>in</strong></span> <span class='ocrx_word' id='word_1_30' title='bbox 1551 664 1814 744; x_wconf 84' lang='lat' dir='ltr'><strong>pluribus</strong></span> <span class='ocrx_word' id='word_1_31' title='bbox 1841 665 2050 743; x_wconf 85' lang='lat' dir='ltr'><strong>potius,</strong></span> <span class='ocrx_word' id='word_1_32' title='bbox 2079 682 2254 741; x_wconf 86' lang='lat' dir='ltr'><strong>quam</strong></span> <span class='ocrx_word' id='word_1_33' title='bbox 2282 662 2343 722; x_wconf 87' lang='lat' dir='ltr'><strong>in</strong></span> <span class='ocrx_word' id='word_1_34' title='bbox 2369 680 2487 722; x_wconf 81' lang='lat' dir='ltr'><strong>uno</strong></span> <span class='ocrx_word' id='word_1_35' title='bbox 2524 662 2825 744; x_wconf 62' lang='lat' dir='ltr'><strong>copdatas</strong></span> <span class='ocrx_word' id='word_1_36' title='bbox 2852 680 3010 739; x_wconf 68' lang='lat' dir='ltr'><strong>quee-</strong></span> 
     </span>
    </p>
   </div>
   <div class='ocr_carea' id='block_1_3' title="bbox 1466 902 2136 1125">
    <p class='ocr_par' dir='ltr' id='par_1_3' title="bbox 1466 902 2136 1125">
     <span class='ocr_line' id='line_1_5' title="bbox 1530 902 2076 979; baseline 0 -16"><span class='ocrx_word' id='word_1_37' title='bbox 1530 902 1922 979; x_wconf 72' lang='lat' dir='ltr'><strong>QUAEs&#39;no</strong></span> <span class='ocrx_word' id='word_1_38' title='bbox 1965 902 2076 963; x_wconf 85' lang='lat' dir='ltr'><strong>IV.</strong></span> 
     </span>
     <span class='ocr_line' id='line_1_6' title="bbox 1466 1077 2136 1125; baseline 0.001 -4"><span class='ocrx_word' id='word_1_39' title='bbox 1466 1078 1547 1121; x_wconf 73' lang='lat' dir='ltr'><strong>DE</strong></span> <span class='ocrx_word' id='word_1_40' title='bbox 1575 1080 1804 1125; x_wconf 67' lang='lat' dir='ltr'><strong>nouum</strong></span> <span class='ocrx_word' id='word_1_41' title='bbox 1832 1077 2136 1124; x_wconf 70' lang='lat' dir='ltr'><strong>mnovffl.</strong></span> 
     </span>
    </p>
   </div>
   <div class='ocr_carea' id='block_1_4' title="bbox 598 1218 3007 1299">
    <p class='ocr_par' dir='ltr' id='par_1_4' title="bbox 598 1218 3007 1299">
     <span class='ocr_line' id='line_1_7' title="bbox 598 1218 3007 1299; baseline 0.001 -20"><span class='ocrx_word' id='word_1_42' title='bbox 598 1220 693 1279; x_wconf 77' lang='lat' dir='ltr'><strong>An</strong></span> <span class='ocrx_word' id='word_1_43' title='bbox 718 1220 801 1280; x_wconf 76' lang='lat' dir='ltr'><strong>ita</strong></span> <span class='ocrx_word' id='word_1_44' title='bbox 826 1220 936 1281; x_wconf 72' lang='lat' dir='ltr'><strong>soli</strong></span> <span class='ocrx_word' id='word_1_45' title='bbox 956 1222 1086 1280; x_wconf 83' lang='lat' dir='ltr'><strong>Deo</strong></span> <span class='ocrx_word' id='word_1_46' title='bbox 1111 1221 1184 1280; x_wconf 71' lang='lat' dir='ltr'><strong>eit</strong></span> <span class='ocrx_word' id='word_1_47' title='bbox 1198 1221 1520 1299; x_wconf 72' lang='lat' dir='ltr'><strong>proprium,</strong></span> <span class='ocrx_word' id='word_1_48' title='bbox 1542 1231 1607 1281; x_wconf 73' lang='lat' dir='ltr'><strong>ut</strong></span> <span class='ocrx_word' id='word_1_49' title='bbox 1630 1222 1703 1281; x_wconf 68' lang='grc' dir='ltr'><strong>αἳ</strong></span> <span class='ocrx_word' id='word_1_50' title='bbox 1728 1221 2238 1281; x_wconf 73' lang='lat' dir='ltr'><strong>mcommmucabile</strong></span> <span class='ocrx_word' id='word_1_51' title='bbox 2267 1218 2566 1281; x_wconf 50' lang='lat' dir='ltr'><strong>Gnatum&amp;</strong></span> <span class='ocrx_word' id='word_1_52' title='bbox 2583 1221 2614 1279; x_wconf 74' lang='lat'><strong>‚²</strong></span> <span class='ocrx_word' id='word_1_53' title='bbox 2653 1219 2775 1281; x_wconf 84' lang='lat' dir='ltr'><strong>Aff.</strong></span> <span class='ocrx_word' id='word_1_54' title='bbox 2805 1229 3007 1281; x_wconf 84' lang='lat' dir='ltr'><strong>contra</strong></span> 
     </span>
    </p>
   </div>
   <div class='ocr_carea' id='block_1_5' title="bbox 1686 1302 1901 1362">
    <p class='ocr_par' dir='ltr' id='par_1_5' title="bbox 1686 1302 1901 1362">
     <span class='ocr_line' id='line_1_8' title="bbox 1686 1302 1901 1362; baseline 0.005 -1"><span class='ocrx_word' id='word_1_55' title='bbox 1686 1302 1901 1362; x_wconf 82' lang='lat' dir='ltr'><strong>Socini.</strong></span> 
     </span>
    </p>
   </div>
   <div class='ocr_carea' id='block_1_6' title="bbox 584 1459 3002 4735">
    <p class='ocr_par' dir='ltr' id='par_1_6' title="bbox 595 1459 3000 2318">
     <span class='ocr_line' id='line_1_9' title="bbox 681 1459 2999 1541; baseline 0 -24"><span class='ocrx_word' id='word_1_56' title='bbox 681 1459 732 1517; x_wconf 90' lang='lat'><strong>1.</strong></span> <span class='ocrx_word' id='word_1_57' title='bbox 776 1459 943 1519; x_wconf 85' lang='lat' dir='ltr'><strong>Licet</strong></span> <span class='ocrx_word' id='word_1_58' title='bbox 972 1460 1134 1520; x_wconf 84' lang='lat' dir='ltr'><strong>Deus</strong></span> <span class='ocrx_word' id='word_1_59' title='bbox 1161 1460 1263 1538; x_wconf 90' lang='lat' dir='ltr'><strong>qui</strong></span> <span class='ocrx_word' id='word_1_60' title='bbox 1288 1468 1379 1520; x_wconf 84' lang='lat' dir='ltr'><strong>est</strong></span> <span class='ocrx_word' id='word_1_61' title='bbox 1406 1463 1466 1521; x_wconf 83' lang='lat' dir='ltr'><strong>et</strong></span> <span class='ocrx_word' id='word_1_62' title='bbox 1493 1461 1617 1520; x_wconf 87' lang='lat' dir='ltr'><strong>Ens</strong></span> <span class='ocrx_word' id='word_1_63' title='bbox 1643 1460 2186 1541; x_wconf 78' lang='lat' dir='ltr'><strong>singularissimum,</strong></span> <span class='ocrx_word' id='word_1_64' title='bbox 2209 1468 2271 1519; x_wconf 78' lang='lat' dir='ltr'><strong>et</strong></span> <span class='ocrx_word' id='word_1_65' title='bbox 2295 1468 2502 1519; x_wconf 75' lang='lat' dir='ltr'><strong>namra</strong></span> <span class='ocrx_word' id='word_1_66' title='bbox 2530 1475 2634 1519; x_wconf 83' lang='lat' dir='ltr'><strong>sua</strong></span> <span class='ocrx_word' id='word_1_67' title='bbox 2661 1479 2698 1518; x_wconf 87' lang='lat' dir='ltr'><strong>a</strong></span> <span class='ocrx_word' id='word_1_68' title='bbox 2723 1478 2786 1519; x_wconf 86' lang='lat' dir='ltr'><strong>re</strong></span> <span class='ocrx_word' id='word_1_69' title='bbox 2808 1460 2999 1539; x_wconf 76' lang='lat' dir='ltr'><strong>quali-</strong></span> 
     </span>
     <span class='ocr_line' id='line_1_10' title="bbox 596 1539 3000 1618; baseline 0.001 -21"><span class='ocrx_word' id='word_1_70' title='bbox 596 1539 700 1597; x_wconf 84' lang='lat' dir='ltr'><strong>bet</strong></span> <span class='ocrx_word' id='word_1_71' title='bbox 742 1539 1095 1615; x_wconf 76' lang='lat' dir='ltr'><strong>distinctum,</strong></span> <span class='ocrx_word' id='word_1_72' title='bbox 1143 1541 1377 1599; x_wconf 78' lang='lat' dir='ltr'><strong>nomine</strong></span> <span class='ocrx_word' id='word_1_73' title='bbox 1420 1540 1737 1601; x_wconf 80' lang='lat' dir='ltr'><strong>discretivo</strong></span> <span class='ocrx_word' id='word_1_74' title='bbox 1785 1560 1902 1600; x_wconf 84' lang='lat' dir='ltr'><strong>non</strong></span> <span class='ocrx_word' id='word_1_75' title='bbox 1953 1549 2162 1618; x_wconf 81' lang='lat' dir='ltr'><strong>egeat3</strong></span> <span class='ocrx_word' id='word_1_76' title='bbox 2235 1540 2358 1599; x_wconf 80' lang='lat' dir='ltr'><strong>Nec</strong></span> <span class='ocrx_word' id='word_1_77' title='bbox 2401 1558 2613 1599; x_wconf 84' lang='lat' dir='ltr'><strong>nomen</strong></span> <span class='ocrx_word' id='word_1_78' title='bbox 2655 1540 2884 1618; x_wconf 72' lang='lat' dir='ltr'><strong>proprie</strong></span> <span class='ocrx_word' id='word_1_79' title='bbox 2937 1540 3000 1600; x_wconf 84' lang='lat' dir='ltr'><strong>in</strong></span> 
     </span>
     <span class='ocr_line' id='line_1_11' title="bbox 600 1615 3000 1699; baseline 0.001 -22"><span class='ocrx_word' id='word_1_80' title='bbox 600 1616 793 1677; x_wconf 86' lang='lat' dir='ltr'><strong>Deum</strong></span> <span class='ocrx_word' id='word_1_81' title='bbox 821 1618 1005 1695; x_wconf 83' lang='lat' dir='ltr'><strong>cadat,</strong></span> <span class='ocrx_word' id='word_1_82' title='bbox 1037 1620 1135 1678; x_wconf 80' lang='lat' dir='ltr'><strong>vel</strong></span> <span class='ocrx_word' id='word_1_83' title='bbox 1174 1619 1587 1697; x_wconf 75' lang='lat' dir='ltr'><strong>appellativum</strong></span> <span class='ocrx_word' id='word_1_84' title='bbox 1612 1620 1774 1699; x_wconf 85' lang='lat' dir='ltr'><strong>quod</strong></span> <span class='ocrx_word' id='word_1_85' title='bbox 1813 1628 1901 1680; x_wconf 78' lang='lat' dir='ltr'><strong>est</strong></span> <span class='ocrx_word' id='word_1_86' title='bbox 1937 1615 2338 1680; x_wconf 73' lang='lat' dir='ltr'><strong>distinctarum</strong></span> <span class='ocrx_word' id='word_1_87' title='bbox 2379 1620 2698 1697; x_wconf 76' lang='lat' dir='ltr'><strong>specierum</strong></span> <span class='ocrx_word' id='word_1_88' title='bbox 2739 1619 3000 1697; x_wconf 79' lang='lat' dir='ltr'><strong>ejusdem</strong></span> 
     </span>
     <span class='ocr_line' id='line_1_12' title="bbox 600 1697 2996 1778; baseline 0.002 -24"><span class='ocrx_word' id='word_1_89' title='bbox 600 1697 847 1775; x_wconf 87' lang='lat' dir='ltr'><strong>generis,</strong></span> <span class='ocrx_word' id='word_1_90' title='bbox 890 1698 987 1756; x_wconf 85' lang='lat' dir='ltr'><strong>vel</strong></span> <span class='ocrx_word' id='word_1_91' title='bbox 1029 1700 1323 1777; x_wconf 86' lang='lat' dir='ltr'><strong>proprium</strong></span> <span class='ocrx_word' id='word_1_92' title='bbox 1363 1700 1522 1778; x_wconf 87' lang='lat' dir='ltr'><strong>quod</strong></span> <span class='ocrx_word' id='word_1_93' title='bbox 1561 1709 1650 1761; x_wconf 88' lang='lat' dir='ltr'><strong>est</strong></span> <span class='ocrx_word' id='word_1_94' title='bbox 1683 1700 2058 1761; x_wconf 80' lang='lat' dir='ltr'><strong>discretivum</strong></span> <span class='ocrx_word' id='word_1_95' title='bbox 2097 1700 2528 1759; x_wconf 83' lang='lat' dir='ltr'><strong>individuorum</strong></span> <span class='ocrx_word' id='word_1_96' title='bbox 2569 1699 2832 1777; x_wconf 86' lang='lat' dir='ltr'><strong>ejusdem</strong></span> <span class='ocrx_word' id='word_1_97' title='bbox 2870 1720 2996 1777; x_wconf 87' lang='lat' dir='ltr'><strong>spe-</strong></span> 
     </span>
     <span class='ocr_line' id='line_1_13' title="bbox 600 1775 2998 1861; baseline 0.001 -25"><span class='ocrx_word' id='word_1_98' title='bbox 600 1776 747 1854; x_wconf 85' lang='lat' dir='ltr'><strong>ciei;</strong></span> <span class='ocrx_word' id='word_1_99' title='bbox 792 1775 947 1835; x_wconf 88' lang='lat' dir='ltr'><strong>unde</strong></span> <span class='ocrx_word' id='word_1_100' title='bbox 974 1777 1387 1859; x_wconf 83' lang='lat' dir='ltr'><strong>Trismegistus</strong></span> <span class='ocrx_word' id='word_1_101' title='bbox 1418 1777 1599 1859; x_wconf 85' lang='lat' dir='ltr'><strong>(apud</strong></span> <span class='ocrx_word' id='word_1_102' title='bbox 1626 1779 1865 1841; x_wconf 79' lang='lat' dir='ltr'><strong>Lactan.</strong></span> <span class='ocrx_word' id='word_1_103' title='bbox 1903 1780 2006 1842; x_wconf 82' lang='lat' dir='ltr'><strong>lib.</strong></span> <span class='ocrx_word' id='word_1_104' title='bbox 2035 1779 2074 1839; x_wconf 91' lang='lat' dir='ltr'><strong>i.</strong></span> <span class='ocrx_word' id='word_1_105' title='bbox 2105 1800 2155 1839; x_wconf 91' lang='lat' dir='ltr'><strong>c.</strong></span> <span class='ocrx_word' id='word_1_106' title='bbox 2184 1779 2294 1861; x_wconf 85' lang='lat' dir='ltr'><strong>vi.)</strong></span> <span class='ocrx_word' id='word_1_107' title='bbox 2327 1780 2517 1839; x_wconf 89' lang='lat' dir='ltr'><strong>Deum</strong></span> <span class='ocrx_word' id='word_1_108' title='bbox 2557 1776 2700 1843; x_wconf 80' lang='lat' dir='ltr'><strong>dicit</strong></span> <span class='ocrx_word' id='word_1_109' title='bbox 2725 1780 2998 1855; x_wconf 69' lang='grc' dir='ltr'><strong>ὶιόημονε</strong></span> 
     </span>
     <span class='ocr_line' id='line_1_14' title="bbox 600 1856 2998 1937; baseline 0.002 -23"><span class='ocrx_word' id='word_1_110' title='bbox 600 1856 751 1932; x_wconf 80' lang='lat' dir='ltr'><strong>Quia</strong></span> <span class='ocrx_word' id='word_1_111' title='bbox 776 1864 972 1917; x_wconf 86' lang='lat' dir='ltr'><strong>tamen</strong></span> <span class='ocrx_word' id='word_1_112' title='bbox 998 1859 1185 1917; x_wconf 90' lang='lat' dir='ltr'><strong>omnis</strong></span> <span class='ocrx_word' id='word_1_113' title='bbox 1212 1868 1410 1918; x_wconf 83' lang='lat' dir='ltr'><strong>nostra</strong></span> <span class='ocrx_word' id='word_1_114' title='bbox 1436 1860 1692 1937; x_wconf 85' lang='lat' dir='ltr'>cognitio</span> <span class='ocrx_word' id='word_1_115' title='bbox 1720 1858 1922 1937; x_wconf 82' lang='lat' dir='ltr'><strong>incipit</strong></span> <span class='ocrx_word' id='word_1_116' title='bbox 1949 1880 1986 1918; x_wconf 90' lang='lat' dir='ltr'><strong>a</strong></span> <span class='ocrx_word' id='word_1_117' title='bbox 2009 1859 2259 1936; x_wconf 87' lang='lat' dir='ltr'><strong>nomine,</strong></span> <span class='ocrx_word' id='word_1_118' title='bbox 2284 1856 2446 1917; x_wconf 86' lang='lat' dir='ltr'><strong>varia</strong></span> <span class='ocrx_word' id='word_1_119' title='bbox 2473 1858 2622 1918; x_wconf 83' lang='lat' dir='ltr'><strong>solet</strong></span> <span class='ocrx_word' id='word_1_120' title='bbox 2647 1861 2882 1918; x_wconf 90' lang='lat' dir='ltr'><strong>nomina</strong></span> <span class='ocrx_word' id='word_1_121' title='bbox 2907 1880 2998 1919; x_wconf 83' lang='lat' dir='ltr'><strong>as·</strong></span> 
     </span>
     <span class='ocr_line' id='line_1_15' title="bbox 598 1936 2998 2019; baseline -0 -19"><span class='ocrx_word' id='word_1_122' title='bbox 598 1955 824 2000; x_wconf 69' lang='lat' dir='ltr'><strong>sumere</strong></span> <span class='ocrx_word' id='word_1_123' title='bbox 852 1937 914 1995; x_wconf 89' lang='lat' dir='ltr'><strong>in</strong></span> <span class='ocrx_word' id='word_1_124' title='bbox 946 1936 1071 1995; x_wconf 88' lang='lat' dir='ltr'><strong>Scri</strong></span> <span class='ocrx_word' id='word_1_125' title='bbox 1112 1945 1257 2015; x_wconf 84' lang='lat' dir='ltr'><strong>tura,</strong></span> <span class='ocrx_word' id='word_1_126' title='bbox 1287 1946 1353 1999; x_wconf 90' lang='lat' dir='ltr'><strong>ut</strong></span> <span class='ocrx_word' id='word_1_127' title='bbox 1380 1958 1443 1998; x_wconf 87' lang='lat' dir='ltr'><strong>se</strong></span> <span class='ocrx_word' id='word_1_128' title='bbox 1470 1940 1637 1999; x_wconf 87' lang='lat' dir='ltr'><strong>nobis</strong></span> <span class='ocrx_word' id='word_1_129' title='bbox 1667 1938 2077 1999; x_wconf 79' lang='lat' dir='ltr'><strong>accommodet.</strong></span> <span class='ocrx_word' id='word_1_130' title='bbox 2163 1938 2439 2019; x_wconf 71' lang='lat' dir='ltr'><strong>Quaedam</strong></span> <span class='ocrx_word' id='word_1_131' title='bbox 2465 1948 2741 2017; x_wconf 84' lang='lat' dir='ltr'><strong>petuntur</strong></span> <span class='ocrx_word' id='word_1_132' title='bbox 2771 1959 2813 1998; x_wconf 87' lang='lat' dir='ltr'><strong>a</strong></span> <span class='ocrx_word' id='word_1_133' title='bbox 2837 1938 2998 1999; x_wconf 81' lang='lat' dir='ltr'><strong>forti-</strong></span> 
     </span>
     <span class='ocr_line' id='line_1_16' title="bbox 597 2015 2998 2098; baseline 0.001 -22"><span class='ocrx_word' id='word_1_134' title='bbox 597 2015 799 2076; x_wconf 81' lang='lat' dir='ltr'><strong>tudine</strong></span> <span class='ocrx_word' id='word_1_135' title='bbox 826 2025 892 2076; x_wconf 90' lang='lat' dir='ltr'><strong>ut</strong></span> <span class='ocrx_word' id='word_1_136' title='bbox 920 2016 1012 2092; x_wconf 79' lang='lat' dir='ltr'><strong>El,</strong></span> <span class='ocrx_word' id='word_1_137' title='bbox 1098 2016 1312 2095; x_wconf 81' lang='lat' dir='ltr'><strong>lohim3</strong></span> <span class='ocrx_word' id='word_1_138' title='bbox 1356 2018 1621 2096; x_wconf 78' lang='lat' dir='ltr'><strong>quaedam</strong></span> <span class='ocrx_word' id='word_1_139' title='bbox 1648 2020 1723 2078; x_wconf 90' lang='lat' dir='ltr'><strong>ab</strong></span> <span class='ocrx_word' id='word_1_140' title='bbox 1752 2017 2168 2098; x_wconf 85' lang='lat' dir='ltr'><strong>omnipotentia</strong></span> <span class='ocrx_word' id='word_1_141' title='bbox 2194 2026 2254 2078; x_wconf 89' lang='lat' dir='ltr'><strong>et</strong></span> <span class='ocrx_word' id='word_1_142' title='bbox 2295 2018 2651 2095; x_wconf 85' lang='lat' dir='ltr'><strong>sufficientia,</strong></span> <span class='ocrx_word' id='word_1_143' title='bbox 2681 2026 2748 2078; x_wconf 90' lang='lat' dir='ltr'><strong>ut</strong></span> <span class='ocrx_word' id='word_1_144' title='bbox 2780 2018 2998 2079; x_wconf 81' lang='lat' dir='ltr'><strong>Schad-</strong></span> 
     </span>
     <span class='ocr_line' id='line_1_17' title="bbox 596 2095 2996 2177; baseline 0.002 -23"><span class='ocrx_word' id='word_1_145' title='bbox 596 2095 729 2173; x_wconf 78' lang='lat' dir='ltr'><strong>dai3</strong></span> <span class='ocrx_word' id='word_1_146' title='bbox 772 2096 1037 2173; x_wconf 70' lang='lat' dir='ltr'><strong>quaedam</strong></span> <span class='ocrx_word' id='word_1_147' title='bbox 1078 2098 1153 2157; x_wconf 88' lang='lat' dir='ltr'><strong>ab</strong></span> <span class='ocrx_word' id='word_1_148' title='bbox 1182 2098 1518 2159; x_wconf 80' lang='lat' dir='ltr'><strong>excelsitate</strong></span> <span class='ocrx_word' id='word_1_149' title='bbox 1558 2109 1625 2160; x_wconf 91' lang='lat' dir='ltr'><strong>ut</strong></span> <span class='ocrx_word' id='word_1_150' title='bbox 1667 2099 1878 2177; x_wconf 87' lang='lat' dir='ltr'><strong>Elion;</strong></span> <span class='ocrx_word' id='word_1_151' title='bbox 1936 2098 2201 2177; x_wconf 68' lang='lat' dir='ltr'><strong>quaedam</strong></span> <span class='ocrx_word' id='word_1_152' title='bbox 2241 2118 2278 2157; x_wconf 86' lang='lat' dir='ltr'><strong>a</strong></span> <span class='ocrx_word' id='word_1_153' title='bbox 2316 2098 2590 2173; x_wconf 86' lang='lat' dir='ltr'><strong>dominic,</strong></span> <span class='ocrx_word' id='word_1_154' title='bbox 2633 2106 2700 2159; x_wconf 87' lang='lat' dir='ltr'><strong>ut</strong></span> <span class='ocrx_word' id='word_1_155' title='bbox 2727 2098 2996 2175; x_wconf 75' lang='lat' dir='ltr'><strong>Adonai3</strong></span> 
     </span>
     <span class='ocr_line' id='line_1_18' title="bbox 596 2174 2997 2258; baseline 0.001 -23"><span class='ocrx_word' id='word_1_156' title='bbox 596 2174 703 2235; x_wconf 84' lang='lat' dir='ltr'><strong>sed</strong></span> <span class='ocrx_word' id='word_1_157' title='bbox 730 2177 983 2235; x_wconf 90' lang='lat' dir='ltr'><strong>omnium</strong></span> <span class='ocrx_word' id='word_1_158' title='bbox 1012 2177 1261 2255; x_wconf 88' lang='lat' dir='ltr'><strong>primum</strong></span> <span class='ocrx_word' id='word_1_159' title='bbox 1304 2188 1363 2239; x_wconf 89' lang='lat' dir='ltr'><strong>et</strong></span> <span class='ocrx_word' id='word_1_160' title='bbox 1388 2180 1744 2258; x_wconf 80' lang='lat' dir='ltr'><strong>praecipuum</strong></span> <span class='ocrx_word' id='word_1_161' title='bbox 1770 2187 1863 2239; x_wconf 87' lang='lat' dir='ltr'><strong>est</strong></span> <span class='ocrx_word' id='word_1_162' title='bbox 1902 2179 1946 2240; x_wconf 84' lang='lat' dir='ltr'><strong>J</strong></span> <span class='ocrx_word' id='word_1_163' title='bbox 1949 2180 2153 2255; x_wconf 69' lang='lat' dir='ltr'><strong>ehova„</strong></span> <span class='ocrx_word' id='word_1_164' title='bbox 2185 2178 2342 2256; x_wconf 89' lang='lat' dir='ltr'><strong>quod</strong></span> <span class='ocrx_word' id='word_1_165' title='bbox 2382 2177 2457 2240; x_wconf 90' lang='lat' dir='ltr'><strong>ab</strong></span> <span class='ocrx_word' id='word_1_166' title='bbox 2485 2178 2730 2239; x_wconf 84' lang='lat' dir='ltr'><strong>essendo</strong></span> <span class='ocrx_word' id='word_1_167' title='bbox 2757 2179 2855 2239; x_wconf 84' lang='lat' dir='ltr'><strong>vel</strong></span> <span class='ocrx_word' id='word_1_168' title='bbox 2895 2199 2997 2239; x_wconf 85' lang='lat' dir='ltr'><strong>ex-</strong></span> 
     </span>
     <span class='ocr_line' id='line_1_19' title="bbox 595 2255 1173 2318; baseline 0.009 -5"><span class='ocrx_word' id='word_1_169' title='bbox 595 2255 823 2315; x_wconf 85' lang='lat' dir='ltr'><strong>istendo</strong></span> <span class='ocrx_word' id='word_1_170' title='bbox 850 2256 1173 2318; x_wconf 83' lang='lat' dir='ltr'><strong>deducitur.</strong></span> 
     </span>
    </p>

    <p class='ocr_par' dir='ltr' id='par_1_7' title="bbox 792 2330 3002 2416">
     <span class='ocr_line' id='line_1_20' title="bbox 792 2330 3002 2416; baseline 0.001 -21"><span class='ocrx_word' id='word_1_171' title='bbox 792 2413 795 2415; x_wconf 11' lang='lat' dir='ltr'>v</span> <span class='ocrx_word' id='word_1_172' title='bbox 1161 2338 1248 2397; x_wconf 93' lang='grc' dir='ltr'><strong>ΙΙ.</strong></span> <span class='ocrx_word' id='word_1_173' title='bbox 1280 2338 1370 2398; x_wconf 89' lang='lat' dir='ltr'><strong>De</strong></span> <span class='ocrx_word' id='word_1_174' title='bbox 1397 2339 1509 2398; x_wconf 88' lang='lat' dir='ltr'><strong>hoc</strong></span> <span class='ocrx_word' id='word_1_175' title='bbox 1536 2338 1768 2398; x_wconf 84' lang='lat' dir='ltr'><strong>nomine</strong></span> <span class='ocrx_word' id='word_1_176' title='bbox 1795 2338 1926 2398; x_wconf 69' lang='lat' dir='ltr'><strong>duwe</strong></span> <span class='ocrx_word' id='word_1_177' title='bbox 1953 2336 2257 2416; x_wconf 60' lang='lat' dir='ltr'><strong>praecipue</strong></span> <span class='ocrx_word' id='word_1_178' title='bbox 2283 2344 2420 2396; x_wconf 82' lang='lat' dir='ltr'><strong>sunt</strong></span> <span class='ocrx_word' id='word_1_179' title='bbox 2435 2330 2824 2414; x_wconf 67' lang='lat' dir='ltr'><strong>quaestiones:</strong></span> <span class='ocrx_word' id='word_1_180' title='bbox 2858 2335 3002 2397; x_wconf 83' lang='lat' dir='ltr'><strong>Alia</strong></span> 
     </span>
    </p>

    <p class='ocr_par' dir='ltr' id='par_1_8' title="bbox 654 2400 2997 2506">
     <span class='ocr_line' id='line_1_21' title="bbox 654 2400 2997 2506; baseline -0 -29"><span class='ocrx_word' id='word_1_181' title='bbox 654 2400 1018 2506; x_wconf 47' lang='lat' dir='ltr'><strong>snffignssm</strong></span> <span class='ocrx_word' id='word_1_182' title='bbox 1119 2418 1568 2495; x_wconf 80' lang='lat' dir='ltr'><strong>grammaticalis</strong></span> <span class='ocrx_word' id='word_1_183' title='bbox 1584 2418 1659 2478; x_wconf 88' lang='lat' dir='ltr'><strong>de</strong></span> <span class='ocrx_word' id='word_1_184' title='bbox 1687 2418 1814 2496; x_wconf 86' lang='lat' dir='ltr'><strong>ejus</strong></span> <span class='ocrx_word' id='word_1_185' title='bbox 1821 2417 2293 2495; x_wconf 64' lang='lat' dir='ltr'><strong>pronunciatione</strong></span> <span class='ocrx_word' id='word_1_186' title='bbox 2312 2440 2336 2490; x_wconf 82' lang='lat'><strong>,-</strong></span> <span class='ocrx_word' id='word_1_187' title='bbox 2365 2416 2466 2475; x_wconf 82' lang='lat' dir='ltr'><strong>An</strong></span> <span class='ocrx_word' id='word_1_188' title='bbox 2481 2418 2847 2495; x_wconf 67' lang='lat' dir='ltr'><strong>pronunciari</strong></span> <span class='ocrx_word' id='word_1_189' title='bbox 2861 2434 2997 2495; x_wconf 77' lang='lat' dir='ltr'><strong>pos-</strong></span> 
     </span>
    </p>

    <p class='ocr_par' dir='ltr' id='par_1_9' title="bbox 906 2490 2996 2575">
     <span class='ocr_line' id='line_1_22' title="bbox 906 2490 2996 2575; baseline 0 -19"><span class='ocrx_word' id='word_1_190' title='bbox 906 2490 919 2504; x_wconf 82' lang='grc'><strong><em>’</em></strong></span> <span class='ocrx_word' id='word_1_191' title='bbox 1119 2498 1211 2573; x_wconf 85' lang='lat' dir='ltr'><strong>sit,</strong></span> <span class='ocrx_word' id='word_1_192' title='bbox 1242 2505 1303 2556; x_wconf 83' lang='lat' dir='ltr'><strong>et</strong></span> <span class='ocrx_word' id='word_1_193' title='bbox 1328 2513 1593 2574; x_wconf 60' lang='lat' dir='ltr'><strong>quaenam</strong></span> <span class='ocrx_word' id='word_1_194' title='bbox 1620 2516 1762 2556; x_wconf 80' lang='lat' dir='ltr'><strong>vera</strong></span> <span class='ocrx_word' id='word_1_195' title='bbox 1789 2498 1866 2558; x_wconf 80' lang='lat' dir='ltr'><strong>sit</strong></span> <span class='ocrx_word' id='word_1_196' title='bbox 1891 2505 1950 2556; x_wconf 85' lang='lat' dir='ltr'><strong>et</strong></span> <span class='ocrx_word' id='word_1_197' title='bbox 1971 2498 2222 2574; x_wconf 82' lang='lat' dir='ltr'><strong>genuina</strong></span> <span class='ocrx_word' id='word_1_198' title='bbox 2248 2498 2377 2574; x_wconf 85' lang='lat' dir='ltr'><strong>ejus</strong></span> <span class='ocrx_word' id='word_1_199' title='bbox 2395 2496 2814 2575; x_wconf 82' lang='lat' dir='ltr'><strong>pronunciandi</strong></span> <span class='ocrx_word' id='word_1_200' title='bbox 2829 2498 2996 2575; x_wconf 79' lang='lat' dir='ltr'><strong>ratic,</strong></span> 
     </span>
    </p>

    <p class='ocr_par' dir='ltr' id='par_1_10' title="bbox 596 2568 3000 2658">
     <span class='ocr_line' id='line_1_23' title="bbox 596 2568 3000 2658; baseline -0.001 -20"><span class='ocrx_word' id='word_1_201' title='bbox 596 2577 698 2638; x_wconf 90' lang='lat' dir='ltr'><strong>An</strong></span> <span class='ocrx_word' id='word_1_202' title='bbox 723 2597 829 2656; x_wconf 88' lang='lat' dir='ltr'><strong>per</strong></span> <span class='ocrx_word' id='word_1_203' title='bbox 854 2577 897 2638; x_wconf 89' lang='lat' dir='ltr'><strong>J</strong></span> <span class='ocrx_word' id='word_1_204' title='bbox 900 2578 1145 2654; x_wconf 77' lang='lat' dir='ltr'><strong>ehovah,</strong></span> <span class='ocrx_word' id='word_1_205' title='bbox 1179 2576 1279 2640; x_wconf 84' lang='lat' dir='ltr'><strong>An</strong></span> <span class='ocrx_word' id='word_1_206' title='bbox 1304 2596 1412 2658; x_wconf 86' lang='lat' dir='ltr'><strong>per</strong></span> <span class='ocrx_word' id='word_1_207' title='bbox 1436 2576 1707 2636; x_wconf 86' lang='lat' dir='ltr'><strong>Adonai:</strong></span> <span class='ocrx_word' id='word_1_208' title='bbox 1751 2576 1893 2636; x_wconf 83' lang='lat' dir='ltr'><strong>Alia</strong></span> <span class='ocrx_word' id='word_1_209' title='bbox 1919 2568 2274 2655; x_wconf 71' lang='lat' dir='ltr'><strong>&#39;Pheologica</strong></span> <span class='ocrx_word' id='word_1_210' title='bbox 2297 2577 2374 2636; x_wconf 84' lang='lat' dir='ltr'><strong>de</strong></span> <span class='ocrx_word' id='word_1_211' title='bbox 2410 2570 2541 2656; x_wconf 79' lang='lat' dir='ltr'><strong>ejus</strong></span> <span class='ocrx_word' id='word_1_212' title='bbox 2566 2596 2674 2636; x_wconf 72' lang='lat' dir='ltr'><strong>usu</strong></span> <span class='ocrx_word' id='word_1_213' title='bbox 2691 2600 2717 2651; x_wconf 73' lang='lat'><em>5</em></span> <span class='ocrx_word' id='word_1_214' title='bbox 2759 2573 2859 2638; x_wconf 75' lang='lat' dir='ltr'><strong>An</strong></span> <span class='ocrx_word' id='word_1_215' title='bbox 2887 2575 3000 2636; x_wconf 81' lang='lat' dir='ltr'><strong>soli</strong></span> 
     </span>
    </p>

    <p class='ocr_par' dir='ltr' id='par_1_11' title="bbox 593 2657 3000 2816">
     <span class='ocr_line' id='line_1_24' title="bbox 598 2657 3000 2736; baseline 0 -20"><span class='ocrx_word' id='word_1_216' title='bbox 598 2657 726 2717; x_wconf 91' lang='lat' dir='ltr'><strong>Deo</strong></span> <span class='ocrx_word' id='word_1_217' title='bbox 756 2658 832 2717; x_wconf 89' lang='lat' dir='ltr'><strong>sit</strong></span> <span class='ocrx_word' id='word_1_218' title='bbox 856 2657 1167 2736; x_wconf 86' lang='lat' dir='ltr'><strong>proprium,</strong></span> <span class='ocrx_word' id='word_1_219' title='bbox 1200 2658 1300 2715; x_wconf 91' lang='lat' dir='ltr'><strong>An</strong></span> <span class='ocrx_word' id='word_1_220' title='bbox 1333 2677 1473 2716; x_wconf 83' lang='lat' dir='ltr'><strong>vero</strong></span> <span class='ocrx_word' id='word_1_221' title='bbox 1502 2658 1676 2716; x_wconf 82' lang='lat' dir='ltr'><strong>etiam</strong></span> <span class='ocrx_word' id='word_1_222' title='bbox 1704 2658 1980 2717; x_wconf 76' lang='lat' dir='ltr'><strong>creaturis</strong></span> <span class='ocrx_word' id='word_1_223' title='bbox 2022 2676 2323 2717; x_wconf 82' lang='lat' dir='ltr'><strong>commu-ne</strong></span> <span class='ocrx_word' id='word_1_224' title='bbox 2365 2658 2476 2721; x_wconf 70' lang='lat' dir='ltr'><strong>sit:</strong></span> <span class='ocrx_word' id='word_1_225' title='bbox 2547 2657 2670 2716; x_wconf 84' lang='lat' dir='ltr'><strong>Nos</strong></span> <span class='ocrx_word' id='word_1_226' title='bbox 2695 2658 2792 2718; x_wconf 87' lang='lat' dir='ltr'><strong>hic</strong></span> <span class='ocrx_word' id='word_1_227' title='bbox 2819 2658 3000 2722; x_wconf 66' lang='lat' dir='ltr'><strong>missa</strong></span> 
     </span>
     <span class='ocr_line' id='line_1_25' title="bbox 593 2734 2954 2816; baseline 0 -20"><span class='ocrx_word' id='word_1_228' title='bbox 593 2737 782 2816; x_wconf 80' lang='lat' dir='ltr'><strong>prima</strong></span> <span class='ocrx_word' id='word_1_229' title='bbox 807 2738 1108 2815; x_wconf 75' lang='lat' dir='ltr'><strong>questione</strong></span> <span class='ocrx_word' id='word_1_230' title='bbox 1134 2757 1310 2814; x_wconf 87' lang='lat' dir='ltr'><strong>quam</strong></span> <span class='ocrx_word' id='word_1_231' title='bbox 1336 2737 1567 2796; x_wconf 83' lang='lat' dir='ltr'><strong>Cri-ticis</strong></span> <span class='ocrx_word' id='word_1_232' title='bbox 1592 2737 1987 2814; x_wconf 82' lang='lat' dir='ltr'><strong>relinquimus,</strong></span> <span class='ocrx_word' id='word_1_233' title='bbox 2017 2737 2090 2796; x_wconf 87' lang='lat' dir='ltr'><strong>de</strong></span> <span class='ocrx_word' id='word_1_234' title='bbox 2117 2737 2422 2814; x_wconf 79' lang='lat' dir='ltr'><strong>posteriori</strong></span> <span class='ocrx_word' id='word_1_235' title='bbox 2453 2746 2680 2796; x_wconf 79' lang='lat' dir='ltr'><strong>tantum</strong></span> <span class='ocrx_word' id='word_1_236' title='bbox 2707 2734 2954 2815; x_wconf 79' lang='lat' dir='ltr'><strong>agimus.</strong></span> 
     </span>
    </p>

    <p class='ocr_par' dir='ltr' id='par_1_12' title="bbox 588 2816 3000 4094">
     <span class='ocr_line' id='line_1_26' title="bbox 678 2816 2996 2896; baseline 0.002 -20"><span class='ocrx_word' id='word_1_237' title='bbox 678 2817 799 2876; x_wconf 93' lang='grc' dir='ltr'><strong>ΙΙΙ.</strong></span> <span class='ocrx_word' id='word_1_238' title='bbox 844 2817 1100 2892; x_wconf 70' lang='lat' dir='ltr'><strong>Quaestio</strong></span> <span class='ocrx_word' id='word_1_239' title='bbox 1126 2816 1253 2875; x_wconf 82' lang='lat' dir='ltr'><strong>haec</strong></span> <span class='ocrx_word' id='word_1_240' title='bbox 1278 2817 1448 2876; x_wconf 83' lang='lat' dir='ltr'><strong>nobis</strong></span> <span class='ocrx_word' id='word_1_241' title='bbox 1488 2817 1795 2876; x_wconf 81' lang='lat' dir='ltr'><strong>intercedit</strong></span> <span class='ocrx_word' id='word_1_242' title='bbox 1819 2835 1952 2876; x_wconf 88' lang='lat' dir='ltr'><strong>cum</strong></span> <span class='ocrx_word' id='word_1_243' title='bbox 1985 2817 2324 2896; x_wconf 75' lang='lat' dir='ltr'><strong>Sociniani5‚</strong></span> <span class='ocrx_word' id='word_1_244' title='bbox 2357 2817 2458 2894; x_wconf 79' lang='lat' dir='ltr'><strong>qui</strong></span> <span class='ocrx_word' id='word_1_245' title='bbox 2487 2827 2556 2876; x_wconf 89' lang='lat' dir='ltr'><strong>ut</strong></span> <span class='ocrx_word' id='word_1_246' title='bbox 2592 2826 2996 2896; x_wconf 70' lang='lat' dir='ltr'><strong>argumentum</strong></span> 
     </span>
     <span class='ocr_line' id='line_1_27' title="bbox 596 2895 2998 3039; baseline 0 -83"><span class='ocrx_word' id='word_1_247' title='bbox 596 2897 808 3034; x_wconf 50' lang='lat' dir='ltr'><strong>qlqun</strong></span> <span class='ocrx_word' id='word_1_248' title='bbox 779 2905 975 2974; x_wconf 85' lang='lat' dir='ltr'><strong>petere</strong></span> <span class='ocrx_word' id='word_1_249' title='bbox 980 2895 1269 3036; x_wconf 48' lang='lat' dir='ltr'><strong>reglgmu?</strong></span> <span class='ocrx_word' id='word_1_250' title='bbox 1309 2896 1386 2954; x_wconf 87' lang='lat' dir='ltr'><strong>ad</strong></span> <span class='ocrx_word' id='word_1_251' title='bbox 1420 2896 1802 3036; x_wconf 59' lang='lat' dir='ltr'><strong>Divilpitatgm</strong></span> <span class='ocrx_word' id='word_1_252' title='bbox 1833 2897 2047 3039; x_wconf 48' lang='grc' dir='ltr'><strong>Οτιὶιιὲἰέτί</strong></span> <span class='ocrx_word' id='word_1_253' title='bbox 2087 2896 2456 2992; x_wconf 66' lang='lat' dir='ltr'><strong>asserendam</strong></span> <span class='ocrx_word' id='word_1_254' title='bbox 2497 2916 2573 2955; x_wconf 84' lang='lat' dir='ltr'><strong>ex</strong></span> <span class='ocrx_word' id='word_1_255' title='bbox 2613 2898 2725 2956; x_wconf 88' lang='lat' dir='ltr'><strong>hoc</strong></span> <span class='ocrx_word' id='word_1_256' title='bbox 2739 2899 2998 3036; x_wconf 43' lang='lat' dir='ltr'><strong>⁸nol-nint}</strong></span> 
     </span>
     <span class='ocr_line' id='line_1_28' title="bbox 594 2993 2970 3038; baseline 0.001 -3"><span class='ocrx_word' id='word_1_257' title='bbox 594 2996 629 3035; x_wconf 88' lang='lat' dir='ltr'><strong>e</strong></span> <span class='ocrx_word' id='word_1_258' title='bbox 653 2997 693 3036; x_wconf 90' lang='lat' dir='ltr'><strong>u</strong></span> <span class='ocrx_word' id='word_1_259' title='bbox 1068 2995 1111 3034; x_wconf 90' lang='lat' dir='ltr'><strong>n</strong></span> <span class='ocrx_word' id='word_1_260' title='bbox 1150 2995 1230 3034; x_wconf 88' lang='lat' dir='ltr'><strong>un</strong></span> <span class='ocrx_word' id='word_1_261' title='bbox 1295 2996 1505 3035; x_wconf 85' lang='lat' dir='ltr'><strong>nomen</strong></span> <span class='ocrx_word' id='word_1_262' title='bbox 1588 2997 1658 3035; x_wconf 87' lang='lat' dir='ltr'><strong>oc</strong></span> <span class='ocrx_word' id='word_1_263' title='bbox 1747 2997 1845 3036; x_wconf 88' lang='lat' dir='ltr'><strong>rea</strong></span> <span class='ocrx_word' id='word_1_264' title='bbox 2036 2996 2214 3036; x_wconf 79' lang='lat' dir='ltr'><strong>varus</strong></span> <span class='ocrx_word' id='word_1_265' title='bbox 2295 2995 2425 3038; x_wconf 85' lang='lat' dir='ltr'><strong>osse</strong></span> <span class='ocrx_word' id='word_1_266' title='bbox 2467 2993 2756 3036; x_wconf 84' lang='lat' dir='ltr'><strong>commum</strong></span> <span class='ocrx_word' id='word_1_267' title='bbox 2937 2997 2970 3037; x_wconf 91' lang='lat' dir='ltr'><strong>e</strong></span> 
     </span>
     <span class='ocr_line' id='line_1_29' title="bbox 596 2985 2996 3136; baseline -0 -21"><span class='ocrx_word' id='word_1_268' title='bbox 596 3055 781 3115; x_wconf 85' lang='lat' dir='ltr'><strong>solere</strong></span> <span class='ocrx_word' id='word_1_269' title='bbox 808 2985 987 3116; x_wconf 55' lang='grc' dir='ltr'><strong>ἓὶὓριιθὶ</strong></span> <span class='ocrx_word' id='word_1_270' title='bbox 1012 3056 1073 3114; x_wconf 89' lang='lat' dir='ltr'><strong>in</strong></span> <span class='ocrx_word' id='word_1_271' title='bbox 1106 3055 1401 3133; x_wconf 81' lang='lat' dir='ltr'><strong>Scriptura</strong></span> <span class='ocrx_word' id='word_1_272' title='bbox 1427 3055 1678 3132; x_wconf 80' lang='lat' dir='ltr'><strong>Angelis</strong></span> <span class='ocrx_word' id='word_1_273' title='bbox 1705 3064 1764 3116; x_wconf 91' lang='lat' dir='ltr'><strong>et</strong></span> <span class='ocrx_word' id='word_1_274' title='bbox 1791 3057 2024 3116; x_wconf 82' lang='lat' dir='ltr'><strong>Christo</strong></span> <span class='ocrx_word' id='word_1_275' title='bbox 2063 3074 2180 3135; x_wconf 84' lang='lat' dir='ltr'><strong>qua</strong></span> <span class='ocrx_word' id='word_1_276' title='bbox 2207 2995 2446 3134; x_wconf 51' lang='lat' dir='ltr'><strong>Iggatis</strong></span> <span class='ocrx_word' id='word_1_277' title='bbox 2476 3057 2588 3116; x_wconf 88' lang='lat' dir='ltr'><strong>Dei</strong></span> <span class='ocrx_word' id='word_1_278' title='bbox 2611 3079 2627 3134; x_wconf 69' lang='grc' dir='ltr'><strong><em>ς</em></strong></span> <span class='ocrx_word' id='word_1_279' title='bbox 2671 2997 2996 3136; x_wconf 50' lang='lat' dir='ltr'><strong>suffien-</strong></span> 
     </span>
     <span class='ocr_line' id='line_1_30' title="bbox 594 3135 2994 3214; baseline 0.001 -19"><span class='ocrx_word' id='word_1_280' title='bbox 594 3142 687 3195; x_wconf 88' lang='lat' dir='ltr'><strong>tes</strong></span> <span class='ocrx_word' id='word_1_281' title='bbox 714 3155 818 3213; x_wconf 90' lang='lat' dir='ltr'><strong>pro</strong></span> <span class='ocrx_word' id='word_1_282' title='bbox 846 3136 1049 3214; x_wconf 83' lang='lat' dir='ltr'><strong>regula</strong></span> <span class='ocrx_word' id='word_1_283' title='bbox 1074 3135 1413 3195; x_wconf 71' lang='lat' dir='ltr'><strong>indubitatas</strong></span> <span class='ocrx_word' id='word_1_284' title='bbox 1434 3135 1698 3196; x_wconf 81' lang='lat' dir='ltr'><strong>veritatis</strong></span> <span class='ocrx_word' id='word_1_285' title='bbox 1719 3139 1997 3214; x_wconf 74' lang='lat' dir='ltr'><strong>Leyatum</strong></span> <span class='ocrx_word' id='word_1_286' title='bbox 2013 3157 2183 3214; x_wconf 66' lang='lat' dir='ltr'><strong>posse</strong></span> <span class='ocrx_word' id='word_1_287' title='bbox 2205 3155 2408 3197; x_wconf 73' lang='lat' dir='ltr'><strong>nomen</strong></span> <span class='ocrx_word' id='word_1_288' title='bbox 2435 3145 2490 3196; x_wconf 75' lang='lat' dir='ltr'><strong>et</strong></span> <span class='ocrx_word' id='word_1_289' title='bbox 2511 3154 2820 3213; x_wconf 72' lang='lat' dir='ltr'><strong>personam</strong></span> <span class='ocrx_word' id='word_1_290' title='bbox 2845 3139 2994 3198; x_wconf 62' lang='lat' dir='ltr'><strong>cbk-</strong></span> 
     </span>
     <span class='ocr_line' id='line_1_31' title="bbox 590 3215 2993 3294; baseline 0.001 -20"><span class='ocrx_word' id='word_1_291' title='bbox 590 3217 781 3292; x_wconf 61' lang='lat' dir='ltr'><strong>gantis</strong></span> <span class='ocrx_word' id='word_1_292' title='bbox 802 3233 1001 3292; x_wconf 71' lang='lat' dir='ltr'><strong>yerere</strong></span> <span class='ocrx_word' id='word_1_293' title='bbox 1020 3239 1041 3276; x_wconf 68' lang='grc' dir='ltr'><strong><em>ε</em></strong></span> <span class='ocrx_word' id='word_1_294' title='bbox 1083 3216 1409 3275; x_wconf 85' lang='lat' dir='ltr'><strong>Discrimen</strong></span> <span class='ocrx_word' id='word_1_295' title='bbox 1436 3224 1629 3276; x_wconf 86' lang='lat' dir='ltr'><strong>tamen</strong></span> <span class='ocrx_word' id='word_1_296' title='bbox 1671 3215 1907 3294; x_wconf 82' lang='lat' dir='ltr'><strong>aliquod</strong></span> <span class='ocrx_word' id='word_1_297' title='bbox 1947 3224 2226 3292; x_wconf 80' lang='lat' dir='ltr'><strong>statuunt,</strong></span> <span class='ocrx_word' id='word_1_298' title='bbox 2256 3217 2526 3276; x_wconf 85' lang='lat' dir='ltr'><strong>nimirum</strong></span> <span class='ocrx_word' id='word_1_299' title='bbox 2568 3217 2618 3275; x_wconf 78' lang='lat' dir='ltr'><strong>ei</strong></span> <span class='ocrx_word' id='word_1_300' title='bbox 2651 3231 2862 3276; x_wconf 83' lang='lat' dir='ltr'><strong>nomen</strong></span> <span class='ocrx_word' id='word_1_301' title='bbox 2889 3217 2934 3277; x_wconf 89' lang='lat' dir='ltr'><strong>J</strong></span> <span class='ocrx_word' id='word_1_302' title='bbox 2935 3237 2993 3277; x_wconf 88' lang='lat' dir='ltr'><strong>c·</strong></span> 
     </span>
     <span class='ocr_line' id='line_1_32' title="bbox 595 3295 2995 3376; baseline 0.001 -22"><span class='ocrx_word' id='word_1_303' title='bbox 595 3295 751 3355; x_wconf 63' lang='lat' dir='ltr'><strong>hova</strong></span> <span class='ocrx_word' id='word_1_304' title='bbox 776 3305 1023 3374; x_wconf 83' lang='lat' dir='ltr'><strong>ponatur</strong></span> <span class='ocrx_word' id='word_1_305' title='bbox 1049 3315 1183 3354; x_wconf 88' lang='lat' dir='ltr'><strong>cum</strong></span> <span class='ocrx_word' id='word_1_306' title='bbox 1210 3295 1533 3374; x_wconf 84' lang='lat' dir='ltr'><strong>adjectione</strong></span> <span class='ocrx_word' id='word_1_307' title='bbox 1560 3297 1725 3356; x_wconf 79' lang='lat' dir='ltr'><strong>vocis</strong></span> <span class='ocrx_word' id='word_1_308' title='bbox 1768 3297 2045 3373; x_wconf 78' lang='lat' dir='ltr'><strong>zebaoth,</strong></span> <span class='ocrx_word' id='word_1_309' title='bbox 2079 3297 2189 3355; x_wconf 84' lang='lat' dir='ltr'><strong>soli</strong></span> <span class='ocrx_word' id='word_1_310' title='bbox 2217 3297 2346 3356; x_wconf 89' lang='lat' dir='ltr'><strong>Deo</strong></span> <span class='ocrx_word' id='word_1_311' title='bbox 2371 3296 2668 3376; x_wconf 78' lang='lat' dir='ltr'><strong>proprium</strong></span> <span class='ocrx_word' id='word_1_312' title='bbox 2693 3315 2859 3375; x_wconf 84' lang='lat' dir='ltr'><strong>esse;</strong></span> <span class='ocrx_word' id='word_1_313' title='bbox 2903 3297 2995 3356; x_wconf 81' lang='lat' dir='ltr'><strong>sin</strong></span> 
     </span>
     <span class='ocr_line' id='line_1_33' title="bbox 594 3372 3000 3453; baseline 0.001 -19"><span class='ocrx_word' id='word_1_314' title='bbox 594 3384 788 3436; x_wconf 85' lang='lat' dir='ltr'><strong>autem</strong></span> <span class='ocrx_word' id='word_1_315' title='bbox 815 3377 1032 3453; x_wconf 88' lang='lat' dir='ltr'><strong>absque</strong></span> <span class='ocrx_word' id='word_1_316' title='bbox 1060 3396 1130 3435; x_wconf 89' lang='lat' dir='ltr'><strong>ea</strong></span> <span class='ocrx_word' id='word_1_317' title='bbox 1156 3377 1329 3435; x_wconf 87' lang='lat' dir='ltr'><strong>etiam</strong></span> <span class='ocrx_word' id='word_1_318' title='bbox 1359 3377 1649 3436; x_wconf 82' lang='lat' dir='ltr'><strong>Creaturis</strong></span> <span class='ocrx_word' id='word_1_319' title='bbox 1677 3392 1979 3436; x_wconf 83' lang='lat' dir='ltr'><strong>commune</strong></span> <span class='ocrx_word' id='word_1_320' title='bbox 2007 3395 2154 3435; x_wconf 85' lang='lat' dir='ltr'><strong>esse.</strong></span> <span class='ocrx_word' id='word_1_321' title='bbox 2224 3372 2348 3435; x_wconf 85' lang='lat' dir='ltr'><strong>Nos</strong></span> <span class='ocrx_word' id='word_1_322' title='bbox 2373 3391 2514 3435; x_wconf 78' lang='lat' dir='ltr'><strong>vero</strong></span> <span class='ocrx_word' id='word_1_323' title='bbox 2541 3393 2752 3436; x_wconf 85' lang='lat' dir='ltr'><strong>nomen</strong></span> <span class='ocrx_word' id='word_1_324' title='bbox 2777 3378 2889 3436; x_wconf 90' lang='lat' dir='ltr'><strong>hoc</strong></span> <span class='ocrx_word' id='word_1_325' title='bbox 2915 3378 3000 3437; x_wconf 79' lang='lat' dir='ltr'><strong>ita</strong></span> 
     </span>
     <span class='ocr_line' id='line_1_34' title="bbox 592 3455 2995 3534; baseline 0 -19"><span class='ocrx_word' id='word_1_326' title='bbox 592 3457 887 3534; x_wconf 83' lang='lat' dir='ltr'><strong>proprium</strong></span> <span class='ocrx_word' id='word_1_327' title='bbox 916 3475 1041 3516; x_wconf 86' lang='lat' dir='ltr'><strong>esse</strong></span> <span class='ocrx_word' id='word_1_328' title='bbox 1073 3457 1200 3515; x_wconf 88' lang='lat' dir='ltr'><strong>Deo</strong></span> <span class='ocrx_word' id='word_1_329' title='bbox 1228 3455 1489 3534; x_wconf 85' lang='lat' dir='ltr'><strong>dicimus,</strong></span> <span class='ocrx_word' id='word_1_330' title='bbox 1520 3466 1587 3516; x_wconf 88' lang='lat' dir='ltr'><strong>ut</strong></span> <span class='ocrx_word' id='word_1_331' title='bbox 1614 3456 1907 3516; x_wconf 78' lang='lat' dir='ltr'><strong>creaturis</strong></span> <span class='ocrx_word' id='word_1_332' title='bbox 1933 3456 2105 3534; x_wconf 88' lang='lat' dir='ltr'><strong>plane</strong></span> <span class='ocrx_word' id='word_1_333' title='bbox 2133 3455 2210 3514; x_wconf 75' lang='lat' dir='ltr'><strong>sit</strong></span> <span class='ocrx_word' id='word_1_334' title='bbox 2235 3455 2790 3517; x_wconf 81' lang='lat' dir='ltr'><strong>incommunicabile.</strong></span> <span class='ocrx_word' id='word_1_335' title='bbox 2874 3457 2995 3516; x_wconf 83' lang='lat' dir='ltr'><strong>Ve-</strong></span> 
     </span>
     <span class='ocr_line' id='line_1_35' title="bbox 592 3531 2996 3614; baseline 0 -18"><span class='ocrx_word' id='word_1_336' title='bbox 592 3555 721 3596; x_wconf 80' lang='lat' dir='ltr'><strong>rum</strong></span> <span class='ocrx_word' id='word_1_337' title='bbox 750 3544 840 3596; x_wconf 89' lang='lat' dir='ltr'><strong>est</strong></span> <span class='ocrx_word' id='word_1_338' title='bbox 865 3537 993 3596; x_wconf 85' lang='lat' dir='ltr'><strong>dari</strong></span> <span class='ocrx_word' id='word_1_339' title='bbox 1033 3538 1206 3596; x_wconf 83' lang='lat' dir='ltr'><strong>etiam</strong></span> <span class='ocrx_word' id='word_1_340' title='bbox 1238 3536 1393 3596; x_wconf 90' lang='lat' dir='ltr'><strong>inter</strong></span> <span class='ocrx_word' id='word_1_341' title='bbox 1430 3537 1589 3614; x_wconf 81' lang='lat' dir='ltr'><strong>ipsos</strong></span> <span class='ocrx_word' id='word_1_342' title='bbox 1630 3536 2004 3597; x_wconf 80' lang='lat' dir='ltr'><strong>Orthodoxos</strong></span> <span class='ocrx_word' id='word_1_343' title='bbox 2047 3535 2300 3613; x_wconf 83' lang='lat' dir='ltr'><strong>aliquam</strong></span> <span class='ocrx_word' id='word_1_344' title='bbox 2341 3531 2494 3594; x_wconf 83' lang='lat' dir='ltr'><strong>circa</strong></span> <span class='ocrx_word' id='word_1_345' title='bbox 2531 3552 2702 3596; x_wconf 81' lang='lat' dir='ltr'><strong>usum</strong></span> <span class='ocrx_word' id='word_1_346' title='bbox 2742 3537 2996 3596; x_wconf 86' lang='lat' dir='ltr'><strong>nominis</strong></span> 
     </span>
     <span class='ocr_line' id='line_1_36' title="bbox 588 3615 2996 3695; baseline -0.001 -19"><span class='ocrx_word' id='word_1_347' title='bbox 588 3616 761 3677; x_wconf 84' lang='lat' dir='ltr'><strong>istius</strong></span> <span class='ocrx_word' id='word_1_348' title='bbox 804 3617 1263 3695; x_wconf 79' lang='lat' dir='ltr'><strong>discrepantiam,</strong></span> <span class='ocrx_word' id='word_1_349' title='bbox 1312 3616 1417 3676; x_wconf 84' lang='lat' dir='ltr'><strong>sed</strong></span> <span class='ocrx_word' id='word_1_350' title='bbox 1462 3617 1657 3695; x_wconf 86' lang='lat' dir='ltr'><strong>potius</strong></span> <span class='ocrx_word' id='word_1_351' title='bbox 1704 3615 2000 3675; x_wconf 79' lang='lat' dir='ltr'><strong>verbalem</strong></span> <span class='ocrx_word' id='word_1_352' title='bbox 2043 3635 2217 3692; x_wconf 90' lang='lat' dir='ltr'><strong>quam</strong></span> <span class='ocrx_word' id='word_1_353' title='bbox 2259 3615 2473 3674; x_wconf 87' lang='lat' dir='ltr'><strong>realem</strong></span> <span class='ocrx_word' id='word_1_354' title='bbox 2497 3637 2512 3693; x_wconf 71' lang='grc' dir='ltr'><strong><em>ς</em></strong></span> <span class='ocrx_word' id='word_1_355' title='bbox 2569 3615 2709 3675; x_wconf 85' lang='lat' dir='ltr'><strong>dum</strong></span> <span class='ocrx_word' id='word_1_356' title='bbox 2757 3617 2996 3694; x_wconf 84' lang='lat' dir='ltr'><strong>quidam</strong></span> 
     </span>
     <span class='ocr_line' id='line_1_37' title="bbox 591 3695 2994 3776; baseline -0.001 -20"><span class='ocrx_word' id='word_1_357' title='bbox 591 3697 739 3758; x_wconf 82' lang='lat' dir='ltr'><strong>nulli</strong></span> <span class='ocrx_word' id='word_1_358' title='bbox 764 3717 1027 3776; x_wconf 72' lang='lat' dir='ltr'><strong>personae</strong></span> <span class='ocrx_word' id='word_1_359' title='bbox 1054 3706 1259 3756; x_wconf 83' lang='lat' dir='ltr'><strong>creatae</strong></span> <span class='ocrx_word' id='word_1_360' title='bbox 1288 3705 1612 3774; x_wconf 84' lang='lat' dir='ltr'><strong>competere</strong></span> <span class='ocrx_word' id='word_1_361' title='bbox 1639 3695 1909 3771; x_wconf 84' lang='lat' dir='ltr'><strong>fatentur,</strong></span> <span class='ocrx_word' id='word_1_362' title='bbox 1941 3695 2046 3754; x_wconf 86' lang='lat' dir='ltr'><strong>sed</strong></span> <span class='ocrx_word' id='word_1_363' title='bbox 2071 3695 2338 3773; x_wconf 81' lang='lat' dir='ltr'><strong>usurpari</strong></span> <span class='ocrx_word' id='word_1_364' title='bbox 2363 3704 2557 3754; x_wconf 81' lang='lat' dir='ltr'><strong>tamen</strong></span> <span class='ocrx_word' id='word_1_365' title='bbox 2583 3705 2849 3774; x_wconf 81' lang='lat' dir='ltr'><strong>respectu</strong></span> <span class='ocrx_word' id='word_1_366' title='bbox 2879 3696 2994 3754; x_wconf 84' lang='lat' dir='ltr'><strong>Ar-</strong></span> 
     </span>
     <span class='ocr_line' id='line_1_38' title="bbox 592 3775 2998 3854; baseline 0 -18"><span class='ocrx_word' id='word_1_367' title='bbox 592 3797 677 3836; x_wconf 77' lang='lat' dir='ltr'><strong>cae</strong></span> <span class='ocrx_word' id='word_1_368' title='bbox 716 3777 951 3836; x_wconf 82' lang='lat' dir='ltr'><strong>foederis</strong></span> <span class='ocrx_word' id='word_1_369' title='bbox 990 3796 1095 3854; x_wconf 90' lang='lat' dir='ltr'><strong>per</strong></span> <span class='ocrx_word' id='word_1_370' title='bbox 1133 3784 1387 3851; x_wconf 80' lang='lat' dir='ltr'><strong>metony.</strong></span> <span class='ocrx_word' id='word_1_371' title='bbox 1418 3776 1713 3853; x_wconf 87' lang='lat' dir='ltr'><strong>adjuncti;</strong></span> <span class='ocrx_word' id='word_1_372' title='bbox 1771 3775 1872 3834; x_wconf 85' lang='lat' dir='ltr'><strong>alii</strong></span> <span class='ocrx_word' id='word_1_373' title='bbox 1911 3775 2059 3834; x_wconf 85' lang='lat' dir='ltr'><strong>nulli</strong></span> <span class='ocrx_word' id='word_1_374' title='bbox 2100 3793 2336 3854; x_wconf 84' lang='lat' dir='ltr'><strong>prorsus</strong></span> <span class='ocrx_word' id='word_1_375' title='bbox 2379 3777 2668 3834; x_wconf 74' lang='lat' dir='ltr'><strong>Creaturoe</strong></span> <span class='ocrx_word' id='word_1_376' title='bbox 2715 3777 2893 3836; x_wconf 85' lang='lat' dir='ltr'><strong>tribui</strong></span> <span class='ocrx_word' id='word_1_377' title='bbox 2933 3785 2998 3836; x_wconf 85' lang='lat' dir='ltr'><strong>ct</strong></span> 
     </span>
     <span class='ocr_line' id='line_1_39' title="bbox 592 3855 2998 3931; baseline 0 -17"><span class='ocrx_word' id='word_1_378' title='bbox 592 3857 903 3915; x_wconf 80' lang='lat' dir='ltr'><strong>convenire</strong></span> <span class='ocrx_word' id='word_1_379' title='bbox 942 3856 1185 3916; x_wconf 71' lang='lat' dir='ltr'><strong>volunt:</strong></span> <span class='ocrx_word' id='word_1_380' title='bbox 1238 3857 1346 3914; x_wconf 86' lang='lat' dir='ltr'><strong>sed</strong></span> <span class='ocrx_word' id='word_1_381' title='bbox 1384 3857 1756 3916; x_wconf 79' lang='lat' dir='ltr'><strong>consentiunt</strong></span> <span class='ocrx_word' id='word_1_382' title='bbox 1795 3873 2012 3931; x_wconf 79' lang='lat' dir='ltr'><strong>omnes,</strong></span> <span class='ocrx_word' id='word_1_383' title='bbox 2055 3873 2266 3914; x_wconf 84' lang='lat' dir='ltr'><strong>nomen</strong></span> <span class='ocrx_word' id='word_1_384' title='bbox 2305 3855 2418 3915; x_wconf 90' lang='lat' dir='ltr'><strong>hoc</strong></span> <span class='ocrx_word' id='word_1_385' title='bbox 2459 3855 2724 3916; x_wconf 85' lang='lat' dir='ltr'><strong>absolute</strong></span> <span class='ocrx_word' id='word_1_386' title='bbox 2769 3865 2830 3915; x_wconf 87' lang='lat' dir='ltr'><strong>et</strong></span> <span class='ocrx_word' id='word_1_387' title='bbox 2869 3857 2998 3915; x_wconf 79' lang='lat' dir='ltr'><strong>sine</strong></span> 
     </span>
     <span class='ocr_line' id='line_1_40' title="bbox 590 3933 2998 4013; baseline 0.001 -19"><span class='ocrx_word' id='word_1_388' title='bbox 590 3943 758 4012; x_wconf 89' lang='lat' dir='ltr'><strong>tropo</strong></span> <span class='ocrx_word' id='word_1_389' title='bbox 798 3943 1097 4012; x_wconf 82' lang='lat' dir='ltr'><strong>acceptum</strong></span> <span class='ocrx_word' id='word_1_390' title='bbox 1141 3935 1250 3994; x_wconf 86' lang='lat' dir='ltr'><strong>soli</strong></span> <span class='ocrx_word' id='word_1_391' title='bbox 1279 3936 1407 3994; x_wconf 90' lang='lat' dir='ltr'><strong>Deo</strong></span> <span class='ocrx_word' id='word_1_392' title='bbox 1433 3933 1729 4013; x_wconf 86' lang='lat' dir='ltr'><strong>proprium</strong></span> <span class='ocrx_word' id='word_1_393' title='bbox 1757 3954 1902 3995; x_wconf 84' lang='lat' dir='ltr'><strong>esse.</strong></span> <span class='ocrx_word' id='word_1_394' title='bbox 1975 3935 2364 3995; x_wconf 84' lang='lat' dir='ltr'><strong>Nihilominus</strong></span> <span class='ocrx_word' id='word_1_395' title='bbox 2391 3935 2676 4012; x_wconf 89' lang='lat' dir='ltr'><strong>posterior</strong></span> <span class='ocrx_word' id='word_1_396' title='bbox 2707 3937 2998 3996; x_wconf 65' lang='lat' dir='ltr'><strong>sententia</strong></span> 
     </span>
     <span class='ocr_line' id='line_1_41' title="bbox 592 4013 2630 4094; baseline 0.001 -22"><span class='ocrx_word' id='word_1_397' title='bbox 592 4013 784 4072; x_wconf 86' lang='lat' dir='ltr'><strong>verior</strong></span> <span class='ocrx_word' id='word_1_398' title='bbox 809 4014 1057 4089; x_wconf 86' lang='lat' dir='ltr'><strong>videtur,</strong></span> <span class='ocrx_word' id='word_1_399' title='bbox 1088 4023 1148 4072; x_wconf 84' lang='lat' dir='ltr'><strong>et</strong></span> <span class='ocrx_word' id='word_1_400' title='bbox 1174 4015 1353 4073; x_wconf 87' lang='lat' dir='ltr'><strong>tutior</strong></span> <span class='ocrx_word' id='word_1_401' title='bbox 1378 4013 1455 4072; x_wconf 89' lang='lat' dir='ltr'><strong>ad</strong></span> <span class='ocrx_word' id='word_1_402' title='bbox 1484 4015 1923 4074; x_wconf 84' lang='lat' dir='ltr'><strong>Socinianorum</strong></span> <span class='ocrx_word' id='word_1_403' title='bbox 1949 4033 2199 4074; x_wconf 86' lang='lat' dir='ltr'><strong>errorem</strong></span> <span class='ocrx_word' id='word_1_404' title='bbox 2221 4014 2630 4094; x_wconf 85' lang='lat' dir='ltr'><strong>jugulandum.</strong></span> 
     </span>
    </p>

    <p class='ocr_par' dir='ltr' id='par_1_13' title="bbox 584 4093 3000 4573">
     <span class='ocr_line' id='line_1_42' title="bbox 675 4093 2995 4174; baseline 0.001 -20"><span class='ocrx_word' id='word_1_405' title='bbox 675 4093 786 4154; x_wconf 90' lang='lat' dir='ltr'><strong>IV.</strong></span> <span class='ocrx_word' id='word_1_406' title='bbox 817 4093 1097 4153; x_wconf 83' lang='lat' dir='ltr'><strong>Rationes</strong></span> <span class='ocrx_word' id='word_1_407' title='bbox 1125 4102 1278 4170; x_wconf 77' lang='lat' dir='ltr'><strong>sunt,</strong></span> <span class='ocrx_word' id='word_1_408' title='bbox 1314 4097 1366 4152; x_wconf 92' lang='lat'><strong>1.</strong></span> <span class='ocrx_word' id='word_1_409' title='bbox 1394 4093 1548 4168; x_wconf 84' lang='lat' dir='ltr'><strong>Quia</strong></span> <span class='ocrx_word' id='word_1_410' title='bbox 1568 4095 1732 4154; x_wconf 87' lang='lat' dir='ltr'><strong>Deus</strong></span> <span class='ocrx_word' id='word_1_411' title='bbox 1759 4093 1868 4152; x_wconf 84' lang='lat' dir='ltr'><strong>hoc</strong></span> <span class='ocrx_word' id='word_1_412' title='bbox 1889 4113 2100 4156; x_wconf 84' lang='lat' dir='ltr'><strong>nomen</strong></span> <span class='ocrx_word' id='word_1_413' title='bbox 2119 4103 2394 4174; x_wconf 81' lang='lat' dir='ltr'><strong>tanquam</strong></span> <span class='ocrx_word' id='word_1_414' title='bbox 2423 4112 2591 4154; x_wconf 83' lang='lat' dir='ltr'><strong>suum</strong></span> <span class='ocrx_word' id='word_1_415' title='bbox 2619 4103 2678 4154; x_wconf 88' lang='lat' dir='ltr'><strong>et</strong></span> <span class='ocrx_word' id='word_1_416' title='bbox 2698 4095 2995 4173; x_wconf 74' lang='lat' dir='ltr'><strong>proprium</strong></span> 
     </span>
     <span class='ocr_line' id='line_1_43' title="bbox 592 4173 2998 4254; baseline 0.003 -22"><span class='ocrx_word' id='word_1_417' title='bbox 592 4173 705 4234; x_wconf 74' lang='lat' dir='ltr'><strong>sibi</strong></span> <span class='ocrx_word' id='word_1_418' title='bbox 731 4173 1007 4250; x_wconf 83' lang='lat' dir='ltr'><strong>vindicat,</strong></span> <span class='ocrx_word' id='word_1_419' title='bbox 1040 4175 1170 4250; x_wconf 73' lang='lat' dir='ltr'><strong>qu</strong></span> <span class='ocrx_word' id='word_1_420' title='bbox 1209 4185 1333 4231; x_wconf 68' lang='lat' dir='ltr'><strong>sum</strong></span> <span class='ocrx_word' id='word_1_421' title='bbox 1358 4175 1630 4250; x_wconf 66' lang='lat' dir='ltr'><strong>Jehovah,</strong></span> <span class='ocrx_word' id='word_1_422' title='bbox 1662 4176 1766 4233; x_wconf 75' lang='lat' dir='ltr'><strong>hoc</strong></span> <span class='ocrx_word' id='word_1_423' title='bbox 1811 4183 1894 4233; x_wconf 73' lang='lat' dir='ltr'><strong>eet</strong></span> <span class='ocrx_word' id='word_1_424' title='bbox 1929 4191 2129 4235; x_wconf 77' lang='lat' dir='ltr'><strong>nomen</strong></span> <span class='ocrx_word' id='word_1_425' title='bbox 2159 4195 2342 4235; x_wconf 74' lang='lat' dir='ltr'><strong>nzeam</strong></span> <span class='ocrx_word' id='word_1_426' title='bbox 2361 4200 2385 4249; x_wconf 87' lang='lat'><strong>‚-</strong></span> <span class='ocrx_word' id='word_1_427' title='bbox 2427 4197 2538 4234; x_wconf 81' lang='lat' dir='ltr'><strong>non</strong></span> <span class='ocrx_word' id='word_1_428' title='bbox 2565 4174 2710 4234; x_wconf 81' lang='lat' dir='ltr'><strong>dabo</strong></span> <span class='ocrx_word' id='word_1_429' title='bbox 2746 4176 2998 4254; x_wconf 61' lang='lat' dir='ltr'><strong>ymas</strong></span> 
     </span>
     <span class='ocr_line' id='line_1_44' title="bbox 590 4252 2990 4331; baseline 0.002 -19"><span class='ocrx_word' id='word_1_430' title='bbox 590 4273 775 4313; x_wconf 85' lang='lat' dir='ltr'><strong>meam</strong></span> <span class='ocrx_word' id='word_1_431' title='bbox 816 4254 999 4329; x_wconf 69' lang='lat' dir='ltr'><strong>alter-i,</strong></span> <span class='ocrx_word' id='word_1_432' title='bbox 1046 4254 1127 4312; x_wconf 87' lang='lat' dir='ltr'><strong>Is.</strong></span> <span class='ocrx_word' id='word_1_433' title='bbox 1158 4252 1283 4312; x_wconf 82' lang='lat' dir='ltr'><strong>xlii.</strong></span> <span class='ocrx_word' id='word_1_434' title='bbox 1314 4255 1369 4328; x_wconf 90' lang='lat'><strong>8,</strong></span> <span class='ocrx_word' id='word_1_435' title='bbox 1402 4261 1461 4313; x_wconf 84' lang='lat' dir='ltr'><strong>et</strong></span> <span class='ocrx_word' id='word_1_436' title='bbox 1500 4254 1688 4315; x_wconf 84' lang='lat' dir='ltr'><strong>xlviii.</strong></span> <span class='ocrx_word' id='word_1_437' title='bbox 1719 4259 1792 4330; x_wconf 78' lang='lat'><strong>23</strong></span> <span class='ocrx_word' id='word_1_438' title='bbox 1838 4253 2042 4331; x_wconf 87' lang='lat' dir='ltr'><strong>Amos,</strong></span> <span class='ocrx_word' id='word_1_439' title='bbox 2085 4275 2145 4314; x_wconf 83' lang='lat' dir='ltr'><strong>v.</strong></span> <span class='ocrx_word' id='word_1_440' title='bbox 2176 4257 2231 4331; x_wconf 86' lang='lat'><strong>8,</strong></span> <span class='ocrx_word' id='word_1_441' title='bbox 2265 4264 2324 4315; x_wconf 88' lang='lat' dir='ltr'><strong>et</strong></span> <span class='ocrx_word' id='word_1_442' title='bbox 2363 4256 2444 4314; x_wconf 84' lang='lat' dir='ltr'><strong>ix.</strong></span> <span class='ocrx_word' id='word_1_443' title='bbox 2477 4259 2533 4314; x_wconf 88' lang='grc'><strong>6.</strong></span> <span class='ocrx_word' id='word_1_444' title='bbox 2579 4255 2752 4315; x_wconf 90' lang='lat' dir='ltr'><strong>Unde</strong></span> <span class='ocrx_word' id='word_1_445' title='bbox 2795 4255 2990 4316; x_wconf 78' lang='lat' dir='ltr'><strong>Exod.</strong></span> 
     </span>
     <span class='ocr_line' id='line_1_45' title="bbox 588 4333 2996 4412; baseline -0.002 -19"><span class='ocrx_word' id='word_1_446' title='bbox 588 4354 692 4394; x_wconf 85' lang='lat' dir='ltr'><strong>xv.</strong></span> <span class='ocrx_word' id='word_1_447' title='bbox 722 4337 777 4411; x_wconf 78' lang='lat'><strong>3,</strong></span> <span class='ocrx_word' id='word_1_448' title='bbox 811 4333 993 4394; x_wconf 84' lang='lat' dir='ltr'><strong>Isra‘e&#39;l</strong></span> <span class='ocrx_word' id='word_1_449' title='bbox 1019 4334 1190 4409; x_wconf 86' lang='lat' dir='ltr'><strong>canit,</strong></span> <span class='ocrx_word' id='word_1_450' title='bbox 1220 4335 1477 4393; x_wconf 74' lang='lat' dir='ltr'><strong>Jehovah</strong></span> <span class='ocrx_word' id='word_1_451' title='bbox 1502 4355 1701 4394; x_wconf 80' lang='lat' dir='ltr'><strong>nomen</strong></span> <span class='ocrx_word' id='word_1_452' title='bbox 1729 4339 1846 4412; x_wconf 70' lang='lat' dir='ltr'><strong>eJ’us</strong></span> <span class='ocrx_word' id='word_1_453' title='bbox 1862 4357 1882 4393; x_wconf 93' lang='lat'><strong>.·</strong></span> <span class='ocrx_word' id='word_1_454' title='bbox 1921 4335 2058 4394; x_wconf 87' lang='lat' dir='ltr'><strong>hinc</strong></span> <span class='ocrx_word' id='word_1_455' title='bbox 2087 4335 2130 4394; x_wconf 88' lang='lat' dir='ltr'><strong>J</strong></span> <span class='ocrx_word' id='word_1_456' title='bbox 2133 4334 2285 4394; x_wconf 74' lang='lat' dir='ltr'><strong>udaei</strong></span> <span class='ocrx_word' id='word_1_457' title='bbox 2311 4343 2526 4394; x_wconf 84' lang='lat' dir='ltr'><strong>vocant</strong></span> <span class='ocrx_word' id='word_1_458' title='bbox 2562 4335 2826 4394; x_wconf 77' lang='lat' dir='ltr'><strong>absolute</strong></span> <span class='ocrx_word' id='word_1_459' title='bbox 2851 4349 2996 4390; x_wconf 63' lang='lat' dir='ltr'><strong>m</strong></span> 
     </span>
     <span class='ocr_line' id='line_1_46' title="bbox 585 4415 3000 4494; baseline -0 -18"><span class='ocrx_word' id='word_1_460' title='bbox 585 4435 806 4490; x_wconf 81' lang='lat' dir='ltr'><strong>nomen,</strong></span> <span class='ocrx_word' id='word_1_461' title='bbox 834 4433 1000 4474; x_wconf 57' lang='lat' dir='ltr'><strong>:am</strong></span> <span class='ocrx_word' id='word_1_462' title='bbox 1028 4431 1148 4492; x_wconf 61' lang='lat' dir='ltr'><strong>nv,</strong></span> <span class='ocrx_word' id='word_1_463' title='bbox 1178 4433 1379 4475; x_wconf 73' lang='lat' dir='ltr'><strong>nonum</strong></span> <span class='ocrx_word' id='word_1_464' title='bbox 1416 4415 1751 4493; x_wconf 54' lang='lat' dir='ltr'><strong>adstantiae,</strong></span> <span class='ocrx_word' id='word_1_465' title='bbox 1793 4433 1984 4478; x_wconf 62' lang='lat' dir='ltr'><strong>*tn-nuri</strong></span> <span class='ocrx_word' id='word_1_466' title='bbox 2011 4435 2198 4477; x_wconf 57' lang='lat' dir='ltr'><strong>vm</strong></span> <span class='ocrx_word' id='word_1_467' title='bbox 2223 4435 2344 4493; x_wconf 65' lang='lat' dir='ltr'><strong>m,</strong></span> <span class='ocrx_word' id='word_1_468' title='bbox 2374 4429 2574 4475; x_wconf 81' lang='lat' dir='ltr'><strong>nomen</strong></span> <span class='ocrx_word' id='word_1_469' title='bbox 2604 4415 2914 4494; x_wconf 68' lang='lat' dir='ltr'><strong>proprium</strong></span> <span class='ocrx_word' id='word_1_470' title='bbox 2941 4425 3000 4475; x_wconf 74' lang='lat' dir='ltr'><strong>et</strong></span> 
     </span>
     <span class='ocr_line' id='line_1_47' title="bbox 584 4505 929 4573; baseline 0 -19"><span class='ocrx_word' id='word_1_471' title='bbox 584 4505 929 4573; x_wconf 66' lang='lat' dir='ltr'><strong>separatum.</strong></span> 
     </span>
    </p>

    <p class='ocr_par' dir='ltr' id='par_1_14' title="bbox 589 4571 2991 4735">
     <span class='ocr_line' id='line_1_48' title="bbox 669 4571 2991 4654; baseline 0 -19"><span class='ocrx_word' id='word_1_472' title='bbox 669 4577 746 4636; x_wconf 91' lang='lat' dir='ltr'><strong>V.</strong></span> <span class='ocrx_word' id='word_1_473' title='bbox 792 4575 941 4650; x_wconf 88' lang='lat' dir='ltr'><strong>Quia</strong></span> <span class='ocrx_word' id='word_1_474' title='bbox 968 4583 1203 4654; x_wconf 88' lang='lat' dir='ltr'><strong>etymon</strong></span> <span class='ocrx_word' id='word_1_475' title='bbox 1242 4582 1302 4635; x_wconf 90' lang='lat' dir='ltr'><strong>et</strong></span> <span class='ocrx_word' id='word_1_476' title='bbox 1345 4574 1690 4653; x_wconf 84' lang='lat' dir='ltr'><strong>significatio</strong></span> <span class='ocrx_word' id='word_1_477' title='bbox 1728 4576 1890 4637; x_wconf 80' lang='lat' dir='ltr'><strong>vocis</strong></span> <span class='ocrx_word' id='word_1_478' title='bbox 1927 4577 2062 4635; x_wconf 84' lang='lat' dir='ltr'><strong>talis</strong></span> <span class='ocrx_word' id='word_1_479' title='bbox 2103 4584 2209 4651; x_wconf 87' lang='lat' dir='ltr'><strong>est,</strong></span> <span class='ocrx_word' id='word_1_480' title='bbox 2238 4583 2306 4636; x_wconf 90' lang='lat' dir='ltr'><strong>ut</strong></span> <span class='ocrx_word' id='word_1_481' title='bbox 2346 4575 2457 4634; x_wconf 86' lang='lat' dir='ltr'><strong>soli</strong></span> <span class='ocrx_word' id='word_1_482' title='bbox 2486 4574 2614 4634; x_wconf 92' lang='lat' dir='ltr'><strong>Deo</strong></span> <span class='ocrx_word' id='word_1_483' title='bbox 2641 4571 2951 4634; x_wconf 79' lang='lat' dir='ltr'><strong>conveniat</strong></span> <span class='ocrx_word' id='word_1_484' title='bbox 2969 4597 2991 4635; x_wconf 76' lang='lat' dir='ltr'><strong>t</strong></span> 
     </span>
     <span class='ocr_line' id='line_1_49' title="bbox 589 4653 2988 4735; baseline -0.001 -20"><span class='ocrx_word' id='word_1_485' title='bbox 589 4657 684 4715; x_wconf 81' lang='lat' dir='ltr'><strong>Ex</strong></span> <span class='ocrx_word' id='word_1_486' title='bbox 716 4657 1013 4734; x_wconf 84' lang='lat' dir='ltr'><strong>Scriptura</strong></span> <span class='ocrx_word' id='word_1_487' title='bbox 1040 4663 1199 4735; x_wconf 87' lang='lat' dir='ltr'><strong>patet</strong></span> <span class='ocrx_word' id='word_1_488' title='bbox 1238 4675 1448 4715; x_wconf 86' lang='lat' dir='ltr'><strong>nomen</strong></span> <span class='ocrx_word' id='word_1_489' title='bbox 1488 4656 1599 4715; x_wconf 84' lang='lat' dir='ltr'><strong>hoc</strong></span> <span class='ocrx_word' id='word_1_490' title='bbox 1642 4656 1756 4715; x_wconf 86' lang='lat' dir='ltr'><strong>tria</strong></span> <span class='ocrx_word' id='word_1_491' title='bbox 1793 4657 2156 4734; x_wconf 82' lang='lat' dir='ltr'><strong>potissimum</strong></span> <span class='ocrx_word' id='word_1_492' title='bbox 2184 4655 2394 4716; x_wconf 80' lang='lat' dir='ltr'><strong>inferre</strong></span> <span class='ocrx_word' id='word_1_493' title='bbox 2422 4672 2553 4734; x_wconf 78' lang='lat' dir='ltr'><strong>quae</strong></span> <span class='ocrx_word' id='word_1_494' title='bbox 2593 4654 2873 4734; x_wconf 83' lang='lat' dir='ltr'><strong>conjungi</strong></span> <span class='ocrx_word' id='word_1_495' title='bbox 2901 4653 2988 4713; x_wconf 79' lang='lat' dir='ltr'><strong>vi-</strong></span> 
     </span>
    </p>
   </div>
   <div class='ocr_carea' id='block_1_7' title="bbox 3283 3258 3289 4256">
    <p class='ocr_par' dir='ltr' id='par_1_15' title="bbox 3283 3258 3289 4256">
     <span class='ocr_line' id='line_1_50' title="bbox 3283 3258 3289 4256; baseline 0 0"><span class='ocrx_word' id='word_1_496' title='bbox 3283 3258 3289 4256; x_wconf 95' lang='lat' dir='ltr'><strong> </strong></span> 
     </span>
    </p>
   </div>
   <div class='ocr_carea' id='block_1_8' title="bbox 3283 3258 3289 4256">
    <p class='ocr_par' dir='ltr' id='par_1_16' title="bbox 3283 3258 3289 4256">
     <span class='ocr_line' id='line_1_51' title="bbox 3283 3258 3289 4256; baseline 0 0"><span class='ocrx_word' id='word_1_497' title='bbox 3283 3258 3289 4256; x_wconf 95' lang='lat' dir='ltr'><strong> </strong></span> 
     </span>
    </p>
   </div>
  </div>
 </body>
</html>
