3300 5225
286 280 533 331 quaer.
562 256 701 340 vm]
1214 276 1291 315 nn
1318 274 1723 317 Pnovmnn‘rm
1753 278 1872 318 Dm.
2599 264 2716 319 471

286 420 497 480 causis
519 416 850 495 adaquatis,
880 434 999 477 non
1016 416 1409 477 intercedente
1426 416 1611 496 ipsius
1636 417 1858 477 causati
1876 416 1992 477 alia
2009 436 2150 479 vera
2175 425 2237 479 et
2250 418 2517 497 proxima
2531 438 2725 479 causa.

288 505 361 561 2.
414 500 487 558 In
512 498 699 560 causis
712 518 827 575 per
861 517 936 574 se,
980 516 1113 575 quse
1157 496 1425 558 effectum
1467 496 1812 575 producunt,
1861 506 2148 575 quatenus
2191 506 2328 557 sunt
2353 499 2519 576 tales,
2547 520 2728 577 quum

286 588 567 656 causant,
596 588 657 639 et
681 597 863 656 quum
888 596 1065 637 causa
1088 585 1180 637 est
1205 584 1265 637 ct
1290 596 1481 637 causae
1506 585 1568 637 et
1606 578 1828 637 causati
1867 596 1972 654 per
2013 596 2094 637 se.
2177 580 2236 638 3.
2263 580 2340 637 In
2365 581 2728 640 essentialiter

287 670 359 719 et
384 660 707 719 necessitate
730 667 955 717 πωπω
976 657 1373 734 subordinatis,
1422 664 1484 717 et
1508 676 1547 715 a
1570 676 1637 717 se
1662 656 1914 717 invicem
1941 656 2418 735 dependentibus.
2466 660 2584 719 Sed
2609 680 2728 719 non

288 740 540 817 pariter,
571 740 623 799 si
650 757 841 799 causis
880 737 1115 815 quidem
1144 736 1221 796 sit
1264 755 1439 796 causa
1480 756 1585 815 per
1630 756 1714 813 se,
1743 737 1965 797 causati
2007 757 2148 797 vero
2173 757 2278 816 per
2303 738 2572 800 accidens
2597 748 2728 800 tan-

290 828 469 896 tum3
509 817 745 897 quando
772 836 949 876 causa
973 816 1209 875 inferior
1234 816 1503 877 effectum
1528 834 1647 875 non
1675 816 2013 895 simpliciter
2028 836 2102 876 ex
2129 827 2338 879 natura
2364 835 2487 894 suc,
2518 819 2624 880 sed
2650 840 2728 880 ex

291 899 507 977 aliquo
534 898 847 958 accedente
875 894 1105 955 defectu
1129 896 1414 974 producit.
1501 895 1599 955 Sic
1641 915 1760 955 non
1805 896 1984 972 valet,
2015 896 2294 957 Humana
2336 899 2611 959 voluntas
2637 908 2728 959 est

290 998 487 1037 causa
510 978 773 1057 peccatiz
818 976 981 1035 Deus
1008 983 1101 1035 est
1142 991 1317 1037 causa
1358 974 1678 1035 voluntatis
1721 976 2026 1037 humanae:
2069 978 2230 1055 Ergo
2272 985 2363 1037 eet
2390 998 2566 1039 causa
2592 999 2725 1057 pec-

290 1060 459 1135 eati3
501 1059 641 1136 qin‘a
664 1076 846 1135 quum
892 1055 1167 1115 voluntas
1208 1063 1401 1114 create
1440 1062 1658 1133 peccat,
1707 1056 2012 1133 exorbitat,
2059 1065 2121 1117 et
2167 1056 2362 1117 deficit
2408 1058 2482 1117 ab
2505 1051 2726 1119 'ordine

292 1138 509 1217 primae
538 1158 747 1198 causae.
828 1136 910 1195 Et
937 1136 1101 1195 Deus
1126 1134 1229 1213 qui
1255 1142 1347 1205 est
1371 1154 1549 1193 causa
1592 1134 1909 1195 voluntatis
1955 1156 2059 1215 per
2107 1155 2188 1212 se,
2233 1156 2352 1195 non
2390 1146 2583 1217 potest
2609 1138 2727 1198 dici

292 1238 487 1279 eausa
512 1218 757 1279 actionis
782 1216 969 1292 malm,
998 1234 1131 1292 quse
1157 1221 1247 1273 est
1274 1234 1311 1273 a
1351 1214 1656 1273 voluntate
1701 1234 1819 1273 non
1847 1214 2186 1293 simpliciter
2211 1215 2274 1274 in
2299 1234 2514 1293 genere
2553 1218 2726 1295 entis,

293 1297 601 1377 quomodo
626 1306 719 1358 est
743 1317 781 1358 a
807 1296 955 1371 Deo,
984 1294 1089 1354 eed
1114 1294 1189 1353 ab
1216 1314 1287 1353 ea
1312 1293 1617 1353 deficiente
1636 1313 1674 1352 a
1698 1294 1832 1371 lege
1856 1295 1918 1353 in
1943 1314 2156 1373 genere
2183 1296 2378 1355 moris.

297 1400 561 1454 Quomodo
596 1402 790 1448 indum
912 1373 1235 1434 XXVIII.
1279 1375 1445 1433 Deus
1470 1393 1757 1433 eaecoecare
1780 1375 1875 1432 vel
1901 1376 2176 1435 indurare
2203 1375 2414 1435 dicitur
2439 1375 2726 1453 homines,

360 1462 439 1507 tio
457 1464 511 1507 et
530 1462 793 1507 excaecatio
831 1474 951 1515 non
996 1462 1223 1514 tantum
1248 1456 1501 1547 neqative
1542 1472 1662 1513 non
1704 1454 2086 1513 illuminando
2129 1462 2189 1514 et
2235 1455 2598 1532 emolliendo,
2631 1457 2729 1515 vel

362 1518 471 1565 ¹³⁰⁰
490 1520 755 1566 tribuatus.
819 1536 1101 1612 privative
1164 1542 1409 1611 gratiam
1464 1552 1629 1593 suam
1683 1552 2040 1612 quaecunque
2091 1534 2266 1595 fuerit
2317 1535 2728 1612 subtrahendo,

296 1622 615 1692 postquam
641 1634 715 1674 ea
751 1616 1017 1675 homines
1060 1614 1229 1674 abusi
1270 1621 1423 1690 sunt,
1467 1612 1569 1673 vel
1602 1614 1949 1691 pemnt'ssivc,
1998 1633 2117 1673 non
2162 1614 2565 1693 impediendo:
2612 1616 2754 1676 Sed.

300 1695 483 1753 etiam
499 1695 755 1773 positive,
784 1714 904 1754 non
944 1694 1182 1774 quidem
1228 1694 1569 1770 coecitatem,
1597 1694 1697 1753 vel
1739 1693 2027 1770 duritiem,
2071 1714 2202 1771 quse
2241 1694 2464 1754 homini
2495 1704 2586 1755 est
2627 1714 2728 1753 na·

300 1774 531 1850 tur-alis,
560 1774 894 1851 inferend03
938 1775 1044 1834 sed
1088 1782 1215 1835 tum
1262 1774 1535 1850 objectiva,
1582 1782 1826 1833 externa
1867 1774 2098 1852 objecta
2141 1774 2216 1834 iis
2256 1773 2567 1851 offerendo,
2598 1794 2730 1853 quae

299 1853 447 1913 licet
472 1862 679 1913 natura
706 1873 812 1913 sua
837 1854 953 1914 alio
980 1853 1335 1929 ordinentur,
1381 1854 1547 1913 novit
1587 1862 1785 1913 tamen
1831 1854 2106 1915 aliorsum
2133 1854 2390 1932 ipsorum
2426 1854 2572 1915 vitio
2599 1874 2729 1915 esse

300 1933 609 2010 trahenda,
639 1942 767 1993 tum
774 1934 1146 2010 judicialiter,
1190 1934 1417 1993 interne
1445 1942 1764 1992 scotomate
1806 1953 1908 1993 eos
1949 1934 2342 2011 percutiendo,
2391 1934 2587 1995 ablato
2631 1935 2730 1994 vel

302 2014 571 2073 extincto
598 2014 833 2089 lumine,
863 2032 980 2091 quo
1006 2032 1305 2091 perperam
1332 2012 1426 2072 usi
1451 2012 1696 2087 fuerant,
1743 2020 1868 2072 tum
1909 2013 2092 2072 fraena
2115 2014 2370 2073 laxando
2397 2013 2728 2091 cupiditati·

304 2093 421 2154 bus
438 2093 723 2172 ipsorum,
753 2101 813 2154 et
842 2093 1073 2153 Satanae
1100 2091 1381 2152 tradendo
1429 2100 1491 2152 et
1526 2091 1928 2170 mancipandO,
1973 2092 2220 2171 aliisque
2245 2094 2510 2171 pluribus
2537 2094 2726 2153 modis

306 2173 819 2252 inexplicabilibus
846 2172 1093 2251 agend0,
1123 2172 1335 2250 quibus
1371 2172 1549 2249 justae
1594 2172 2006 2231 excaecationis
2041 2180 2102 2233 et
2141 2172 2525 2233 indurationis
2566 2173 2726 2251 judi·

308 2253 467 2313 cium
492 2255 555 2313 in
582 2263 951 2313 contumaces
979 2252 1182 2313 exerit.
1268 2250 1438 2327 Quod
1463 2270 1583 2311 non
1607 2251 1803 2312 obstet
1829 2260 2040 2329 tamen,
2069 2252 2380 2330 quominus
2425 2252 2592 2329 impii
2617 2252 2732 2331 ipsi

310 2334 537 2411 seipsos
576 2334 752 2396 etiam
794 2340 1097 2392 exeoecent
1142 2340 1203 2392 ct
1243 2331 1532 2407 indurent,
1579 2330 1766 2392 abusu
1813 2352 2030 2409 eorum,
2075 2332 2288 2409 quibus
2329 2331 2584 2391 maxime
2627 2332 2728 2392 de·

309 2413 575 2474 buissent
600 2413 865 2489 emolliri,
896 2411 1087 2489 qualis
1114 2420 1205 2472 est
1229 2411 1641 2489 longanimitas
1688 2419 1748 2470 et
1789 2410 2169 2471 beneficentia
2197 2412 2327 2488 Dei,
2359 2412 2528 2471 Rom.
2557 2412 2620 2472 ii.
2649 2416 2726 2489 4.‚

310 2493 419 2553 lux
444 2494 649 2570 Verbi,
680 2501 739 2552 et
782 2493 1041 2552 suavitas
1070 2491 1401 2569 Evangelii,
1449 2491 1610 2569 quod
1650 2490 1720 2549 fit
1765 2492 1898 2567 ἰρείε
1926 2494 2072 2552 odor
2109 2494 2305 2552 mortis
2349 2495 2436 2552 ad
2473 2502 2726 2569 mortem,

312 2577 349 2633 2
381 2573 511 2635 Cor.
542 2574 603 2634 ii.
647 2576 763 2650 16„
813 2581 874 2633 et
899 2573 1043 2651 ipsae
1070 2572 1187 2632 Dei
1230 2571 1660 2648 castigationeS,
1710 2571 1922 2650 quibus
1970 2592 2104 2633 cum
2151 2572 2366 2652 corrigi
2391 2571 2732 2634 debuissent

312 2655 460 2715 fiunt
486 2654 910 2730 obstinatiores,
947 2656 997 2714 Ο
1023 2655 1282 2714 Jelmalz
1298 2653 1553 2730 per-cutia
1593 2672 1704 2729 cos,
1747 2654 1851 2712 ced
1871 2673 1986 2712 non
2027 2655 2230 2730 dolent,
2259 2655 2732 2730 redduntsaciem

308 2755 475 2794 suam
500 2735 914 2794 ώειίηαιίονωπ
930 2741 1123 2811 petra,
1152 2733 1197 2794 J
1198 2752 1281 2793 er.
1310 2753 1369 2810 y.
1400 2735 1457 2792 3.
1488 2733 1585 2792 Ita
1608 2733 1900 2792 induratio
1927 2733 2044 2792 alia
2069 2741 2162 2795 est
2187 2735 2476 2811 culpabzo'laets
2503 2753 2540 2794 a
2565 2741 2731 2814 parte

312 2815 609 2874 hominum
638 2815 860 2892 seipsos
886 2811 1319 2889 indurantium;
1362 2812 1505 2872 Alia
1515 2814 1678 2888 justa
1705 2820 1766 2873 et
1780 2813 2027 2890 poenale
2052 2832 2089 2873 a
2114 2823 2278 2893 parte
2307 2814 2438 2891 Dei,
2466 2814 2732 2874 homines

304 2896 467 2973 justo
496 2915 601 2955 suo
622 2895 847 2973 judicio
873 2894 935 2952 in
955 2911 1187 2970 poenam
1212 2892 1662 2971 praecedentium
1686 2902 2054 2972 peccatorum
2081 2892 2424 2954 induranti&

646 3026 659 3040 ,
916 2973 1179 3033 XXIX.
1226 2974 1482 3034 Tentatio
1498 2972 1615 3033 alia
1633 2973 2102 3052 estprobationis,
2119 2974 2237 3033 alia
2249 2973 2599 3051 seductionis,
2630 2972 2734 3034 illa

370 3025 441 3074 E*
462 3029 708 3075 wentano.
834 3051 1007 3128 bona,
1049 3052 1177 3113 haec
1217 3054 1407 3130 mala3
1455 3053 1559 3114 illa
1612 3053 1742 3112 Deo
1785 3054 2079 3132 competit,
2135 3053 2248 3114 ista
2303 3053 2572 3131 Diabolo,
2629 3053 2732 3130 qui

316 3132 959 3290 {3233‘531353‘5‘53’
986 3133 1229 3271 ἓὲῗέ
1248 3135 1437 3272 ext.
1452 3140 1522 3193 '²‘
1538 3133 2184 3275 fflZ‘⁸3}{.?‘}⁸.2³0¹tt’.
2199 3131 2737 3293 effrem

319 3295 505 3351 Deum
528 3312 631 3352 nec
656 3293 867 3352 tentavi
878 3312 1047 3370 posse
1088 3312 1131 3351 a
1154 3293 1340 3367 malie,
1366 3313 1469 3353 nec
1493 3312 1830 3370 quemquam
1855 3303 2090 3370 tentare,
2119 3294 2272 3372 quia,
2302 3301 2371 3354 ut
2399 3294 2562 3354 Deus
2586 3293 2734 3352 nihil

316 3372 490 3432 habet
514 3372 577 3431 in
604 3392 668 3432 se
710 3372 869 3450 quod
914 3371 1207 3434 tantillum
1254 3372 1331 3430 ad
1356 3379 1658 3448 peccatum
1685 3380 1908 3449 vergat,
1953 3375 2071 3432 imo
2114 3373 2273 3452 quod
2299 3374 2374 3432 ab
2415 3393 2484 3434 eo
2513 3392 2630 3432 non
2657 3373 2736 3432 sit

318 3452 745 3530 alienissimum,
778 3453 875 3514 Ita
898 3471 1015 3512 non
1041 3460 1235 3530 potest
1261 3451 1378 3511 dici
1404 3451 1549 3511 alios
1576 3451 1654 3510 ad
1679 3459 1998 3528 peccatum,
2027 3463 2130 3512 aut
2144 3452 2450 3529 mandatis,
2468 3461 2570 3512 aut
2595 3472 2732 3511 con-

320 3532 479 3608 siliis,
510 3541 612 3592 aut
656 3532 919 3592 interiori
944 3531 1141 3609 aliqua
1181 3532 1554 3611 persuasione
1599 3531 1930 3590 sollicitare.
2021 3531 2087 3592 Si
2114 3531 2346 3608 quando
2373 3540 2598 3591 tentare
2623 3533 2729 3591 ho-

320 3613 501 3672 mines
527 3612 755 3688 dicitur,
774 3621 841 3672 ut
857 3612 1277 3688 Abrahamum,
1300 3612 1450 3672 Gen.
1479 3611 1647 3687 xxii„
1671 3619 1732 3670 et
1749 3610 2066 3687 Israelitas,
2091 3611 2268 3672 Deut.
2285 3610 2408 3668 viii.
2431 3614 2486 3685 2,
2517 3611 2629 3668 hoc
2657 3610 2732 3670 de

320 3692 630 3752 tentatione
656 3692 1015 3770 probationis
1041 3691 1485 3770 intelligendum
1512 3699 1619 3767 est,
1648 3711 1768 3750 non
1796 3690 2166 3768 seductionis,
2189 3697 2257 3752 ut
2280 3690 2532 3750 hominis
2557 3689 2732 3748 fidem

323 3781 379 3832 ct
401 3771 785 3833 constantiam
810 3773 1091 3851 exploret,
1120 3791 1239 3831 non
1265 3771 1423 3849 quod
1450 3771 1612 3831 illam
1639 3771 1885 3850 ignoret,
1915 3771 2018 3849 qui
2044 3780 2136 3832 cst
2173 3769 2504 3846 omniscius,
2535 3769 2641 3828 sed
2667 3779 2734 3830 ut

324 3873 387 3912 ea
411 3861 535 3911 tum
562 3852 783 3912 homini
810 3853 941 3930 ipsi,
970 3861 1095 3913 tum
1122 3852 1255 3912 aliis
1281 3851 1623 3913 innotescat.
1708 3851 1899 3927 Quum
1925 3851 2178 3930 petimus
2202 3851 2266 3909 in
2307 3851 2582 3913 Oratione
2611 3850 2732 3909 Do-

326 3933 545 4010 minica,
572 3935 669 3992 Ne
694 3936 857 3992 Deus
894 3953 997 3992 noe
1022 3934 1256 3992 inducat
1278 3932 1339 3991 in
1379 3932 1752 4008 tentationem,
1781 3949 1902 3990 non
1935 3931 2311 4011 deprecamur
2352 3930 2732 3992 tentationem

324 4013 579 4091 priorem,
608 4033 741 4091 quae
768 4014 924 4074 bona
948 4020 1055 4088 est,
1086 4011 1191 4072 scd
1215 4012 1609 4089 posteriorem,
1655 4030 1788 4089 quse
1812 4010 1984 4088 mala,
2033 4011 2110 4070 cd
2135 4030 2310 4088 quam
2353 4010 2516 4072 Deus
2541 4019 2734 4089 potest

324 4093 433 4152 dici
458 4111 569 4152 nos
592 4093 882 4169 inducere,
914 4091 1145 4171 quando
1189 4111 1309 4150 non
1339 4090 1513 4150 modo
1559 4089 1846 4170 permittit
1868 4111 1977 4150 nos
2003 4090 2066 4149 in
2092 4107 2220 4150 eam
2260 4089 2398 4166 labi,
2441 4090 2546 4150 sed
2571 4091 2734 4169 cupi-

325 4172 595 4233 ditatibus
622 4181 681 4233 et
712 4175 943 4233 Satanae
968 4192 1077 4232 nos
1102 4172 1298 4249 tradit,
1328 4192 1365 4230 a
1390 4171 1603 4250 quibus
1645 4179 1952 4231 tentemur.
2036 4171 2130 4230 Ita
2154 4169 2406 4249 petimus
2444 4189 2522 4230 ex
2547 4170 2734 4249 hypo-

325 4253 468 4312 thesi
494 4252 811 4313 voluntatis
839 4253 1072 4331 divinae,
1100 4251 1165 4312 id
1191 4260 1281 4313 est
1328 4251 1381 4312 si
1408 4251 1537 4312 Deo
1579 4251 1666 4311 ita
1699 4251 1892 4310 visum
1917 4249 2110 4327 fuerit,
2154 4259 2224 4312 ut
2269 4251 2352 4310 ita
2392 4249 2562 4309 nobis
2601 4270 2732 4328 pro-

328 4332 531 4409 videat,
574 4353 650 4392 ne
691 4333 1033 4392 inducamur
1075 4333 1137 4392 in
1182 4331 1505 4410 perieulum
1546 4330 1903 4390 tentationis.
1999 4331 2104 4390 Sin
2150 4339 2344 4392 autem
2391 4329 2559 4390 aliter
2606 4331 2738 4389 Deo

327 4413 559 4490 placeat,
588 4413 859 4472 nimirum
884 4420 953 4473 ut
977 4412 1355 4472 tentationem
1380 4410 1716 4487 habeamus,
1745 4417 1884 4470 tunc
1926 4411 2177 4490 petimus
2215 4409 2497 4486 absolute,
2527 4428 2602 4469 ne
2628 4429 2738 4470 nos

328 4493 563 4570 deserat,
592 4502 695 4554 aut
738 4494 1035 4572 permittat
1080 4500 1141 4552 et
1181 4493 1375 4554 tradat
1415 4490 1672 4552 hostium
1719 4490 2102 4568 spiritualium
2145 4489 2382 4550 arbitrio
2429 4497 2497 4550 ut
2537 4491 2736 4549 eorum

329 4574 735 4635 tentationibus
762 4574 1221 4649 succumbamus,
1252 4573 1357 4632 sed
1383 4579 1451 4634 ut
1492 4569 1621 4650 ejus
1648 4571 1837 4649 gratia
1883 4570 2206 4631 confirmati
2251 4589 2351 4632 eas
2379 4588 2732 4648 superemus,
