3300 5225
411 410 418 419 .
489 367 610 423 412
1453 381 1638 423 Locus
1667 381 1938 432 Qumrus.
2546 360 2797 441 [Quaesr.
2826 383 2911 424 11.

487 530 807 601 peecatum,
839 528 898 582 et
925 541 1001 582 ex
1040 529 1278 600 peccato
1304 540 1460 581 mors
1483 506 1684 599 3'quia
1724 521 1882 598 alias,
1914 528 1979 581 ut
2007 520 2328 599 Apostolus
2370 520 2467 597 ait,
2501 520 2670 580 Rom.
2700 522 2782 581 iv,
2815 526 2909 582 15.

499 604 611 661 Ubi
631 624 745 662 non
771 612 854 661 est
876 605 1020 679 Lex,
1052 602 1130 661 ihi
1150 622 1252 661 nec
1278 612 1359 661 cst
1383 603 1770 679 transyressio,
1802 622 1908 660 nec
1935 620 2091 660 mors
2119 620 2247 679 quae
2275 620 2351 659 ex
2378 600 2479 659 illa
2507 600 2704 660 oritur.
2793 602 2911 663 Sed

488 701 607 741 non
632 691 934 759 propterea
960 682 1091 759 quis
1117 682 1232 740 nisi
1257 701 1556 759 perperam
1582 682 1807 758 inferat,
1841 682 2076 759 Legem,
2102 690 2233 739 ante
2262 700 2435 757 quam
2460 690 2764 757 peccatum
2791 702 2909 741 non

487 762 1503 900 sees-summm
1530 762 1856 901 w
1884 760 2117 898 ⁸2⁶³ss
2143 759 2316 899 ιιι
2344 760 2911 901 axem

491 862 1071 997 Praefsdngtzitag’negned
1098 862 1694 995 aalnqugzsgntsseferri
1704 861 1922 997 „323be
1954 920 2053 997 qui
2088 886 2216 978 'non
2254 859 2565 995 peleoarunt
2605 922 2907 982 actualiter

489 1000 566 1057 ad
591 1000 776 1060 instar
801 999 1036 1075 Adami,
1069 999 1175 1059 sed
1199 1001 1332 1059 labe
1361 1008 1585 1059 tantum
1613 1000 1885 1077 originali
1912 1008 2047 1058 sunt
2088 997 2304 1073 infecti,
2334 1018 2465 1075 quse
2506 1020 2605 1059 eos
2634 1001 2904 1059 condem-

489 1079 710 1139 nationi
739 1089 798 1139 et
823 1080 996 1139 morti
1013 1078 1264 1157 subjicit.
1351 1080 1522 1139 Unde
1548 1080 1687 1139 licet
1711 1087 2041 1156 peccatores
2070 1077 2333 1137 similiter
2352 1099 2483 1137 cum
2500 1078 2732 1140 Adamo
2760 1080 2906 1140 bene

487 1158 770 1235 dicantur,
801 1178 918 1217 non
945 1168 1138 1218 tamen
1164 1159 1380 1235 pariter
1407 1158 1524 1218 dici
1550 1167 1795 1236 possunt
1834 1178 2102 1237 peccasse
2132 1159 2449 1234 actualiter,
2482 1159 2556 1216 ad
2584 1161 2711 1238 ejus
2740 1160 2895 1218 simi-

486 1238 821 1313 litudenem,
851 1257 970 1296 non
1010 1238 1183 1296 modo
1209 1238 1470 1317 spem'flce,
1501 1258 1618 1316 quo
1661 1258 1835 1298 sensu
1874 1257 2043 1297 nemo
2084 1239 2258 1297 etiam
2299 1238 2625 1297 adultorum
2666 1259 2903 1317 peccare

484 1324 678 1395 potest
705 1316 781 1376 ad
807 1317 1244 1377 similitudinem
1272 1318 1496 1395 peccati
1523 1317 1758 1394 Adami,
1791 1318 1950 1396 quod
1990 1317 2077 1375 illi
2117 1318 2411 1396 proprium
2438 1317 2565 1395 fuit,
2596 1319 2701 1378 sed
2727 1320 2900 1378 etiam

481 1397 755 1474 generice,
786 1416 901 1474 quo
928 1406 1098 1475 pacto
1127 1396 1321 1457 omnia
1345 1406 1583 1475 peccata
1610 1398 1863 1458 actualia
1888 1398 1977 1456 illi
2006 1406 2141 1457 sunt
2169 1397 2394 1457 similia.

1425 1636 1817 1713 QUAEs'rIo
1859 1638 1980 1697 IX.

1327 1813 1407 1853 DE
1434 1814 1685 1856 HOMINIS
1711 1814 2065 1856 OBEATIONE.

479 1953 576 2011 An
589 1953 778 2011 Homo
804 1952 864 2011 in
877 1952 1050 2029 puris
1065 1954 1416 2013 naturalibus
1436 1956 1689 2013 conditzw
1698 1956 1900 2031 fixerit,
1920 1959 2008 2015 vel
2022 1954 2190 2015 condi
2200 1958 2400 2015 saltem
2405 1958 2699 2033 potuerit!
2740 1958 2889 2036 Neg.

1124 2041 1325 2092 contra
1354 2033 1718 2111 Pelagianos,
1750 2044 1809 2095 et
1841 2035 2248 2095 Scholasticos.

570 2189 621 2248 Ι.
669 2190 752 2249 Ut
781 2189 1037 2264 Quaestio
1065 2190 1194 2267 ista,
1227 2211 1358 2268 quse
1398 2192 1566 2251 nobis
1595 2212 1728 2252 cum
1757 2192 2088 2271 Pelagianis
2127 2194 2437 2269 veteribus,
2469 2202 2528 2253 et
2567 2196 2896 2254 recentiori-

485 2268 598 2327 bus
623 2268 944 2344 intercedit,
974 2270 1183 2329 melius
1211 2271 1570 2348 intelligatur
1592 2296 1606 2349 3
1654 2273 1807 2347 Quid
1834 2294 2125 2350 perparce
2151 2283 2371 2331 naturae
2397 2275 2634 2350 Statum,
2664 2276 2761 2333 vel
2791 2296 2897 2355 per

469 2368 633 2425 pura
657 2350 952 2408 naturalia
976 2350 1072 2408 hic
1099 2350 1437 2427 designetur
1464 2360 1597 2411 ante
1625 2352 1821 2411 omnia
1846 2352 2158 2411 tenendum
2186 2362 2292 2411 est.

1089 2429 1175 2487 ΙΙ.
1219 2432 1507 2489 Naturale
1533 2431 1813 2491 trifariam
1844 2432 1992 2491 sumi
2018 2440 2226 2509 potest,
2256 2432 2354 2491 vel
2380 2453 2485 2510 pro
2514 2452 2583 2492 eo
2611 2434 2767 2511 quod
2788 2456 2888 2494 na·

481 2482 965 2586 Nagadlpoqultmo-
1006 2517 1196 2567 turam
1224 2511 1515 2587 constituit,
1547 2519 1605 2570 et
1633 2512 1760 2589 ejus
1787 2520 1877 2571 est
1902 2532 2035 2588 pars
2064 2512 2407 2587 essentialis,
2431 2514 2529 2571 vel
2556 2513 2887 2591 integralis3

1003 2588 1100 2646 vel
1127 2607 1233 2667 pro
1260 2610 1330 2649 eo
1371 2590 1528 2668 quod
1553 2600 1824 2650 naturam
1864 2594 2212 2651 constitutam
2250 2592 2579 2672 immediate
2608 2602 2665 2653 et
2690 2615 2885 2654 neces-

480 2666 633 2726 sario
661 2667 1028 2743 consequitur,
1058 2676 1125 2727 ut
1153 2669 1280 2746 ejus
1305 2672 1626 2748 proprietas
1649 2695 1665 2747 3
1708 2672 1807 2730 vel
1833 2692 1937 2750 pro
1966 2693 2035 2732 eo
2064 2673 2219 2750 quod
2256 2682 2480 2730 naturoe
2506 2681 2595 2732 est
2636 2676 2888 2751 conqem'·

480 2755 612 2822 tum,
643 2753 704 2805 et
750 2755 1190 2822 consentaneum,
1223 2751 1494 2828 quodque
1542 2771 1671 2810 eam
1718 2760 1885 2812 ornat
1925 2760 1984 2812 et
2023 2753 2264 2830 perficit,
2311 2753 2499 2830 qualis
2543 2760 2632 2812 est
2658 2754 2889 2814 habitus

477 2824 648 2884 nobis
675 2827 1034 2904 congenitus.
1139 2828 1257 2886 Hic
1284 2849 1425 2889 vero
1452 2849 1570 2889 non
1614 2831 1809 2908 agitur
1834 2831 1907 2890 de
1950 2833 2311 2891 naturalibus
2351 2834 2521 2892 tertio
2549 2851 2737 2908 sensu,
2783 2834 2890 2892 sed

609 2959 620 2972 ,
702 2960 714 2972 ,
1006 2907 1208 2984 primo,
1240 2917 1300 2967 et
1341 2910 1610 2986 secunde,
1658 2911 1736 2970 id.
1772 2912 1869 2969 vel
1910 2911 2315 2988 constitutivis,
2348 2913 2446 2971 vel
2486 2913 2885 2990 consecutivis,

525 2959 919 3064 Qussqtffigara
1008 3005 1138 3062 quse
1155 3007 1318 3063 pura
1346 2987 1614 3048 dicuntur
1655 2991 1916 3068 opposite
1953 2991 2029 3050 ad
2070 2991 2405 3068 accidentia,
2438 3013 2540 3052 seu
2578 2993 2887 3070 qualitates

1009 3067 1358 3142 separabiles
1381 3090 1395 3144 ;
1441 3066 1640 3145 Atque
1669 3070 1751 3129 ita
1775 3071 1949 3130 homo
1990 3071 2051 3129 in
2078 3072 2239 3150 puris
2275 3073 2632 3132 naturalibus
2658 3072 2884 3151 dicitur,

478 3142 582 3219 qui
610 3149 838 3202 constat
865 3143 1126 3220 partibus
1155 3147 1291 3220 suiS,
1323 3157 1382 3206 et
1408 3149 1856 3225 proprietatibus
1884 3151 2302 3226 essentialibuS,
2333 3153 2551 3230 absque
2589 3153 2741 3212 dono
2764 3153 2889 3230 jus-

477 3221 621 3280 titiae
650 3221 966 3299 originalis,
999 3231 1058 3283 et
1085 3223 1210 3284 sine
1237 3227 1372 3286 ullis
1401 3227 1777 3304 qualitatibus
1804 3231 1902 3290 vel
1949 3231 2243 3291 habitibus
2272 3232 2675 3309 superadditis,
2719 3233 2887 3292 bonis

1001 3303 1101 3362 vel
1127 3304 1312 3365 malis.
1399 3307 1480 3366 Et
1504 3317 1682 3367 παίω
1697 3330 1870 3386 puroe
1908 3320 2133 3370 natur-cs
2158 3319 2414 3386 vocatur,
2434 3313 2692 3389 puritate
2717 3334 2885 3391 nega·

518 3355 587 3402 Et
608 3358 922 3462 ffffssssaelsm
1004 3385 1134 3459 tiva,
1166 3404 1282 3444 non
1299 3387 1563 3464 Ροείείυα,
1589 3409 1705 3466 qua
1727 3390 1948 3450 scilicet
1967 3399 2187 3451 naturae
2210 3392 2639 3470 superadditum
2668 3392 2883 3452 bonum

999 3463 1098 3522 vel
1123 3465 1341 3524 malum
1368 3467 1514 3525 nihil
1540 3469 1770 3528 habeat.

556 3538 676 3597 III.
722 3539 854 3600 Non
881 3543 1174 3621 quaeritur,
1207 3544 1306 3603 An
1335 3547 1636 3625 concipere
1676 3549 1965 3626 possimus
1992 3550 2284 3609 hominem
2324 3550 2385 3608 in
2412 3550 2572 3630 puris
2608 3552 2883 3611 naturali·

472 3619 602 3694 bus,
633 3620 944 3696 cogitando
972 3622 1044 3681 de
1074 3624 1203 3701 ejus
1244 3627 1496 3685 essentia
1523 3636 1581 3686 et
1619 3629 2068 3706 proprietatibus
2114 3631 2535 3706 essentialibus,
2566 3651 2683 3689 non
2726 3632 2881 3710 cogi-

471 3697 650 3757 tando
678 3698 750 3758 de
780 3701 907 3780 ejus
948 3701 1222 3780 bonitate,
1253 3707 1352 3765 vel
1387 3707 1629 3782 malitia,
1662 3709 1820 3785 quod
1860 3709 2129 3788 utrinque
2172 3718 2261 3769 est
2308 3711 2368 3768 in
2396 3709 2698 3771 confesso:
2746 3711 2878 3787 Sed,

470 3777 572 3836 An
599 3779 789 3855 homo,
821 3782 1010 3857 qualis
1039 3803 1072 3842 e
1097 3804 1272 3844 manu
1303 3786 1416 3846 Dei
1459 3787 1691 3866 prodiit,
1721 3788 1784 3846 in
1824 3789 1928 3848 tali
1956 3797 2112 3850 statu
2153 3789 2420 3849 conditus
2449 3791 2541 3867 sit,
2572 3792 2669 3850 vel
2710 3791 2883 3850 condi

469 3857 675 3917 saltem
702 3861 953 3935 potuerit
971 3864 1000 3919 Ρ
1042 3863 1210 3937 Quod
1236 3884 1535 3942 negamus.

557 3937 668 3995 IV.
712 3937 832 3997 Res
860 3941 1028 3999 nobis
1053 3942 1150 4002 hie
1178 3952 1268 4002 est
1295 3965 1426 4004 cum
1457 3945 1791 4024 Pelagianis
1816 3948 2126 4025 veteribus,
2158 3957 2217 4008 et
2243 3949 2411 4008 novis
2434 3971 2449 4026 3
2492 3969 2734 4027 quorum
2778 3949 2881 4026 illi,

468 4023 536 4073 ut
560 4025 861 4092 peccatum
888 4020 1168 4097 originale
1196 4023 1574 4100 destruerent,
1607 4035 1668 4084 et
1705 4026 1952 4087 liberum
1980 4029 2281 4088 arbitrium
2324 4029 2663 4105 stabilirent,
2694 4030 2876 4088 finxe-

467 4101 604 4153 runt
631 4103 845 4154 statum
870 4116 1029 4175 purae
1055 4109 1294 4177 nat-urse,
1314 4103 1377 4160 in
1403 4123 1519 4181 quo
1545 4105 1719 4164 homo
1748 4107 2015 4168 conditus
2042 4108 2215 4187 fuerit
2232 4110 2305 4169 ab
2328 4109 2510 4184 initio,
2532 4117 2591 4169 et
2618 4109 2877 4187 quotidie

467 4173 643 4232 etiam
670 4185 956 4236 nascatur.
1041 4179 1168 4254 Quo
1194 4182 1485 4258 pertinent
1511 4183 1614 4243 ina
1642 4186 1871 4264 Pelagii
1911 4188 2065 4266 apud
2092 4190 2240 4266 Auq.
2271 4190 2345 4249 de
2374 4189 2604 4249 Peccat,
2635 4191 2780 4268 orig.
2826 4209 2876 4249 c.

471 4255 565 4329 13,
599 4256 636 4286 “
659 4253 842 4314 Omne
868 4256 1084 4317 bonum
1112 4279 1180 4318 ac
1206 4260 1441 4338 malum,
1471 4283 1588 4341 quo
1614 4266 1713 4325 vel
1756 4266 2094 4344 laudabileS,
2126 4268 2223 4328 vel
2264 4269 2629 4330 illaudabiles
2658 4289 2872 4345 sumus,

465 4351 584 4391 non
605 4334 912 4425 nobiscum
940 4337 1136 4415 oritur,
1169 4338 1274 4398 sed
1300 4341 1494 4418 agitur
1520 4364 1555 4402 a
1581 4346 1769 4405 nobis.
1854 4347 2109 4425 Capaces
2130 4349 2281 4408 enim
2310 4349 2611 4427 utriusque
2639 4351 2739 4426 rei,
2761 4369 2878 4408 non

464 4414 624 4506 pleni
649 4415 956 4491 nascimur,
987 4426 1046 4477 et
1073 4428 1138 4479 ut
1167 4420 1288 4479 sine
1317 4421 1549 4500 virtute,
1579 4426 1663 4485 ita
1690 4435 1749 4486 et
1776 4427 1899 4486 sine
1928 4428 2073 4488 vitio
2111 4449 2494 4506 procreamur,
2527 4437 2699 4507 atque
2742 4437 2875 4488 ante

464 4501 750 4553 actionem
777 4496 1022 4574 propriae
1049 4499 1383 4577 voluntatis,
1407 4503 1471 4561 id
1499 4505 1685 4565 solum
1708 4507 1769 4564 in
1796 4507 2027 4568 bomine
2056 4517 2145 4568 est
2173 4509 2329 4586 quod
2353 4510 2515 4569 Deus
2536 4510 2797 4568 condidit
2816 4509 2874 4569 :⁰

465 4572 576 4632 Isti
602 4593 742 4634 vero
770 4575 888 4635 illis
915 4577 976 4635 in
1004 4598 1073 4638 eo
1101 4579 1540 4660 adstipulantur,
1564 4592 1631 4645 ut
1659 4585 1887 4647 facilius
1906 4596 2177 4648 tueantur
2198 4590 2243 4649 J
2243 4589 2502 4649 ustitiam
2530 4589 2872 4667 originalem

462 4651 640 4713 fixisse
667 4654 884 4718 donum
925 4661 1374 4738 supernaturale,
1407 4665 1840 4743 superadditum
1888 4677 2126 4746 naturae,
2160 4678 2436 4748 tanquam
2478 4689 2714 4729 aureum
2742 4668 2872 4728 frte-
