3300 5225
315 354 537 407 qums-r.
567 334 684 415 1v.]
1193 350 1273 390 nn
1301 351 1514 393 nunno
1543 352 1841 395 Anmrmo.
2612 336 2727 395 607

318 505 434 557 tur.
477 496 601 555 Nee
627 490 788 553 aliud
812 498 1056 569 possunt
1084 492 1312 585 sentire,
1337 493 1438 570 qui
1467 494 1756 589 yoluntati
1783 512 1945 555 suam
1965 491 2259 589 oZBaaecpfga‘aev
2280 512 2507 571 semper
2532 514 2729 588 super-

320 570 1388 729 iffssspi¹32d33ifint⁰idqgssatissnni⁵
1425 572 2733 732 &mnata‘'immtatffldssfssssffitssg

321 744 389 797 ut
413 734 609 793 varios
635 752 712 793 ex
739 731 1071 806 Thomistis,
1125 732 1540 811 Dominicanis,
1584 743 1643 796 et
1670 735 1959 813 praecipue
1986 734 2029 795 J
2031 735 2368 810 ansenistas,
2399 736 2729 809 reclamare,

321 815 632 894 quitotam
659 811 910 871 hominis
937 807 1214 889 ὒυηιμάιν
1260 823 1602 892 agnoscunt,
1654 825 1713 875 et
1760 825 1993 875 strenue
2040 823 2240 874 contra
2288 813 2519 874 Idolum
2564 814 2735 875 liberi

326 896 1010 1034 usstfflpzkggapaetm.
1011 979 1222 1029 trames
1247 988 1388 1029 vero
1433 971 1592 1049 quod
1635 981 1874 1051 spectat,
1920 981 2039 1032 tam
2069 974 2325 1053 speciose
2367 974 2601 1052 quidem
2627 975 2731 1033 ho-

328 1054 504 1113 minis
533 1052 972 1130 corruptionem,
1005 1060 1064 1110 et
1091 1050 1292 1128 gratiss
1335 1052 1740 1111 necessitatem
1785 1053 2102 1129 stabiliunt,
2154 1062 2219 1113 ut
2247 1072 2419 1131 supra
2444 1055 2591 1113 nihil
2619 1054 2735 1113 diei

327 1153 502 1213 posse
543 1132 827 1208 videatur,
879 1150 1058 1209 quum
1101 1130 1286 1190 Artic.
1337 1134 1394 1191 3.
1435 1130 1583 1190 Coll.
1629 1132 1811 1210 Hagi.
1855 1132 2217 1209 confitentur,
2272 1136 2308 1167 “
2332 1134 2645 1193 Hominem
2672 1136 2735 1192 in

329 1222 486 1273 statu
512 1212 852 1272 defectionis
879 1219 938 1270 et
963 1212 1203 1289 peccati,
1233 1208 1379 1269 nihil
1405 1210 1561 1287 boni,
1591 1211 1749 1289 qued
1777 1212 2011 1290 quidem
2038 1232 2175 1271 vere
2204 1212 2281 1272 sit
2298 1212 2531 1289 bonum,
2562 1214 2735 1290 quale

329 1294 473 1373 quid
499 1302 590 1353 est
617 1292 762 1351 fides
789 1291 1076 1367 salutaris,
1107 1310 1182 1349 ex
1211 1310 1272 1350 se
1300 1310 1471 1368 posse
1513 1294 1786 1370 cogitare,
1829 1292 1999 1367 velle,
2042 1301 2143 1351 aut
2170 1292 2374 1369 faeere,
2406 1294 2509 1352 sed
2536 1312 2733 1353 neces-

205 1436 218 1443 ,
332 1374 548 1433 sarium
574 1391 702 1432 esse
729 1390 862 1431 eum
889 1392 926 1430 a
953 1372 1082 1429 Deo
1107 1371 1168 1429 in
1199 1371 1428 1431 Christo
1453 1391 1558 1448 per
1589 1372 1865 1449 Spiritum
1913 1372 2187 1431 Sanctum
2214 1373 2343 1450 ejus
2370 1371 2615 1450 regigui,
2645 1392 2735 1431 re·

335 1453 541 1512 novari
567 1460 777 1528 mente,
808 1450 1126 1528 affectibus,
1158 1470 1260 1511 seu
1287 1452 1604 1527 voluntate,
1636 1460 1695 1511 et
1712 1452 1977 1511 omnibus
2004 1450 2394 1528 facultatibus,
2423 1461 2491 1511 ut
2516 1452 2739 1529 aliquid

335 1534 476 1593 boni
519 1532 704 1611 possit
751 1530 1094 1609 intelligere,
1141 1532 1295 1591 velle
1339 1540 1398 1591 et
1439 1532 1771 1609 perficere,’'
1815 1529 1925 1591 ὅτε.
1965 1532 2105 1609 quia
2150 1532 2371 1591 scilicet
2416 1548 2511 1591 res
2538 1532 2739 1591 odiosa

334 1622 476 1688 erat,
509 1612 755 1691 gratiam
785 1611 898 1671 Dei
925 1620 1120 1689 aperte
1147 1611 1504 1689 impugnare.
1587 1612 1810 1671 Verum
1858 1612 1909 1670 si
1950 1612 2203 1689 penitius
2250 1612 2311 1670 in
2350 1632 2550 1671 eorum
2576 1630 2735 1671 men-

333 1701 454 1753 tem
481 1692 807 1770 inquiritur,
837 1711 954 1750 non
983 1692 1226 1751 obscure
1273 1691 1495 1770 patebit
1520 1712 1622 1751 eos
1649 1692 1809 1751 idolo
1850 1692 2019 1751 liberi
2060 1692 2282 1751 arbitrii
2307 1712 2426 1751 non
2450 1693 2643 1751 minus
2670 1711 2738 1753 ae

337 1772 676 1833 Pontificios
718 1771 903 1847 litare,
934 1790 1003 1830 ae
1053 1772 1544 1849 Pelagianismum
1587 1792 1899 1850 revocare3
1944 1772 2136 1847 Quum
2162 1772 2479 1833 voluntatis
2504 1772 2738 1831 liberta-

337 1858 458 1911 tem
486 1851 550 1909 in
577 1844 847 1932 ὀὶιιφοςίᾳ
872 1851 1246 1927 constituunt,
1278 1860 1336 1911 et
1361 1852 1608 1911 liberum
1636 1852 1937 1911 arbitrium
1964 1851 2159 1911 flexile
2180 1872 2309 1913 esse
2348 1852 2409 1911 in
2438 1860 2741 1930 utramque

336 1938 560 2009 partem
603 1932 779 1989 etiam
820 1930 946 1990 sine
990 1931 1194 2007 gratia,
1220 1939 1501 2006 asserunt,
1549 1931 1705 2008 apud
1752 1930 1981 1990 Armin.
2028 1941 2183 1991 cont.
2216 1932 2389 1991 Perk.
2416 1952 2551 2010 pag.
2582 1936 2740 2011 2443

340 2011 533 2086 Quum
559 2010 806 2087 gratiam
835 2028 1060 2086 semper
1087 2009 1454 2069 resistibilem
1483 2018 1761 2085 statuunt,
1793 2018 1859 2069 ut
1898 2030 2077 2087 penes
2105 2011 2462 2070 voluntatem
2490 2012 2742 2071 hominis

338 2091 417 2150 sit
443 2109 670 2167 semper
695 2109 821 2149 eam
850 2088 1152 2149 admittere
1200 2089 1297 2147 vel
1343 2090 1621 2166 rejicere3
1668 2089 1859 2165 Quum
1906 2090 2087 2148 vitam
2130 2090 2486 2167 spiritualem
2528 2090 2588 2148 in
2635 2092 2739 2149 ho-

337 2170 494 2229 mine
522 2168 758 2228 animali
783 2188 904 2227 nen
928 2169 1161 2246 penitus
1187 2187 1223 2226 a
1249 2177 1440 2228 mente
1458 2168 1727 2245 separari,
1750 2188 1859 2227 nee
1885 2188 2021 2227 vere
2042 2188 2110 2227 ae
2126 2170 2353 2246 proprie
2382 2188 2417 2227 a
2442 2170 2743 2229 voluntate

339 2257 698 2327 agnoscunt;
742 2256 800 2307 et
827 2248 1186 2308 voluntatem
1231 2248 1315 2307 sic
1360 2248 1602 2306 liberam
1652 2249 1713 2305 in
1758 2268 1883 2309 sese
1916 2268 2167 2326 manere,
2195 2257 2264 2309 ut
2290 2250 2533 2308 excitari
2558 2250 2744 2326 possit

339 2330 416 2388 ad
442 2330 659 2389 bonum
687 2338 996 2406 antequam
1022 2328 1252 2406 proprie
1279 2328 1622 2403 vivificetur,
1654 2336 1755 2387 aut
1782 2328 1931 2387 ullas
1958 2348 2142 2389 novas
2182 2328 2337 2387 vires
2378 2329 2639 2406 accipiat,
2683 2330 2745 2387 in

343 2410 524 2469 Colla.
557 2408 734 2486 Hagi.
763 2429 899 2486 pag.
948 2410 1066 2467 298
1091 2430 1106 2485 3
1151 2409 1342 2483 Quum
1392 2408 1635 2485 gratiam
1688 2408 1799 2467 Dei
1846 2417 1906 2467 et
1950 2408 2195 2467 liberum
2244 2408 2544 2468 arbitrium
2572 2410 2745 2468 simul

337 2508 468 2549 esse
496 2509 698 2548 causas
713 2490 1010 2565 partiales,
1061 2508 1162 2546 seu
1189 2508 1494 2547 conc-ausas
1529 2488 1805 2548 dixerunt
1850 2487 2005 2567 apud
2050 2486 2400 2548 GrevinehO.
2443 2509 2577 2568 pag.
2606 2491 2745 2565 209,

343 2571 482 2648 210,
513 2574 580 2629 ut
605 2569 852 2628 liberum
881 2567 1179 2628 arbitrium
1207 2568 1442 2648 quidem
1469 2567 1614 2626 nihil
1641 2570 1827 2646 possit
1854 2587 1889 2627 a
1917 2588 1995 2642 se,
2039 2567 2103 2628 id
2130 2576 2219 2630 est
2246 2570 2451 2646 solum,
2483 2569 2585 2629 sed
2614 2589 2745 2647 pos-

339 2651 418 2710 sit
444 2656 638 2709 tamen
663 2648 886 2728 aliquid
912 2669 1043 2708 cum
1072 2649 1274 2726 gratia.
1361 2648 1502 2723 Quae
1529 2649 1723 2708 omnia
1751 2649 1893 2709 satis
1930 2649 2200 2727 produnt,
2244 2649 2520 2727 quicquid
2548 2650 2621 2710 de
2648 2671 2749 2710 na-

337 2736 484 2789 turae
528 2729 890 2808 corruptione
927 2730 1170 2807 jactant,
1211 2727 1286 2788 ad
1329 2727 1524 2787 fucum
1569 2728 1899 2788 faciendum
1939 2729 2145 2804 dicere,
2196 2738 2261 2788 ut
2286 2729 2490 2788 lectori
2517 2731 2749 2790 incauto

340 2810 580 2888 palpum
606 2809 936 2884 obtrudant,
967 2817 1028 2869 et
1053 2809 1362 2888 genuinam
1393 2827 1588 2867 eorum
1617 2817 1869 2868 mentem
1897 2827 2041 2884 esse,
2064 2809 2309 2868 liberum
2332 2809 2633 2868 arbitrium
2660 2818 2751 2869 sat

339 2889 557 2949 virium
600 2889 789 2950 adhue
839 2890 1068 2966 habere,
1114 2897 1182 2949 ut
1223 2909 1355 2948 eum
1399 2888 1588 2967 gratia
1631 2889 1877 2952 salutem
1920 2907 2081 2948 suam
2110 2895 2393 2965 operetur.
2480 2890 2535 2947 N
2537 2909 2603 2948 ee
2629 2897 2751 2948 tam

341 2989 582 3050 operose
609 2970 876 3030 omnibus
903 2969 1276 3048 argumentis,
1308 2969 1519 3047 quibus
1546 2966 1823 3046 ἀδυναμίαι
1846 2967 2090 3048 probare
2108 2968 2375 3044 solemus,
2408 2967 2640 3028 obviam
2667 2967 2751 3027 ire

347 3057 695 3127 satagerent,
725 3048 840 3110 nisi
867 3069 930 3110 se
957 3050 1078 3127 peti
1106 3051 1384 3110 sentirent
1407 3072 1420 3126 ;
1465 3058 1531 3110 ut
1557 3071 1659 3109 eos
1700 3069 1933 3110 causam
1962 3067 2124 3108 suam
2168 3068 2340 3126 agere
2366 3048 2537 3108 facile
2562 3047 2752 3126 possis

343 3147 674 3205 agnoscere.
763 3129 880 3189 Sed
909 3129 1234 3190 Orthodoxi
1263 3138 1477 3206 contra,
1528 3131 1668 3190 lieet
1692 3130 1941 3190 liberum
1984 3129 2235 3190 hominis
2276 3129 2575 3189 arbitrium
2604 3147 2752 3188 sem-

345 3225 450 3284 per
477 3207 536 3264 in
565 3207 798 3265 homine
826 3208 1020 3284 quoad
1063 3209 1398 3268 essentialia
1439 3229 1673 3270 manere
1701 3216 1975 3287 statuant,
2018 3210 2211 3270 nullas
2258 3216 2453 3269 tamen
2493 3209 2555 3268 in
2582 3229 2653 3269 eo
2679 3208 2756 3268 ad

345 3285 564 3346 bonum
589 3285 748 3344 vires
777 3305 1078 3364 superesse
1108 3294 1363 3347 censent.
1854 3325 1859 3330 ·

347 3403 518 3449 Liberi
532 3403 733 3449 arbitrii
747 3403 834 3448 im·
957 3365 1079 3458 lX.
1123 3364 1404 3457 Rati-ones
1431 3371 1584 3423 sunt.
1619 3367 1673 3422 1.
1718 3367 1869 3439 Quia
1912 3367 2105 3460 homo·
2128 3385 2322 3426 servus
2364 3367 2577 3462 dicitur
2620 3383 2753 3449 pec-

404 3463 838 3592 Ξὲἓῒίῗτοὲῑῖἓιτ
877 3441 2756 3602 {zzzfiszffsffizgs‘zhs{5332233230533123222‘221331

405 3582 610 3636 peceati.
878 3603 1038 3664 ritati
1063 3609 1129 3668 ek
1154 3603 1373 3678 duplat,
1403 3611 1464 3661 et
1493 3602 1681 3661 subsit
1721 3601 1977 3662 dominio
2022 3602 2262 3678 peceati,
2316 3601 2486 3661 Rom.
2532 3604 2612 3663 vi.
2659 3607 2752 3680 12,

352 3685 578 3764 14„qui
605 3705 641 3746 a
669 3685 919 3745 Diabole
947 3683 1212 3742 devictus
1239 3683 1294 3742 ei
1321 3682 1383 3742 in
1411 3681 1749 3741 servitutem
1778 3679 2045 3740 addictus
2073 3689 2179 3756 est,
2210 3687 2247 3740 2
2273 3681 2398 3741 Pet.
2426 3682 2487 3742 ii.
2522 3685 2614 3759 19,
2646 3683 2755 3742 sub

347 3761 466 3844 quo
495 3774 560 3826 ut
585 3765 762 3844 hujus
788 3763 991 3825 mundi
1021 3763 1288 3840 Principe
1317 3760 1602 3821 desideria
1627 3762 1785 3820 mala
1810 3761 2027 3839 implet,
2058 3769 2117 3820 et
2156 3761 2295 3820 facit
2334 3761 2493 3838 quod
2518 3761 2607 3821 illi
2632 3763 2754 3842 pla-

347 3855 456 3921 cet,
489 3846 583 3904 eui
611 3845 756 3904 nihil
781 3845 896 3904 nisi
922 3844 1136 3902 malum
1165 3843 1369 3920 placet,
1399 3842 1444 3902 J
1447 3842 1575 3900 ohe.
1605 3841 1729 3900 viii.
1758 3845 1855 3918 44,
1886 3849 1945 3900 et
1972 3841 2034 3900 in
2059 3860 2175 3918 qno
2202 3841 2593 3902 efficacissime
2622 3863 2757 3922 ope·

347 3933 525 4000 ratur,
558 3926 709 4003 Eph.
738 3925 798 3984 ii.
829 3929 884 4000 2,
916 3923 1018 4001 qui
1044 3920 1294 3998 denique
1321 3921 1383 3980 in
1421 3921 1747 3980 libertatem
1795 3921 1976 3981 asseri
2014 3939 2132 3979 non
2176 3929 2370 3998 potest
2398 3922 2529 3982 nisi
2572 3943 2756 3982 asser-

349 4011 476 4064 tore
521 4005 767 4080 Christo,
817 4004 863 4064 J
865 4004 1036 4064 ohan.
1083 4002 1207 4061 viii.
1257 4004 1354 4061 36.
1419 4001 1564 4076 Quis
1589 4021 1731 4061 vero
1776 4001 1994 4061 dixerit
2016 4000 2395 4060 miserrimam
2438 4001 2610 4063 istam
2638 4023 2755 4062 ser-

349 4083 599 4144 vitutem
642 4084 704 4142 in
744 4083 900 4143 malo
943 4101 1075 4142 cum
1102 4101 1278 4140 aurea
1323 4080 1400 4140 ad
1437 4082 1657 4140 bonum
1704 4089 1857 4141 stare
1898 4099 2067 4160 posse
2112 4080 2407 4158 libertat03
2452 4090 2511 4142 et
2556 4103 2758 4161 pecea-

348 4170 534 4223 torem
577 4164 738 4223 carni
780 4163 1171 4240 mancipatum
1214 4160 1435 4239 aliquid
1480 4181 1652 4239 posse
1692 4181 1807 4240 quo
1852 4179 1914 4220 se
1942 4179 1978 4218 a
2022 4160 2349 4237 tyrannidis
2387 4162 2535 4240 jugo
2562 4163 2657 4223 cui
2696 4183 2759 4224 se

353 4250 558 4320 sponte
579 4243 807 4303 addixit
825 4242 1074 4303 liberet?
1102 4239 1362 4300 Maxime
1389 4259 1522 4300 cum
1544 4237 1795 4301 servitus
1820 4241 1938 4318 illa,
1956 4240 2095 4300 lieet
2110 4238 2434 4318 durissima,
2458 4243 2545 4300 illi
2564 4255 2759 4303 tamen

355 4331 523 4400 grata
551 4323 643 4397 sit,
673 4332 734 4383 et
753 4329 978 4382 tantum
1007 4321 1186 4396 abest,
1206 4327 1273 4380 ut
1298 4319 1626 4380 libertatem
1655 4341 1727 4380 ex
1805 4329 1892 4381 tat
1915 4320 2014 4380 vel
2034 4328 2269 4398 quaerat,
2298 4329 2367 4380 ut
2392 4321 2628 4382 vincula
2656 4341 2761 4382 sua

353 4403 550 4480 potius
578 4402 885 4480 osculetur,
917 4410 977 4462 et
1014 4399 1415 4460 liberationem
1453 4399 1658 4478 fugiat.
1802 4411 1828 4460 t
1868 4421 2009 4460 vero
2050 4400 2317 4460 duritiem
2361 4401 2531 4461 istius
2578 4402 2759 4461 servi-

354 4482 498 4542 tutis
557 4481 854 4558 Scriptura
905 4481 1110 4540 fortius
1135 4479 1462 4557 exprimat,
1514 4479 1709 4538 omnia
1736 4479 2033 4541 servitutis
2078 4499 2293 4559 genera
2330 4480 2500 4539 uobis
2540 4481 2759 4558 tribuit,

357 4569 476 4620 tam
519 4579 718 4621 eorum
745 4560 937 4640 quiin
963 4559 1161 4621 servili
1201 4558 1530 4618 conditione
1571 4557 1730 4618 demi
1772 4561 2171 4637 nascebantur,
2222 4559 2323 4638 qui
2381 4563 2581 4620 Vernae
2606 4560 2760 4621 dice-

359 4640 590 4720 bantur,
611 4640 748 4702 dum
775 4640 860 4702 ait
883 4659 994 4702 nos
1017 4649 1233 4701 natm-a
1241 4640 1400 4718 filios
1426 4659 1540 4700 me
1567 4639 1689 4718 ἕνα,
1711 4638 1861 4720 Eph.
1890 4640 1953 4700 ii.
1970 4643 2026 4721 3,
2056 4639 2305 4720 ideoque
2330 4659 2531 4702 servos
2556 4659 2761 4720 poenae,
