3300 5225
570 252 687 310 558
1570 265 1753 307 Locus
1783 263 1992 306 sos-us.
2621 241 2908 325 [cess-r.
2939 263 3028 304 η,

572 407 746 468 Ratio
774 407 1047 484 Imaqim‘s
1074 406 1305 482 divinae,
1336 414 1395 466 et
1423 406 1467 466 J
1470 406 1682 466 ustitiae
1711 404 2027 484 originaliS,
2059 423 2233 482 quam
2263 403 2530 464 Adamus
2551 425 2666 484 pro
2697 424 2770 463 se
2805 412 2874 464 et
2903 405 3030 464 suis

572 495 888 566 acceperat,
919 507 1035 546 non
1062 495 1127 546 ut
1155 488 1372 546 bonum
1398 487 1720 564 personale,
1751 495 1811 546 et
1839 486 1951 546 sibi
1982 485 2288 564 peculiare,
2319 484 2422 543 sed
2462 495 2530 545 ut
2569 485 2818 544 bonum
2859 504 3026 543 com-

570 589 761 644 mune,
792 567 951 645 quod
970 567 1477 627 transmittendum
1506 566 1615 626 fuit
1635 567 1712 625 ad
1737 575 2017 644 posteros,
2049 565 2100 624 si
2129 565 2384 626 stetisset
2409 565 2472 624 in
2499 565 2890 642 integritate,
2917 564 3024 623 sed

572 668 688 726 quo
716 648 891 707 etiam
918 647 1203 725 privanda
1242 647 1353 706 fuit
1392 647 1521 724 ejus
1561 646 1886 725 posteritas,
1917 645 2019 705 ubi
2061 646 2242 722 semel
2271 644 2471 723 lapsus
2499 645 2756 722 suisset3
2819 655 2895 704 ut
2924 645 3018 703 hic

572 727 838 786 Adamus
867 726 1037 786 fuerit
1064 727 1247 786 instar
1286 726 1655 802 beneficiarii,
1687 725 1788 804 qui
1829 725 2065 785 feudum
2103 724 2393 803 accipiens
2433 745 2469 783 a
2508 724 2760 784 domino
2793 726 3022 802 accipit

572 807 719 865 illud
756 814 814 865 et
858 806 970 866 sibi
1014 816 1073 867 et
1114 807 1379 884 posteris,
1424 806 1528 866 sed
1568 827 1637 865 ea
1676 807 1826 884 lege,
1856 813 1922 866 ut
1964 805 2014 865 si
2054 806 2296 865 rebellet
2337 805 2618 865 adversus
2665 805 3018 880 dominum,

570 886 914 946 beneficium
942 906 1059 946 non
1088 887 1203 946 sibi
1229 887 1529 962 duntaxat,
1562 886 1668 946 sed
1695 896 1753 945 et
1779 885 2026 964 posteris
2055 885 2175 944 suis
2203 886 2445 946 amittat.
2530 885 2710 961 Quod
2729 883 3020 944 confess.

574 966 750 1028 Galli.
776 976 879 1026 art.
905 969 997 1026 10.
1022 967 1174 1026 clare
1200 967 1456 1044 exponit,
1485 969 1519 1000 ‘⁴
1540 967 1682 1042 Quae
1706 966 1868 1025 Deus
1896 965 2127 1025 Adamo
2143 965 2389 1044 largitus
2417 974 2555 1042 erat,
2587 985 2713 1024 non
2731 965 2862 1044 ipsi
2881 965 3016 1040 soli,

573 1046 677 1106 sed
704 1047 879 1106 etiam
906 1047 1013 1106 toti
1041 1047 1224 1124 ipsius
1250 1046 1574 1124 posteritati
1594 1046 1826 1105 fuerunt
1853 1045 2023 1106 data:
2052 1065 2120 1105 ac
2151 1045 2392 1122 proinde
2419 1065 2526 1104 nos
2551 1045 2616 1104 in
2642 1045 2852 1124 ipsius
2877 1065 3024 1123 per·

574 1147 716 1186 sona
744 1127 974 1205 spoliati
1001 1127 1170 1186 bonis
1190 1126 1307 1186 illis
1335 1127 1619 1202 omnibus,
1639 1126 1702 1184 in
1722 1145 1950 1184 omnem
1969 1126 2118 1184 hanc
2135 1125 2424 1185 miseriam
2445 1133 2504 1184 et
2517 1125 3018 1184 maledictionem

571 1207 938 1267 incidimus.”
1043 1209 1099 1266 3.
1147 1206 1475 1266 Commum'o
1491 1227 1796 1284 poenarum
1831 1213 1952 1265 tam
1993 1205 2366 1282 generalium,
2409 1225 2583 1282 quam
2625 1205 3014 1282 specialium,

571 1308 701 1365 quoe
729 1288 791 1345 in
810 1295 1072 1364 posteros
1093 1305 1209 1345 non
1236 1287 1428 1346 minus
1448 1307 1517 1346 ac
1543 1286 1605 1344 in
1632 1285 1927 1344 Adamum
1956 1285 2336 1362 dimanarunt,
2368 1305 2497 1362 quse
2517 1287 2676 1363 juste
2707 1305 2840 1344 non
2867 1305 3014 1364 pos·

574 1375 703 1426 sent
736 1367 940 1446 infligi,
970 1367 1085 1425 nisi
1126 1375 1545 1444 supponeretur
1584 1366 1904 1425 communis
1935 1365 2079 1441 L'ex,
2109 1373 2170 1424 et
2211 1367 2530 1424 communis
2569 1373 2814 1442 reatus3
2865 1385 3010 1424 nam

574 1447 624 1507 si
650 1467 823 1525 poena
869 1446 1099 1505 infracti
1145 1445 1379 1505 foederis
1428 1446 1503 1504 ad
1544 1465 1744 1505 omnes
1787 1445 2133 1520 extenditur,
2165 1445 2354 1504 foedus
2394 1465 2625 1523 quoque
2667 1453 2731 1505 et
2771 1446 2884 1504 lex
2927 1445 3008 1504 ad

572 1547 773 1587 omnes
801 1526 1039 1586 extendi
1066 1525 1257 1585 debet.
1340 1528 1399 1583 4.
1433 1527 1675 1586 Collatia
1691 1526 1908 1584 Adami
1931 1534 1985 1584 et
2013 1525 2238 1602 Christi,
2269 1545 2442 1603 quam
2483 1525 2739 1584 instituit
2768 1526 3005 1585 Paulus

574 1607 745 1666 Rom.
775 1626 852 1682 v.,
884 1614 943 1665 et
973 1609 1002 1664 1
1039 1606 1168 1664 Cor.
1198 1623 1319 1681 xv„
1350 1624 1479 1681 quae
1506 1625 1623 1663 non
1650 1613 1844 1682 potest
1871 1603 2218 1665 sufficienter
2244 1605 2474 1683 salvari,
2503 1605 2618 1664 nisi
2643 1606 2846 1683 posita
2889 1606 3000 1663 im-

569 1685 867 1824 pugatione
914 1685 1154 1762 peccati,
1206 1703 1335 1761 quse
1383 1683 1728 1763 respondeat
1775 1684 2143 1762 imputationi
2175 1685 2438 1764 justitiae,
2483 1693 2550 1745 ut
2601 1693 2812 1763 postea
2855 1705 2996 1764 pro-

614 1785 649 1823 a
690 1765 821 1824 itur.

654 1845 837 1904 XIV.
882 1844 1066 1903 Poena
1092 1863 1265 1922 quam
1292 1852 1591 1922 peccatum
1635 1843 1852 1904 Adami
1891 1844 1953 1903 in
1993 1865 2100 1905 nos
2143 1845 2399 1923 accersit,
2429 1845 2528 1904 vel
2568 1853 2658 1905 est
2689 1846 2998 1922 punctim

572 1925 670 1984 vel
680 1926 945 2002 positiva.
1030 1923 1197 1982 Prior
1214 1931 1303 1984 est
1322 1925 1579 1984 carentia
1598 1933 1658 1985 et
1683 1924 1933 2003 privatio
1955 1926 2200 2003 justitiae
2227 1925 2542 2003 originalia,
2569 1925 2874 1985 Posterior
2901 1935 2994 1986 est

573 2024 729 2065 mors
756 2014 881 2065 tum
908 2004 1258 2082 temporalis,
1289 2012 1415 2064 tum
1442 2013 1673 2080 aeterna,
1705 2015 1764 2064 et
1790 2005 1852 2063 in
1879 2025 2089 2084 genere
2109 2004 2264 2064 mala
2303 2005 2511 2082 omnia,
2542 2025 2672 2082 quae
2712 2017 2988 2083 peccato-

571 2087 735 2148 ribus
783 2085 1188 2146 immittuntur.
1272 2085 1403 2145 Etsi
1431 2084 1685 2145 secunda
1710 2086 2036 2144 necessario
2078 2085 2337 2162 sequitur
2371 2085 2614 2163 primam
2655 2106 2732 2144 ex
2775 2095 2992 2146 natura

573 2167 675 2244 rei,
706 2167 820 2226 nisi
856 2164 1177 2226 intercedat
1207 2165 1318 2224 Dei
1360 2164 1769 2242 misericordia,
1800 2185 1918 2224 non
1947 2165 2119 2225 debet
2159 2174 2354 2225 tamen
2393 2184 2524 2224 cum
2572 2185 2642 2224 ea
2683 2166 2988 2225 confundi.

576 2246 781 2322 Quoad
824 2248 1068 2326 primam
1113 2245 1359 2305 dicimus
1396 2245 1614 2304 Adami
1661 2254 1960 2322 peccatum
2003 2244 2174 2304 nobis
2219 2245 2492 2324 imputari
2531 2245 2864 2305 immediate
2911 2247 2990 2305 ad

572 2347 803 2406 poenam
847 2325 1215 2405 privativam,
1265 2325 1403 2402 quia
1448 2333 1539 2384 est
1580 2343 1755 2384 causa
1795 2325 2136 2402 privationis
2169 2325 2414 2402 justitiae
2457 2324 2772 2403 originalia,
2805 2335 2864 2385 et
2900 2327 2988 2385 sic

571 2407 996 2485 corruptionem
1022 2405 1362 2465 antecedere
1391 2404 1578 2481 debet,
1606 2405 1812 2464 saltem
1841 2405 2039 2464 ordine
2067 2413 2316 2480 naturae3
2352 2405 2468 2466 Sed
2488 2405 2681 2482 quoad
2699 2406 2986 2482 posterio-

572 2507 695 2545 rem
721 2495 913 2565 potest
941 2485 1056 2544 dici
1083 2484 1355 2563 imputari
1380 2485 1629 2544 mediate
1658 2484 1850 2562 quoad
1877 2505 2105 2563 posnam
2131 2485 2458 2563 positivam,
2489 2485 2626 2563 quia
2639 2485 2752 2544 -isti
2791 2505 2986 2564 poenae

572 2565 814 2627 obnoxii
839 2585 958 2626 non
985 2584 1201 2643 sumus,
1231 2565 1346 2625 nisi
1370 2573 1678 2644 postquam
1705 2565 1829 2625 nati
1855 2572 1914 2626 et
1941 2565 2194 2643 corrupti
2221 2585 2436 2625 sumus.

655 2647 801 2706 XV.
846 2647 1101 2723 Quaestio
1128 2646 1279 2705 redit
1306 2644 1382 2705 ad
1408 2647 1516 2705 hos
1556 2646 1851 2723 terminos,
1884 2645 1984 2704 An
2023 2654 2325 2724 peccatum
2369 2645 2601 2721 Adami,
2632 2664 2752 2704 non
2793 2647 2986 2724 quod-

566 2726 727 2804 libet,
760 2727 863 2789 sed
888 2727 1154 2807 primum,
1184 2746 1303 2785 non
1327 2725 1639 2802 habituale,
1673 2726 1777 2785 sed
1803 2726 2044 2802 actuale,
2074 2726 2322 2804 posteris
2363 2725 2489 2805 ejus
2516 2726 2784 2785 omnibus
2812 2736 2987 2786 natu-

574 2809 773 2867 raliter
800 2809 873 2868 ab
902 2828 971 2867 eo
1001 2806 1260 2866 oriundis
1288 2806 1618 2883 imputetur,
1648 2804 2044 2884 imputatione,
2075 2825 2194 2865 non
2210 2806 2460 2865 mediata
2487 2814 2546 2865 et
2574 2816 2986 2884 consequente,

572 2888 677 2945 sed
703 2888 1037 2947 immediata
1064 2893 1123 2943 et
1150 2884 1543 2945 antecedente.
1628 2884 1728 2941 Illi
1769 2904 1902 2945 cum
1942 2885 2155 2962 quibus
2193 2886 2290 2945 hic
2333 2887 2575 2963 agimus,
2619 2887 2717 2945 vel
2761 2897 2988 2963 negant

570 2967 833 3025 absolute
870 2964 1325 3042 imputationem,
1356 2963 1453 3021 vel
1493 2963 1806 3023 mediatam
1843 2972 2070 3023 tantum
2118 2965 2456 3042 admittunt3
2503 2966 2624 3025 Nos
2665 2985 2805 3025 vero
2847 2986 2986 3025 cum

574 3044 929 3104 Orthodoxis
965 3051 1273 3119 utrumque
1300 3041 1667 3120 affirmamuS,
1698 3052 1757 3103 et
1785 3043 1911 3102 dari
1950 3044 2404 3122 imputationem,
2437 3053 2495 3105 et
2535 3065 2662 3105 eam
2704 3064 2829 3105 esse
2871 3046 2986 3105 im-

570 3122 881 3183 mediatam
909 3130 966 3182 et
996 3122 1446 3181 antecedentem.

570 3228 817 3274 Probatur
857 3228 1050 3273 peccati
1174 3201 1355 3261 XVI.
1402 3202 1682 3262 Rationes
1711 3212 1864 3264 sunt.
1951 3206 2005 3263 1.
2037 3204 2187 3281 Quia
2217 3205 2434 3265 Paulus
2463 3204 2538 3264 ad
2567 3206 2737 3264 Rom.
2767 3225 2892 3284 cap.
2914 3226 2981 3265 v.

628 3286 1048 3390 iffputfftiffil-Ex
1095 3285 1186 3360 12,
1223 3284 1314 3359 13,
1351 3285 1442 3359 14,
1469 3281 1596 3359 Sec„
1616 3284 2056 3362 imputationem
2084 3286 2253 3345 istam
2282 3286 2434 3345 clare
2456 3284 2720 3360 adstruit,
2754 3288 2791 3319 “
2817 3286 2986 3347 Sicut

678 3358 770 3391 ⁰⁸·
792 3359 837 3388 x.
918 3380 931 3391 ·
1091 3383 1196 3441 per
1221 3383 1401 3421 unum
1427 3364 1720 3423 hominem
1747 3372 2047 3442 peccatum
2089 3366 2308 3424 introiit
2347 3366 2410 3423 in
2449 3364 2746 3441 mnndum,
2778 3374 2836 3424 ct
2874 3386 2985 3442 per

566 3448 870 3520 peccatum
896 3461 1067 3518 mors,
1100 3452 1159 3502 et
1185 3443 1268 3503 ita
1306 3444 1368 3502 in
1394 3462 1597 3503 omnes
1622 3444 1888 3504 homines
1915 3464 2070 3504 mors
2097 3446 2342 3519 transiit,
2371 3444 2435 3501 in
2461 3464 2578 3522 quo
2604 3464 2806 3503 omnes
2843 3464 2980 3521 pec-

569 3528 789 3598 carunt,
811 3518 960 3581 &c.''
994 3522 1089 3580 Ex
1108 3523 1319 3601 quibus
1335 3523 1499 3582 varia
1514 3531 1790 3601 petuntur
1807 3533 2164 3601 argumenta.
2199 3526 2250 3597 l.
2265 3525 2360 3581 Ex
2378 3543 2552 3602 scopo
2573 3522 2861 3602 Apostoli,
2876 3526 2981 3602 qui

567 3611 657 3662 est
684 3602 925 3679 probare
944 3602 1156 3663 illustri
1183 3611 1324 3680 typo
1346 3602 1780 3681 justificationis
1807 3601 2127 3662 doctrinam
2153 3622 2258 3681 per
2283 3602 2718 3680 imputationem
2734 3605 2979 3683 justitiae

570 3682 801 3756 Christi,
823 3681 896 3741 de
924 3702 1040 3759 qua
1066 3683 1297 3741 locutus
1313 3683 1499 3743 fllerat
1516 3702 1641 3760 cap.
1665 3681 1746 3741 iii.
1767 3690 1827 3741 et
1845 3683 1954 3759 iv.;
1986 3683 2124 3760 quia
2143 3684 2296 3741 enim
2317 3683 2524 3742 mirum
2547 3683 2735 3743 videri
2754 3692 2978 3762 poterat

566 3771 627 3821 et
652 3762 951 3821 insolitum
980 3762 1169 3820 aliena
1188 3762 1419 3840 justitia
1460 3762 1713 3840 aliquem
1747 3762 2072 3840 justificari,
2105 3761 2427 3840 Apostolus
2467 3782 2572 3840 per
2611 3762 2974 3823 collationem

567 3840 787 3898 Adami
815 3848 875 3899 et
902 3840 1117 3900 Christi
1127 3844 1565 3915 fiandamentum
1592 3842 1667 3901 ab
1697 3842 1961 3919 opposito
1987 3842 2156 3902 istius
2189 3842 2453 3920 mysterii
2479 3844 2686 3921 probat
2727 3863 2800 3902 ex
2843 3863 2974 3903 con-

566 3919 948 3995 demnatione,
1000 3940 1175 3998 quam
1218 3922 1381 3980 Deus
1427 3922 1615 3980 voluit
1655 3921 1720 3979 in
1759 3941 1960 3980 omnes
1996 3921 2247 3981 derivari
2285 3931 2521 4000 propter
2545 3923 2718 3982 unius
2757 3924 2978 4001 peccati

566 3998 1019 4075 imputationem,
1050 4008 1117 4059 ut
1144 4000 1630 4077 quemadmodum
1661 3998 1926 4060 Adamus
1954 4021 1990 4059 a
2032 4002 2158 4061 Deo
2189 4002 2375 4081 Caput
2415 4011 2475 4062 et
2520 4002 2707 4081 Stirps
2749 4004 2976 4081 generis

565 4077 804 4135 humani
832 4078 1181 4139 constitutus
1210 4087 1314 4154 est,
1346 4087 1405 4138 et
1432 4088 1626 4138 reatus
1653 4080 1875 4155 peccati
1903 4081 2010 4159 sui,
2043 4089 2101 4140 et
2128 4102 2202 4141 ex
2233 4102 2301 4141 eo
2329 4100 2484 4142 mors
2511 4082 2574 4141 in
2601 4102 2800 4141 omnes
2828 4082 2974 4141 deri-

563 4163 838 4214 varetur:
868 4156 963 4215 Ita
992 4157 1255 4216 Christus
1282 4159 1431 4217 alter
1456 4156 1724 4219 Adamus
1754 4160 1941 4237 Caput
1976 4160 2164 4221 factus
2205 4162 2282 4222 sit
2323 4162 2580 4221 omnium
2623 4163 2970 4239 Electorum,

563 4242 629 4295 ut
656 4254 760 4312 per
787 4235 915 4311 ejus
943 4235 1331 4295 obedientiam
1351 4236 1692 4314 justificatio
1721 4238 1782 4296 in
1809 4258 2009 4299 omnes
2037 4240 2252 4300 electos
2287 4242 2530 4301 veniret.
2615 4246 2671 4301 2.
2695 4242 2974 4321 Loquitur

565 4315 639 4374 de
649 4323 887 4391 peccato
904 4314 1062 4392 quod
1090 4316 1305 4375 introiit
1322 4318 1381 4375 in
1401 4320 1686 4393 mundum,
1712 4328 1766 4377 et
1773 4339 1888 4396 per
1904 4323 2059 4396 quod
2075 4340 2228 4379 mors
2249 4321 2308 4379 in
2328 4342 2514 4380 omnes
2526 4323 2796 4398 pervasit,
2820 4320 2976 4399 quod

564 4415 685 4453 non
712 4395 788 4453 ad
817 4394 1097 4471 originale
1126 4402 1185 4454 et
1211 4395 1499 4455 inhaerens
1526 4405 1719 4475 potest
1746 4398 1961 4474 referri,
1992 4399 2150 4476 quod
2178 4400 2539 4477 supponebat
2579 4402 2704 4478 jam
2733 4402 2971 4476 actuale,

565 4474 669 4534 sed
696 4475 771 4534 ad
787 4474 1035 4552 primum
1056 4474 1299 4551 actuale,
1322 4496 1426 4553 per
1446 4477 1603 4554 quod
1628 4498 1833 4537 revera
1859 4498 2015 4537 mors
2043 4487 2102 4538 et
2129 4480 2190 4541 in
2219 4478 2514 4539 Adamum
2543 4488 2601 4540 et
2629 4482 2690 4538 in
2715 4489 2975 4558 posteros

562 4555 690 4633 ejus
701 4556 971 4634 pervasit,
986 4555 1144 4634 quod
1153 4562 1313 4634 patet
1324 4575 1400 4617 ex
1413 4576 1469 4616 v.
1489 4558 1580 4635 18,
1595 4557 1698 4616 ubi
1709 4558 1980 4636 spodosis
1993 4558 2390 4619 similitudinis
2401 4559 2678 4638 redditur,
2693 4570 2752 4619 et
2762 4560 2975 4619 mentio
