3300 5225
287 306 535 356 Quassr.
562 288 679 371 im]
1321 304 1407 345 nr.
1428 304 1710 347 ΡΕοοΑτ-ο.
2597 290 2714 351 539

290 446 505 509 Aliud
542 466 683 509 vero
709 450 887 527 ιςῒμο,
918 442 1077 522 quod
1116 460 1245 502 eam
1271 442 1611 519 comitatur3
1657 442 1770 502 Illa
1811 445 2036 521 peccati
2074 452 2339 505 naturam
2384 445 2718 523 constituit;

292 528 491 587 Istud
514 545 657 589 vero
683 546 809 585 eam
838 522 1225 600 consequitur,
1253 528 1314 581 et
1336 522 1414 581 ab
1440 541 1510 581 ea
1536 524 1860 581 necessario
1885 524 2116 601 pendet.

396 608 515 667 IV.
556 604 941 682 Consequitur
964 622 1107 663 vero
1144 608 1444 679 peceatum
1484 608 1696 677 reatus,
1737 602 1946 679 partim
1974 623 2052 662 ex
2086 605 2220 681 jure
2247 604 2360 663 Dei
2387 603 2634 663 naturali
2661 610 2722 663 et

298 684 776 765 indispensabili,
798 682 957 761 quod
974 681 1249 743 fundatur
1266 680 1329 738 in
1348 681 1477 757 ejus
1493 680 1536 740 J
1536 680 1754 756 ustitia,
1777 690 1838 740 et
1855 681 2168 742 intrinseco
2185 683 2407 759 peccati
2423 683 2720 758 demerit0,

300 765 461 841 quia
486 785 579 824 res
605 772 695 824 est
718 772 927 822 natura
965 781 1071 821 sua
1108 760 1263 818 mala
1302 766 1363 817 et
1388 759 1588 835 turpis,
1616 779 1792 836 quam
1821 761 1984 821 Deus
2011 782 2129 821 non
2148 770 2342 839 potest
2366 782 2484 821 non
2511 762 2722 837 odisse,

310 844 497 904 Rom.
524 844 564 903 i.
594 846 692 919 32,
722 842 945 900 Habac.
976 841 1015 900 i.
1048 843 1141 914 13,
1184 838 1393 915 partim
1420 856 1497 895 ex
1525 839 1820 899 sanctione
1851 840 2028 918 Legis
2055 842 2286 919 divinae,
2324 860 2455 919 quae
2495 860 2725 919 poenam

302 932 559 1001 peccato
586 921 913 996 denunciat,
927 927 1003 1001 “et
1025 937 1157 996 quae
1182 936 1300 975 non
1319 924 1511 994 potest
1536 937 1653 975 non
1679 918 1924 996 impleri.

404 1003 485 1061 V.
526 1000 806 1077 Quamvis
831 1018 971 1058 vero
1013 998 1233 1057 sanctio
1278 995 1457 1072 Legis
1496 998 1820 1055 necessario
1859 998 2088 1075 impleri
2128 998 2353 1075 debeat,
2405 1006 2578 1075 atque
2615 998 2728 1057 hoc

310 1098 499 1141 sensu
535 1088 728 1141 reatus
762 1096 1059 1155 nunquam
1100 1084 1397 1153 separetur
1436 1094 1473 1133 a
1511 1084 1782 1151 peccat03
1827 1078 1964 1154 quia
2003 1085 2198 1137 tamen
2236 1086 2429 1155 potest
2457 1077 2730 1137 substitui

314 1180 571 1239 sponsor
608 1160 671 1218 in
708 1158 901 1217 locum
942 1140 1279 1235 peccatoris}
1317 1153 1421 1231 qui
1458 1163 1680 1214 reatum
1724 1156 1854 1232 ejus
1896 1156 1958 1215 in
2001 1176 2066 1215 se
2105 1157 2343 1235 recipit;
2390 1158 2526 1215 hinc
2569 1158 2636 1215 fit
2662 1164 2730 1215 ut

314 1238 1437 1392 ῗᾶΐῖιῗοῃῖῃρῖᾚῖἰῖωῖῗᾶ
1450 1252 1568 1390 ¹1²,ssss
1587 1237 2289 1391 ffizapss‘aefflgu‘i}
2314 1257 2388 1295 ⁶⁵⁶
2407 1238 2574 1313 '³⁶⁹⁶’
2599 1255 2729 1313 ‘¹⁰⁸³

1274 1358 1289 1389 ,
2283 1358 2298 1373 .

408 1399 523 1457 VI.
568 1398 877 1473 Perperam
903 1414 1043 1453 vero
1072 1414 1108 1452 a
1137 1391 1456 1452 Pontificiis
1483 1390 1860 1468 distinguitur
1884 1403 2092 1469 ream,
2137 1396 2198 1452 in
2225 1403 2448 1453 reatum
2475 1397 2656 1470 culpoe
2680 1402 2735 1453 et

312 1496 523 1554 poenae.
604 1478 821 1534 Beatus
860 1476 1039 1550 culpae
1082 1473 1201 1531 illis
1228 1470 1455 1544 dicitur,
1497 1489 1615 1547 quo
1731 1479 1926 1531 ccator
1963 1492 2040 1532 ex
2081 1492 2142 1532 se
2185 1473 2461 1551 indignus
2501 1481 2592 1533 est
2621 1472 2734 1531 Dei

328 1557 535 1634 gratia,
554 1556 794 1632 ‚dignus
835 1561 1027 1613 autem
1066 1560 1158 1611 est
1194 1550 1379 1627 ipsius
1418 1550 1505 1607 ira
1545 1557 1605 1608 et
1779 1551 2028 1627 natione,
2057 1552 2248 1611 Poenae
2273 1571 2430 1627 vere,
2473 1572 2591 1629 quo
2633 1551 2734 1610 ob-

329 1635 545 1695 noxius
572 1643 663 1694 est
690 1632 1061 1706 damnationi,
1106 1638 1165 1689 et
1205 1629 1282 1688 ad
1320 1647 1449 1688 eam
1477 1628 1804 1704 obligatur:
1848 1630 2106 1689 Priorem
2144 1639 2365 1691 reatum
2407 1632 2534 1691 tolli
2575 1631 2738 1689 aiunt

330 1734 438 1792 per
480 1714 809 1787 Christum3
854 1710 1239 1771 Posteriorem
1278 1726 1421 1767 vero
1459 1726 1754 1767 remanere
1801 1728 1990 1785 posse,
2033 1710 2239 1769 saltem
2280 1710 2474 1787 quoad
2514 1718 2738 1769 reatum

332 1812 521 1871 poenae
547 1791 897 1869 temporalis.
986 1789 1101 1849 Sed
1128 1787 1357 1845 vanitas
1400 1786 1790 1845 distinctionis
1835 1795 1998 1865 patet
2039 1808 2118 1847 ex
2159 1798 2365 1848 natura
2403 1790 2737 1866 utriusque3

336 1874 485 1931 Cum
512 1871 667 1930 enim
695 1870 865 1945 culpa
892 1872 951 1927 et
975 1887 1149 1945 poena
1174 1866 1355 1925 relata
1382 1866 1517 1939 sint,
1546 1873 1607 1924 et
1630 1874 1826 1925 reatus
1852 1868 1999 1925 nihil
2025 1868 2184 1927 aliud
2211 1869 2288 1929 sit
2313 1887 2486 1945 quam
2516 1869 2738 1946 obliga-

334 1952 419 2010 tio
446 1950 522 2007 ad
559 1968 809 2027 pesum,
839 1966 967 2026 quae
1008 1945 1263 2005 nascitur
1288 1963 1365 2004 ex
1392 1943 1581 2021 culpa,
1624 1963 1690 2003 se
1727 1954 1929 2006 mutuo
1970 1955 2194 2023 ponunt
2221 1955 2279 2006 et
2305 1948 2536 2024 tollunt,
2566 1948 2650 2007 ita
2675 1957 2742 2007 ut

336 2030 569 2090 sublata
592 2029 765 2106 culpa
789 2033 851 2086 et
876 2027 1002 2103 ejus
1028 2034 1207 2099 reatu,
1238 2022 1563 2082 necessario
1590 2022 1802 2082 auferri
1829 2024 2040 2084 debeat
2063 2026 2192 2103 ipsa
2217 2045 2406 2103 poena,
2436 2046 2568 2103 quae
2594 2046 2740 2085 non-

338 2109 451 2167 nisi
478 2116 711 2186 propter
737 2106 965 2183 culpam
993 2112 1185 2181 potest
1220 2102 1443 2179 infligi:
1484 2102 1629 2161 alias
1657 2102 1828 2180 culpa
1853 2104 2094 2163 remissa
2121 2104 2238 2163 dici
2264 2124 2380 2163 non
2407 2113 2616 2182 potest,
2644 2093 2742 2165 vel

338 2189 465 2266 ejus
494 2195 689 2246 reatus
716 2186 960 2257 ablatus,
992 2183 1043 2241 si
1068 2182 1355 2260 peccatori
1382 2199 1487 2257 pro
1514 2200 1585 2239 ea
1610 2180 1803 2240 adhuc
1830 2182 2052 2260 aliquid
2077 2183 2353 2243 luendum
2383 2192 2661 2261 superest.

422 2267 571 2325 VII.
614 2265 782 2323 Licet
804 2262 1075 2322 fidelibus
1101 2270 1235 2339 post
1261 2261 1489 2337 culpam
1508 2260 1808 2318 remissam
1833 2282 2020 2338 poense
2047 2264 2237 2322 adhuc
2257 2263 2523 2341 quadam
2551 2283 2586 2321 a
2616 2263 2743 2323 Dco

340 2346 724 2423 imponantur,
754 2351 821 2402 ut
850 2340 1066 2400 Davidi
1092 2349 1153 2399 et
1178 2340 1325 2413 aliis,
1356 2340 1493 2416 quia
1518 2346 1656 2399 sunt
1695 2346 1922 2399 tantum
1963 2341 2270 2419 improprie
2311 2343 2394 2401 ita
2429 2341 2616 2417 dictae,
2663 2341 2743 2399 id.

342 2424 697 2483 medicantes
736 2430 797 2481 et
842 2420 1235 2497 castiqatort'oe,
1279 2418 1356 2477 ad
1402 2417 1817 2477 correctionem
1855 2419 2129 2497 ipsorum,
2175 2440 2294 2479 non
2333 2440 2473 2480 vero
2516 2420 2746 2499 proprie

344 2503 530 2580 dictes,
562 2511 621 2562 et
645 2500 1052 2577 satt'gtfactoriae,
1082 2498 1157 2558 ad
1178 2516 1369 2557 eorem
1396 2497 1710 2572 ultionem
1751 2516 1871 2556 non
1899 2499 2158 2576 sequitur
2183 2500 2424 2561 remissa
2450 2500 2622 2579 culpa
2647 2499 2745 2557 vel

344 2582 573 2644 sublato
600 2582 729 2662 ejus
754 2588 935 2657 reatu,
964 2596 1259 2639 remanere
1286 2576 1475 2638 adhuc
1500 2583 1724 2636 reatum
1751 2577 1936 2638 ullum
1961 2598 2167 2656 poenae.

1276 2815 1666 2891 QUAESTIO
1707 2816 1820 2876 Ν.

1016 2993 1097 3034 m:
1124 2991 1389 3035 maccam
1416 2991 1666 3034 VENIALI
1691 2992 1770 3034 m·
1796 2991 2078 3034 uoluam.

426 3137 525 3194 An
549 3135 737 3194 munia
752 3141 995 3209 peccata
1014 3153 1125 3208 per
1147 3153 1207 3191 se
1234 3141 1289 3191 et
1310 3141 1523 3192 namra
1548 3153 1656 3192 sua
1680 3127 1794 3192 sint
1815 3133 2082 3192 mortalia
2097 3135 2126 3192 ,⁸
2163 3133 2260 3191 An
2283 3151 2418 3192 vero
2443 3133 2678 3212 aliquod

610 3216 777 3272 detur
800 3213 1015 3271 veniale
1029 3213 1058 3270 ,ἲ
1100 3211 1271 3270 Prius
1298 3210 1485 3287 Affir„
1518 3212 1679 3272 Post.
1710 3211 1877 3289 Neg.‚
1907 3221 2108 3271 contra
2136 3211 2488 3273 Pontificios.

352 3411 607 3515 Saus&
626 3409 833 3514 3¹²1}ae-
873 3369 1021 3506 12211222
1049 3367 1733 3525 {22122332302333-22
1759 3367 1914 3505 ³:1²3
1929 3369 2750 3508 messmam&

408 3486 519 3598 2⁸23
554 3528 753 3598 mortali
781 3530 835 3573 οὓ
874 3527 1110 3586 mortale
1135 3533 1196 3584 et
1219 3525 1452 3584 veniale.
1537 3491 1760 3603 Scoptis
1798 3525 2053 3602 ipsorum
2093 3526 2156 3584 in
2187 3545 2257 3585 eo
2283 3545 2401 3586 non
2429 3536 2520 3587 est
2545 3529 2749 3588 obscu-

410 3587 606 3632 v⁰¹¹¹⁸¹'·
872 3625 990 3682 rus,
1020 3605 1210 3665 nimir.
1252 3602 1587 3682 perfectioni
1614 3604 1890 3679 Justitiae,
1921 3605 2192 3681 operibus
2220 3607 2747 3684 supererogatoriis,

352 3686 574 3746 meritis
614 3705 867 3764 operum,
914 3693 975 3744 et
1022 3683 1383 3762 purgatorio,
1410 3683 1792 3760 patrocinium
1831 3703 2103 3761 quaerere.
2190 3686 2354 3745 Licet
2391 3705 2533 3744 vero
2571 3687 2751 3744 variis

355 3766 505 3825 inter
542 3763 879 3824 Pontificios
918 3763 1237 3842 displiceat,
1280 3771 1347 3821 ut
1392 3761 1648 3840 Gereoni,
1678 3765 1975 3840 Almayno,
2004 3765 2274 3840 Rqffensi,
2317 3774 2377 3823 et
2415 3765 2562 3840 aliie,
2591 3765 2752 3842 quod

358 3864 477 3903 non
504 3843 832 3904 dissimulat
858 3843 1133 3903 Bellarm.
1159 3843 1260 3901 lib.
1289 3841 1329 3901 i.
1359 3841 1432 3901 de
1454 3841 1617 3902 amis.
1640 3861 1728 3919 gr.
1751 3863 1802 3902 c.
1824 3847 1880 3919 4,
1904 3864 1940 3902 a
1959 3843 2220 3920 pluribus
2247 3852 2440 3903 tamen
2461 3844 2750 3923 recipitur,

356 3932 418 3983 et
442 3943 479 3982 a
510 3923 748 4002 Synodo
776 3923 1114 3982 'l'ridentina
1140 3920 1525 3998 confirmatur,
1561 3922 1720 3982 Sess.
1747 3923 1871 3981 xiv.
1899 3941 1950 3982 c.
1981 3925 2038 3981 5.

440 4003 527 4061 II.
568 4004 853 4061 Mortalia
870 4010 1109 4078 peccata
1134 4001 1277 4079 ipsis
1304 4009 1456 4078 sunt,
1486 4019 1617 4078 quae
1644 4001 1936 4061 hominem
1961 4001 2134 4078 plane
2161 4010 2431 4062 avertunt
2457 4023 2494 4061 a
2521 4003 2665 4078 Deo,
2695 4010 2756 4064 et

357 4081 571 4158 quibus
587 4101 761 4159 poena
780 4081 1025 4142 debetur
1043 4089 1274 4156 eterna,
1298 4081 1511 4140 similia
1529 4081 1870 4141 vulneribus
1887 4080 2185 4157 lethiferis,
2208 4101 2339 4159 quse
2359 4083 2554 4142 statim
2573 4082 2756 4141 vitam

358 4160 727 4238 extinguunt.
821 4161 1079 4220 Venialt’a
1106 4179 1264 4235 vero,
1292 4177 1425 4236 quae
1464 4179 1583 4219 non
1620 4160 1856 4238 quidem
1897 4160 2068 4238 plane
2095 4169 2366 4221 avertunt
2391 4181 2427 4220 a
2456 4162 2600 4237 Dee,
2629 4179 2757 4221 cur-

358 4259 489 4299 sum
514 4247 711 4300 tamen
738 4239 815 4298 ad
843 4241 1035 4300 Deum
1061 4238 1400 4317 impediunt,
1432 4246 1492 4298 et
1517 4239 1676 4298 facili
1701 4241 1940 4318 negotio
1967 4240 2294 4317 expiantur,
2319 4241 2416 4300 vel
2443 4261 2574 4319 quse
2595 4261 2671 4300 ex
2697 4259 2760 4299 se

360 4328 421 4378 et
446 4337 555 4379 sua
577 4329 787 4378 natura
824 4326 960 4378 sunt
1000 4327 1120 4377 tam
1157 4317 1315 4376 levia
1342 4324 1402 4377 et
1438 4318 1680 4394 minuta,
1725 4328 1794 4379 ut
1836 4339 1956 4379 non
1979 4319 2216 4380 valeant
2241 4321 2490 4398 aliquem
2534 4320 2762 4399 privare

360 4399 551 4475 gratia
575 4398 791 4475 divina,
822 4407 923 4458 aut
959 4398 1145 4458 facere
1180 4397 1349 4456 illum
1390 4397 1503 4456 Dei
1544 4397 1859 4474 inimicum,
1903 4407 2006 4459 aut
2042 4399 2284 4460 reddere
2311 4401 2551 4478 dignum
2579 4406 2765 4457 morte

361 4487 595 4537 aeterna.
680 4479 827 4537 Haec
854 4497 995 4537 vero
1020 4477 1162 4536 talia
1198 4495 1327 4536 esse
1352 4475 1577 4550 volunt,
1606 4478 1706 4536 vel
1746 4499 1820 4536 ex
1856 4499 2062 4555 qenere
2085 4500 2203 4555 suo,
2234 4479 2332 4539 vel
2371 4501 2445 4539 ex
2474 4481 2760 4555 imperfec-

359 4558 509 4618 tione
532 4559 723 4636 operis
740 4580 767 4632 ,·
808 4558 923 4617 ma
946 4576 1079 4635 quae
1106 4555 1323 4616 habent
1348 4575 1453 4634 pro
1478 4556 1708 4636 objecto
1733 4577 1853 4617 rem
1881 4559 2094 4617 malam
2135 4559 2366 4636 quidem
2393 4568 2454 4618 et
2479 4558 2766 4619 inordina-
