3300 5225
358 397 581 454 Qua-:sn
611 377 726 463 m]
1268 393 1349 441 ns
1376 397 1593 442 masao
1621 397 1924 442 Ansirmo.
2657 357 2770 442 6‘17

360 543 705 618 voluntario,
737 549 802 601 ut
829 543 1107 602 naturalis
1136 551 1225 602 est
1252 543 1592 622 impotentia
1619 543 1680 600 in
1723 543 1918 622 lapide
1946 544 2042 602 vel
2069 543 2242 601 bruto
2268 539 2546 618 loquendi
2569 564 2584 618 ;
2635 542 2774 618 quia

358 624 700 702 impotentia
727 631 924 682 nostra
966 633 1056 682 est
1098 624 1350 682 maxime
1379 623 1742 700 voluntaria3
1789 624 1904 682 Vel
1947 631 2013 683 ut
2040 623 2301 682 naturale
2343 623 2569 697 dicitur,
2614 622 2773 700 quod

361 706 544 764 oritur
570 725 645 786 ex
690 703 920 762 defectu
962 702 1254 763 facultatis
1304 721 1407 763 seu
1428 704 1704 782 potentiss
1751 704 2049 778 naturaIiS,
2086 703 2276 780 qualis
2319 711 2408 760 est
2435 703 2775 779 impotentia

358 785 599 866 videndi
638 785 699 842 in
744 803 915 860 caecO,
961 784 1294 842 ambulandi
1340 785 1399 841 in
1449 784 1787 862 paralyticO,
1839 782 2180 861 resurgendi
2222 783 2283 840 in
2325 791 2590 859 mortuo;
2635 784 2774 860 quia

358 875 557 925 nostra
583 884 701 923 non
728 863 1003 938 excludit,
1038 863 1139 923 sed
1168 864 1441 942 supponit
1468 883 1694 941 semper
1741 861 1803 922 in
1845 863 2078 922 homine
2107 863 2424 941 potentiam
2451 863 2772 922 naturalem

359 971 455 1018 Sed
474 974 737 1028 utrumque
772 969 841 1014 di·
880 943 1245 1022 intelligendi
1274 953 1334 1003 et
1360 945 1611 1003 volendi.
1671 945 1902 1021 Optime
1929 954 2140 1019 tamen,
2173 951 2232 1002 et
2259 943 2540 1002 naturalis
2567 953 2626 1002 et
2651 964 2767 1001 mo-

416 1043 557 1076 verso
618 1031 843 1100 ¹9⁸1>0⁶t¹¹
880 1025 1025 1082 ralis
1051 1023 1263 1083 dicitur
1290 1023 1521 1082 diverso
1556 1033 1824 1102 respectu
1849 1047 1863 1084 ε
1905 1024 2171 1097 Mor-alis,
2221 1026 2274 1081 1.
2311 1024 2599 1099 ObJ'ective,
2631 1024 2770 1100 quia

416 1090 540 1136 ''⁰¹¹‘'
560 1088 757 1134 dicitur.
880 1114 1147 1164 versatur
1200 1105 1353 1162 circa
1406 1104 1592 1162 officia
1644 1104 1903 1163 moralia.
1975 1107 2032 1162 2.
2069 1102 2455 1180 Oriyt‘naliter,
2487 1104 2625 1181 quia
2679 1112 2769 1163 est

356 1185 679 1262 ἐπίστια-τος,
710 1205 840 1263 quse
870 1185 1051 1242 oritur
1076 1205 1151 1243 ex
1172 1185 1376 1243 morali
1414 1184 1796 1261 corruptione,
1825 1203 1930 1261 per
1954 1183 2206 1242 hominis
2233 1193 2534 1260 peccatum
2563 1193 2768 1260 sponte

356 1265 653 1324 accersita.
719 1270 775 1325 3.
805 1266 1169 1339 Formaliter,
1190 1265 1328 1340 quia
1355 1273 1444 1323 est
1468 1265 1800 1322 voluntaria
1827 1271 1886 1322 et
1907 1263 2229 1340 culpabilia,
2254 1283 2383 1340 quae
2413 1263 2474 1320 in
2501 1264 2765 1322 habitum

354 1346 678 1405 voluntatis
706 1353 987 1422 corruptae
1014 1345 1354 1405 refunditur.
1437 1345 1744 1403 Naturalis
1771 1344 1962 1420 etiam,
2012 1347 2065 1402 1.
2101 1343 2487 1420 Oriqinaliter,
2509 1343 2648 1420 quia
2673 1353 2764 1402 est

356 1426 527 1485 nobis
554 1426 879 1504 congenita,
911 1433 969 1483 et
996 1445 1031 1482 a
1056 1433 1279 1500 natura,
1324 1444 1441 1483 non
1468 1433 1662 1483 creata
1687 1445 1722 1482 a
1773 1425 1916 1498 De0,
1969 1423 2073 1482 sed
2115 1433 2382 1500 corrupta
2410 1424 2482 1482 ab
2512 1423 2760 1500 homine,

354 1525 473 1584 qua
499 1507 722 1565 ratione
748 1505 995 1564 dicimur
1020 1525 1055 1563 a
1079 1505 1261 1564 Paulo
1289 1504 1431 1577 φῦοτι
1456 1504 1599 1564 πὐα
1626 1510 1787 1598 ὅςγῆς,
1821 1506 1858 1539 “
1875 1512 2081 1563 natura
2106 1503 2213 1562 filii
2239 1503 2400 1578 irae,”
2433 1502 2582 1580 Eph.
2613 1503 2674 1561 ii.
2705 1507 2760 1580 3,

356 1594 417 1644 et
444 1605 479 1644 a
509 1585 737 1644 Davide
788 1587 823 1618 ‘¹
846 1585 909 1643 in
937 1585 1239 1662 iniquitate
1287 1585 1535 1660 formati,
1564 1594 1623 1644 et
1650 1605 1711 1643 m
1739 1593 1976 1662 peccato
2025 1583 2348 1662 concepti,’'
2401 1583 2556 1642 Psal.
2585 1583 2666 1660 li„
2697 1593 2764 1642 ut

328 1699 337 1706 ·
356 1667 617 1725 naturale
640 1675 728 1725 est
747 1665 999 1744 serpenti
1019 1685 1323 1741 venenum,
1344 1673 1403 1724 et
1422 1665 1559 1742 lupo
1580 1665 1884 1742 rapacitas,
1928 1669 1985 1722 2.
2004 1665 2327 1740 Subjective,
2341 1663 2477 1740 quia
2498 1673 2764 1722 naturam

354 1754 611 1804 nostram
640 1753 821 1805 totam
848 1745 1049 1821 inficit,
1080 1754 1139 1804 et
1167 1745 1438 1824 importat
1462 1746 1846 1822 privationem
1870 1745 2028 1804 illius
2045 1744 2335 1803 facultatis
2355 1743 2504 1802 bene
2532 1743 2762 1820 agendi,

354 1845 487 1902 quae
512 1827 699 1902 primo
725 1826 947 1884 homini
975 1825 1112 1884 data
1136 1826 1339 1902 fuerat,
1372 1835 1429 1884 et
1456 1826 1736 1884 naturalis
1757 1833 1897 1900 erat,
1921 1845 2051 1902 quae
2071 1824 2182 1883 fuit
2191 1824 2422 1901 justitia
2449 1823 2766 1901 originalia.

354 1909 412 1964 3.
440 1906 847 1980 Eventuaziter,
878 1906 1015 1982 quia
1043 1913 1132 1964 est
1174 1906 1394 1964 invicta
1421 1915 1480 1964 et
1507 1906 1930 1982 insuperabilia,
1962 1925 2078 1963 non
2107 1905 2298 1963 minus
2327 1924 2395 1962 ac
2423 1903 2763 1982 impotentia

354 2003 513 2044 mere
560 1986 842 2044 naturalis
874 1985 937 2041 in
984 2005 1137 2043 caeco
1186 1984 1441 2058 videndi,
1488 1993 1547 2042 et
1574 1985 1636 2041 in
1683 1993 1912 2042 mortuo
1957 1984 2315 2061 resurgendi.
2399 1985 2455 2042 N
2459 2004 2533 2041 on
2580 1984 2770 2062 magis

352 2065 510 2123 enim
537 2066 712 2124 homo
740 2074 1019 2143 peccator,
1037 2083 1098 2123 se
1128 2073 1463 2123 convertere
1492 2073 1701 2142 potest,
1733 2083 1906 2140 quam
1953 2083 2141 2122 caecus
2169 2063 2385 2138 videre,
2418 2072 2477 2121 et
2504 2073 2769 2123 mortuus

356 2165 675 2224 resurgere.
766 2145 848 2205 Ut
874 2165 1015 2221 ergo
1042 2145 1277 2203 moralis
1303 2152 1459 2202 recte
1487 2143 1700 2202 dicitur
1726 2153 1785 2202 et
1813 2143 2140 2202 voluntaria
2167 2143 2242 2200 ad
2269 2151 2490 2201 reatum
2518 2142 2772 2202 bominis

356 2225 757 2302 evincendum,
790 2233 850 2284 et
874 2225 1329 2284 inexcusabilem
1358 2243 1488 2282 eum
1517 2223 1875 2282 reddendum
1899 2245 1915 2298 3
1962 2223 2055 2281 Ita
2082 2223 2361 2291 naturalis
2382 2222 2596 2299 optime
2625 2243 2770 2281 nun-

356 2315 602 2383 cupatur
628 2306 703 2364 ad
730 2305 1185 2382 magnitudinem
1217 2304 1599 2381 corruptionis
1626 2303 2113 2380 exaggerandam,
2147 2311 2204 2361 et
2232 2303 2432 2379 gratiae
2460 2303 2771 2361 necessita-

355 2393 475 2444 tem
502 2385 1027 2460 demonstrandam,
1058 2386 1197 2462 quia
1222 2393 1289 2444 ut
1326 2393 1415 2443 est
1441 2384 1664 2441 homini
1693 2383 2018 2460 congenita,
2064 2383 2146 2441 ita
2174 2381 2260 2439 illi
2297 2390 2387 2441 est
2414 2382 2770 2458 insuperabi-

354 2465 447 2540 lis,
478 2474 545 2524 ut
572 2485 699 2524 eam
726 2465 883 2524 haud
932 2465 1101 2523 aliter
1126 2485 1299 2542 quam
1348 2483 1452 2542 per
1494 2464 1946 2542 omnipotentem
1975 2471 2032 2522 et
2081 2462 2489 2521 vorticordiam
2523 2463 2772 2542 Spiritus

358 2545 557 2605 Sancti
586 2545 831 2624 gratiam
860 2553 1132 2604 excutere
1159 2545 1359 2623 possit.

438 2627 577 2686 XL.
624 2627 931 2703 Perperam
960 2646 1101 2703 ergo
1121 2627 1295 2684 homo
1322 2626 1425 2685 tali
1452 2625 1794 2703 impotentia
1819 2624 2093 2685 laborans
2121 2624 2334 2685 dicitur
2348 2644 2518 2702 posse
2544 2628 2774 2685 credere

352 2707 409 2765 εἰ
442 2708 585 2781 velit,
618 2706 783 2782 quasi
812 2706 975 2781 fides,
1006 2726 1135 2784 quse
1164 2706 1381 2765 donum
1412 2706 1523 2764 Dei
1550 2716 1669 2765 tam
1700 2706 1912 2765 diserte
1949 2715 2192 2765 vocatur
2230 2726 2264 2765 a
2294 2707 2495 2782 Paulo,
2528 2706 2679 2783 Eph.
2709 2706 2769 2765 ii.

356 2788 413 2862 8,
445 2795 597 2845 esset
626 2788 677 2845 ἐκ
702 2791 794 2845 τὸν
822 2787 895 2859 ἐφ’
922 2789 1049 2863 ipa.
1134 2786 1283 2844 Nam
1309 2786 1447 2844 licet
1474 2786 1703 2863 phrasis
1745 2795 2038 2863 utcunque
2086 2792 2284 2864 posset
2325 2786 2560 2845 tolerari
2599 2785 2768 2845 intel-

354 2866 509 2925 lecta
536 2868 607 2925 de
636 2868 897 2945 potentia
924 2866 1171 2926 naturali
1198 2864 1451 2941 volendi,
1482 2886 1613 2942 quse
1642 2886 1678 2923 a
1704 2866 1890 2942 nobis,
1924 2886 2266 2943 quocunque
2297 2866 2357 2923 in
2387 2874 2541 2924 statu
2569 2866 2768 2941 simus,

354 2967 651 3023 nunquam
700 2948 971 3023 aufertur,
1022 2954 1223 3024 utpote
1268 2966 1383 3024 qua
1410 2966 1446 3005 a
1483 2946 1672 3005 brutis
1701 2946 2150 3023 distinguimur3
2197 2947 2329 3004 Non
2357 2954 2548 3023 potest
2577 2956 2771 3005 tamen

354 3027 599 3104 admitti,
632 3048 811 3106 quum
839 3029 1033 3105 agitur
1060 3028 1131 3086 de
1161 3027 1538 3105 dispositione
1565 3024 1772 3085 morali
1797 3026 2118 3085 voluntatis
2145 3026 2220 3084 ad
2239 3026 2473 3102 bonum,
2497 3046 2616 3085 non
2642 3035 2769 3086 tan-

352 3115 477 3165 tum
508 3108 583 3165 ad
610 3107 941 3183 volendum,
975 3108 1079 3167 sed
1107 3107 1182 3166 ad
1208 3108 1357 3166 bene
1386 3106 1719 3177 volendum,
1773 3107 1846 3165 de
1873 3126 1992 3183 qua
2035 3108 2161 3166 sola
2185 3106 2260 3164 lis
2289 3115 2489 3165 nostra
2516 3114 2606 3166 est
2634 3127 2766 3166 cum

356 3185 766 3264 Adversariis;
810 3188 923 3246 nisi
950 3188 1199 3246 velimus
1228 3188 1288 3244 in
1317 3195 1504 3245 castra
1534 3186 1760 3264 Pelagii
1807 3187 2069 3263 transire,
2120 3188 2221 3265 qui
2259 3187 2473 3245 bonam
2501 3187 2767 3247 volunta-

354 3275 472 3325 tem
499 3268 560 3324 in
588 3266 839 3327 hominis
866 3275 1150 3344 potestate
1178 3267 1424 3343 positam
1454 3286 1581 3325 esse
1610 3266 1814 3325 voluit.
1901 3267 2180 3341 Quamvis
2222 3266 2374 3325 enim
2421 3288 2525 3345 per
2563 3280 2766 3346 pecca·-

354 3354 477 3405 tum
506 3365 623 3405 non
659 3347 895 3424 perierit
920 3346 1141 3406 homini
1184 3346 1429 3405 facultas
1456 3345 1695 3403 volendi
1738 3346 1800 3404 in
1845 3366 2056 3423 genere
2099 3346 2266 3423 entis,
2314 3348 2396 3406 ita
2443 3358 2637 3407 tamen
2678 3356 2768 3407 est

354 3436 623 3504 corrupta
670 3426 731 3485 in
780 3446 991 3504 genere
1019 3426 1212 3501 moris,
1242 3433 1310 3485 ut
1349 3426 1496 3483 nihil
1541 3426 1683 3483 boni
1731 3434 1884 3503 agat,
1935 3446 2044 3485 nec
2091 3446 2264 3503 agere
2307 3426 2506 3504 possit.
2591 3426 2768 3487 Adde

352 3506 509 3582 quod
538 3526 669 3565 cum
696 3506 851 3565 velle
880 3506 1130 3581 eredere,
1162 3514 1221 3565 et
1250 3506 1499 3582 credere,
1530 3526 1647 3563 non
1677 3506 1961 3581 differant,
1995 3505 2278 3581 siquidem
2322 3507 2422 3583 qui
2469 3508 2600 3565 vult
2640 3526 2762 3566 cre-

354 3584 505 3661 dere,
538 3606 607 3644 eo
646 3587 775 3665 ipso
802 3586 1003 3662 credit,
1046 3595 1114 3645 ut
1141 3587 1241 3665 qui
1269 3586 1399 3646 vult
1427 3605 1618 3645 amare
1649 3586 1840 3644 Deum
1867 3594 1927 3644 et
1953 3585 2299 3663 proximum,
2330 3604 2532 3643 revera
2572 3586 2762 3644 Deum

352 3672 411 3723 et
452 3666 780 3742 proximum
822 3676 1014 3741 amat;
1060 3666 1249 3725 dicere
1290 3667 1583 3724 hominem
1630 3686 1802 3742 posse
1841 3666 2074 3725 credere
2124 3665 2174 3723 si
2221 3666 2380 3739 velit,
2440 3672 2530 3724 est
2570 3665 2762 3726 dicere

352 3745 645 3805 hominem
684 3765 856 3823 posse
880 3746 1128 3822 credere,
1162 3746 1211 3804 si
1225 3748 1349 3824 jam
1379 3744 1703 3821 crediderit,
1735 3746 1892 3823 quod
1919 3746 2287 3822 nugatorium
2317 3754 2422 3804 cst.
2494 3748 2550 3805 3.
2583 3746 2759 3804 Frus-

351 3832 443 3883 tra
478 3826 653 3885 homo
679 3827 895 3885 dicitur
934 3846 1105 3905 posse
1147 3824 1379 3884 credere
1410 3826 1459 3884 si
1508 3825 1670 3901 velit,
1703 3845 1833 3884 cum
1863 3834 2081 3884 certum
2132 3825 2208 3884 sit
2255 3844 2387 3883 eum
2437 3846 2512 3885 ex
2554 3844 2615 3885 se
2643 3844 2762 3883 non

350 3924 521 3981 posse
549 3907 721 3967 velle.
805 3907 861 3964 N
864 3926 929 3965 ec
964 3908 1135 3984 juvat
1176 3925 1470 3984 reponere,
1502 3913 1654 3964 stare
1696 3926 1802 3983 per
1825 3906 2076 3963 hominis
2113 3905 2408 3981 malitiam,
2454 3906 2762 3981 quominus

350 3985 537 4061 possit
576 3987 745 4060 velle,
796 3986 943 4044 nihil
984 3985 1287 4063 prohibere
1343 3985 1652 4063 quominus
1707 3984 1920 4061 credat,
1979 4005 2154 4062 quam
2210 3986 2338 4063 ejus
2381 3986 2760 4045 voluntatem.

352 4064 502 4123 Nam
543 4065 681 4125 licet
720 4065 963 4124 dubium
1003 4085 1120 4124 non
1163 4066 1239 4124 sit
1276 4065 1677 4142 impotentiam
1719 4066 1890 4124 istam
1932 4066 2318 4124 voluntariam
2369 4086 2496 4125 esse
2539 4074 2597 4126 et
2637 4066 2757 4127 cul-

351 4144 622 4221 pabilem,
668 4154 735 4204 ut
780 4146 997 4203 nemini
1037 4145 1147 4204 nisi
1192 4145 1415 4203 homini
1461 4145 1569 4204 soli
1618 4146 1748 4223 ejus
1793 4166 1968 4205 causa
2015 4144 2397 4205 adscribenda
2446 4146 2558 4223 sit3
2625 4146 2760 4205 Non

350 4232 545 4301 potest
570 4235 765 4283 tamen
790 4224 911 4283 dici
950 4225 1229 4299 absolute,
1262 4226 1445 4283 solam
1485 4225 1738 4284 hominis
1779 4225 2139 4285 voluntatem
2183 4225 2486 4303 prohibere
2535 4227 2757 4304 quomi-

347 4322 463 4362 nus
512 4305 723 4379 credat,
780 4304 935 4381 quia,
984 4311 1051 4363 ut
1092 4304 1345 4377 negative
1396 4304 1459 4361 id
1506 4324 1738 4381 quoque
1788 4306 2058 4383 prohibet
2099 4306 2353 4365 carentia
2393 4314 2452 4365 et
2506 4306 2758 4385 privatio

352 4382 573 4459 gratiae,
606 4403 723 4460 qua
748 4384 939 4461 posita
965 4382 1240 4459 crederet,
1272 4392 1331 4443 et
1373 4384 1497 4443 sine
1538 4404 1656 4461 qua
1693 4384 2050 4462 impossibile
2079 4394 2169 4444 est
2195 4404 2326 4445 eum
2357 4385 2622 4462 credere;
2668 4386 2762 4445 Ita

344 4463 583 4539 positive
610 4463 671 4521 id
708 4464 977 4541 prohibet
1018 4464 1209 4539 etiam,
1252 4482 1371 4521 non
1415 4464 1754 4541 simpliciter
1793 4466 1918 4543 ejus
1945 4466 2236 4541 voluntas,
2283 4466 2386 4524 sed
2411 4464 2610 4523 nativa
2649 4465 2764 4523 ista

348 4543 659 4620 corruptio,
707 4562 837 4621 quse
880 4542 1243 4602 voluntatem
1290 4542 1506 4619 infecit,
1558 4552 1617 4603 et
1664 4562 1780 4619 qua
1817 4546 2000 4603 veluti
2045 4554 2248 4604 catena
2294 4544 2580 4623 spirituali
2627 4566 2761 4623 pcc-

347 4630 481 4681 cato
508 4622 591 4683 ita
616 4624 993 4701 mancipatur,
1024 4630 1090 4682 ut
1116 4622 1277 4681 illam
1304 4642 1380 4683 ex
1423 4642 1485 4683 se
1513 4630 1572 4683 et
1614 4622 1735 4683 suis
1761 4624 1986 4685 viribus
2027 4625 2151 4685 sine
2193 4624 2380 4702 gratia
2419 4623 2758 4703 abrumpere

346 4709 409 4761 et
434 4712 709 4764 excutere
734 4722 1031 4782 nunquam
1057 4703 1259 4781 possit.
