3300 5225
441 276 558 339 408
1363 290 1545 331 Locus
1573 290 1846 339 Qum‘rus.
2416 266 2672 351 [QuAEs'r.
2704 290 2839 331 vm.

440 433 712 509 dacorum,
745 432 936 492 sed-et
949 434 1218 493 »omnium
1235 432 1478 491 omnino
1499 430 1823 490 hominm.
1892 428 2089 507 -Cu'jus
2116 426 2475 489 Assertionis
2489 429 2669 507 -plura
2710 439 2851 491 sunt

439 513 815 572 fundamenta
840 512 1075 573 invicta.
2254 551 2257 553 v
2492 516 2497 523 '

1047 594 1167 652 ΙΙΙ.
1197 591 1455 651 Primum
1484 598 1573 649 est
1599 588 1783 667 ipsius
1810 588 2121 665 Soenpturae
2150 590 2293 664 Vox,
2339 608 2469 665 quse
2508 608 2627 647 non
2668 590 2851 649 semel

440 656 552 728 Non
573 657 678 702 ἀπὶ
702 656 920 703 Praeada-
963 672 1256 731 Adamum
1275 672 1544 751 proponit
1563 670 1749 744 nobis,
1778 677 1845 728 ut
1871 669 2118 745 primum
2144 669 2489 743 mortalium,
2520 677 2654 728 ante
2675 690 2849 747 quem

477 720 622 761 mutas
643 716 892 774 probatur.
961 774 1131 813 nemo
1158 752 1348 828 fuerit,
1377 761 1437 811 et
1463 771 1498 808 a
1535 770 1650 827 quo
1680 768 1879 808 omnes
1921 749 2037 807 sint
2076 748 2321 824 oriundi,
2368 747 2452 807 sic
2498 752 2525 805 1
2560 750 2690 809 Cor.
2740 770 2845 810 xv.

439 836 537 909 45,
567 836 780 895 Factus
807 843 888 893 est
902 834 1128 910 primus
1154 834 1316 891 homo
1343 832 1404 889 in
1431 831 1693 889 animam·
1706 832 1989 903 viventem,
2021 837 2079 886 et
2106 848 2163 886 v.
2194 832 2291 903 47,
2336 829 2566 887 Primus
2606 831 2770 888 homo
2810 852 2844 889 c

440 924 600 973 terra
628 924 898 973 terrenus.
985 912 1158 972 Unde
1190 912 1322 989 Sap.
1353 911 1452 968 vii.
1488 914 1540 985 1,
1561 917 1813 969 -vocatur
1839 906 2427 989 πεπόνηκας-πατήρ
2460 910 2676 984 -κῦηωυ,
2760 910 2844 969 Et

439 994 570 1051 Eva
596 995 707 1053 hoc
734 1012 945 1051 nomen
971 1012 1041 1050 ea
1069 992 1140 1049 de
1169 1010 1342 1049 causa
1372 990 1574 1049 sortita
1593 997 1706 1064 -est,
1738 989 1875 1065 quia
1901 988 2011 1047 fuit
2046 998 2229 1047 mater
2256 990 2500 1047 omnium
2514 990 2838 1065 viventium,

440 1073 654 1132 Genes..
684 1073 765 1130 iii.
795 1075 890 1148 20,
923 1071 1082 1149 quod
1119 1089 1419 1148 perperam
1447 1069 1749 1144 diceretur,
1782 1068 1831 1127 si
1870 1069 1993 1127 sola
2035 1088 2179 1145 gens
2207 1069 2250 1127 J
2251 1068 2460 1127 udaica
2492 1070 2565 1127 ab
2582 1088 2664 1127 -ea
2703 1088 2837 1147 pro-

439 1152 562 1227 diit,
593 1152 908 1211 innumeris
935 1151 1064 1209 aliis
1092 1150 1320 1228 populis
1349 1150 1586 1227 stirpem
1613 1149 1803 1223 aliam,
1835 1168 2076 1225 eamque
2104 1148 2278 1225 longe
2306 1148 2688 1225 antiquiorem
2731 1168 2835 1226 ag·

437 1233 826 1292 noscentibus,
861 1232 994 1289 Huc
1021 1230 1286 1308 pertinet,
1318 1228 1477 1305 quod
1504 1228 1803 1306 Scriptura
1828 1228 1889 1285 in
1937 1228 2295 1305 genealogiis
2338 1228 2720 1303 recensendis,
2770 1236 2837 1288 ut

436 1313 510 1371 ab
541 1312 772 1371 Adamo
800 1310 1024 1369 orditur
1038 1309 1457 1384 descendendO,
1480 1310 1574 1367 -ita
1595 1308 1655 1365 in
1705 1328 1774 1367 eo
1822 1307 2185 1366 ascendendo
2234 1307 2461 1383 desinit,
2510 1308 2724 1367 Genes.
2753 1328 2831 1383 v.,

437 1392 579 1450 Luc.
609 1392 727 1467 iii.-;
775 1391 852 1449 Et
879 1389 1036 1467 quod
1066 1389 1282 1447 Paulus
1310 1389 1447 1448 Act.
1477 1389 1621 1446 xvii.
1650 1390 1747 1463 26,
1779 1387 1983 1445 asserit
2010 1389 2197 1446 Deum
2226 1396 2397 1445 totam
2427 1408 2603 1464 qcnus
2640 1388 2837 1447 huma-

433 1492 568 1531 num
595 1473 800 1546 jecisse
829 1492 902 1529 ex
927 1491 1040 1528 uno
1065 1469 1349 1545 sanquine,
1379 1477 1442 1525 ut
1483 1468 1763 1527 habitaret
1800 1486 1972 1542 super
2006 1467 2268 1525 universa
2306 1468 2602 1560 *superficie
2648 1477 2835 1526 tem-cs.

437 1552 550 1626 Qui
577 1570 717 1610 vero
743 1556 848 1609 αἱ,
873 1548 990 1615 ἴσως
1029 1555 1113 1607 ἄνθ
1162 1548 1280 1607 ’παν
1321 1568 1397 1606 ex
1441 1567 1556 1607 uno
1601 1546 1883 1623 sauguine
1932 1546 2238 1605 oriundum
2282 1555 2390 1622 est,
2438 1566 2488 1606 si
2530 1547 2574 1606 J
2576 1546 2728 1605 udaei
2772 1556 2839 1607 et

437 1631 702 1689 Gentiles
733 1630 1022 1688 diversam
1048 1575 1264 1687 habent
1292 1627 1590 1705 originem,
1621 1646 1728 1685 nec
1776 1625 2023 1685 eundem
2056 1626 2422 1707 sanguinem,
2474 1626 2835 1705 eundemque

433 1718 730 1787 parentem
756 1710 972 1768 habent
987 1712 1016 1768 Ρ

517 1790 627 1847 IV.
673 1790 914 1848 Frustra
940 1789 1242 1866 excipitur,
1275 1788 1568 1848 Adamum
1584 1788 1841 1865 primum
1880 1806 2049 1866 posse
2079 1788 2273 1847 vocari
2312 1786 2626 1863 hominum,
2658 1786 2835 1846 relate

433 1868 510 1927 ad
538 1869 848 1944 Christum,
878 1870 1016 1927 licet
1058 1890 1176 1927 non
1205 1870 1280 1928 sit
1322 1869 1541 1946 primus
1585 1869 1857 1945 omnium,
1889 1877 1955 1928 ut
1982 1868 2246 1927 Christus
2271 1870 2542 1926 sccundus
2569 1866 2835 1925 Adamus

430 1957 690 2024 vocatur,
739 1958 800 2007 et
830 1946 1054 2025 -ἴσχιτος
1102 1949 1441 2024 novissimus,
1498 1952 1526 2005 1
1578 1949 1708 2007 Cor.
1739 1968 1838 2007 xv.
1870 1951 1966 2024 47,
1996 1948 2133 2017 licet
2180 1968 2286 2006 nec
2334 1946 2619 2007 secundus
2658 1948 2734 2005 sit
2760 1946 2837 2005 ab

431 2027 682 2103 Adamo,
713 2048 821 2087 nec
847 2030 1104 2088 ultimus,
1165 2028 1314 2087 Nam
1338 2027 1602 2087 Adamus
1629 2035 1873 2087 vocatur
1899 2028 2134 2105 primuS,
2165 2047 2283 2085 non
2309 2026 2739 2087 tantum-relate
2760 2025 2838 2084 ad

432 2108 892 2185 Christum,-quia
911 2109 1084 2167 -illum
1095 2108 1410 2187 -praecessit,
1427 2108 1538 2167 sed
1556 2108 1741 2166 etiam
1768 2107 1843 2165 ad
1860 2115 2097 2166 caeteros
2110 2107 2392 2182 homines,
2407 2107 2507 2183 qui
2524 2106 2836 2183 imaginem

428 2189 612 2266 ipsius
639 2188 788 2247 ferre
815 2188 1045 2264 debent,
1077 2188 1265 2267 qualis
1291 2189 1447 2247 enim
1485 2196 1749 2246 terr-enus
1778 2195 1883 2262 est,
1912 2186 2060 2245 tales
2100 2187 2275 2245 etiam
2314 2187 2529 2245 debent
2554 2206 2691 2245 esse
2718 2194 2833 2245 ter-

428 2270 569 2344 reni,
602 2289 658 2327 v.
689 2271 789 2343 48,
818 2269 922 2327 ubi
946 2268 1248 2327 manifeste
1290 2267 1568 2327 alluditur
1593 2267 1669 2325 ad
1708 2267 1951 2344 primam
1990 2266 2241 2325 hominis
2280 2265 2715 2345 productionem
2751 2285 2833 2324 ex

427 2349 667 2425 pulvere
696 2356 881 2408 terrae,
967 2352 1022 2406 2.
1068 2348 1332 2406 Christus
1371 2355 1615 2406 vocatur
1653 2349 1940 2422 secundus,
1970 2365 2089 2404 non
2131 2346 2289 2424 quod
2314 2345 2488 2405 fuerit
2514 2344 2831 2405 secundum

426 2428 794 2487 individuum
815 2428 1069 2487 Generis
1105 2427 1360 2502 humani,
1393 2426 1498 2485 sed
1536 2427 1757 2485 ratione
1786 2427 2291 2485 communicationis
2318 2434 2377 2485 et
2402 2426 2651 2502 oriqinis,
2695 2425 2832 2503 quia

426 2506 537 2566 fuit
565 2507 818 2566 secunda
843 2507 1029 2581 radix,
1062 2516 1119 2565 et
1147 2507 1320 2584 stirps
1346 2506 1673 2582 hominum;
1703 2505 1770 2563 fit
1796 2506 1949 2564 enim
1976 2505 2261 2583 oppositio
2287 2506 2437 2564 inter
2458 2505 2753 2563 Adamum
2772 2512 2832 2563 et

430 2588 739 2662 Christum,
772 2594 1046 2664 tanquam
1074 2586 1225 2645 inter
1265 2585 1380 2646 duo
1409 2586 1629 2663 Capita,
1662 2605 1905 2662 quorum
1945 2586 2105 2663 prius
2133 2586 2253 2644 suis
2280 2585 2463 2644 vitam
2503 2584 2826 2661 animalem,

427 2675 486 2725 et
515 2687 646 2725 cum
673 2687 742 2726 ea
768 2674 1069 2744 peccatum
1097 2676 1156 2725 et
1181 2675 1423 2725 mortem
1452 2666 1854 2740 communicat,
1887 2665 2183 2724 Posterius
2204 2685 2342 2724 vero
2364 2665 2485 2724 suis
2504 2665 2687 2724 v'itam
2714 2666 2827 2741 spi·

425 2747 693 2806 ritualem
733 2756 793 2805 et
841 2755 1114 2806 aeternam
1139 2766 1274 2806 cum
1307 2745 1536 2823 justitia
1574 2765 1679 2803 sua
1718 2745 2058 2821 impertitur,
2088 2745 2245 2821 quod
2272 2743 2612 2822 Apostolus,
2632 2765 2700 2803 -v,
2714 2749 2826 2820 ⁴22,

426 2835 606 2902 notat,
637 2846 816 2905 quum
843 2827 943 2903 ait,
973 2837 1036 2884 ut
1061 2827 1120 2884 in
1145 2827 1371 2883 Adamo
1400 2845 1584 2883 omnes
1611 2826 1945 2898 moriuntur,
1976 2825 2056 2882 ita
2084 2826 2143 2882 in
2183 2824 2405 2883 Chr-isto
2446 2845 2632 2883 omnes
2658 2825 2826 2904 vimfi-

425 2916 645 2982 cantur,
677 2906 755 2965 id.
785 2913 1070 2983 quotquot
1097 2905 1482 2962 vivificantur.
1563 2904 1912 2961 Novissima-«J
1938 2923 2076 2963 vero
2104 2903 2251 2962 bene
2280 2904 2506 2980 dicitur,
2536 2924 2652 2962 non
2666 2903 2829 2980 quod

425 2987 664 3044 ultimus
694 2985 958 3044 debuerit
985 2984 1160 3058 nasci,
1176 2983 1297 3042 ‚sed
1323 2991 1446 3042 tum
1475 2981 1614 3059 quia
1639 2980 1871 3040 Adamo
1901 2983 2194 3058 successit,
2225 2991 2347 3042 tum
2376 2985 2514 3060 quia
2538 2991 2667 3062 post
2694 3002 2825 3042 eum

425 3059 597 3122 nemo
625 3063 868 3123 eandem
897 3063 1116 3140 Capitis
1141 3062 1423 3120 rationem
1451 3064 1733 3120 sustinere
1762 3069 1969 3138 potest.
2033 3063 2156 3120 Nec
2172 3063 2379 3122 melius
2400 3063 2645 3122 elabitur
2671 3063 2825 3121 Prae-

425 3143 696 3218 adamita,
748 3143 887 3202 dum
935 3145 1018 3202 ait
1039 3141 1338 3201 Adamum
1364 3142 1612 3218 primum
1658 3141 1790 3217 dici,
1842 3149 1901 3200 et
1946 3151 2167 3220 patrem
2216 3143 2472 3201 omnium
2511 3143 2825 3219 hominum,

425 3231 712 3301 quatenus
739 3223 1003 3281 homines
1030 3242 1230 3280 omnes
1257 3223 1318 3279 in
1345 3221 1447 3280 illo
1475 3228 1876 3299 peecaverunt,
1908 3229 1967 3280 et
1994 3230 2277 3298 quatenus
2303 3223 2539 3300 primus,
2562 3230 2629 3281 et
2668 3230 2831 3300 pater

423 3303 684 3362 omnium
721 3310 1090 3380 peccatorum
1133 3309 1258 3378 est;
1324 3301 1473 3360 Nam
1504 3300 1777 3379 Apostoli
1819 3302 1999 3360 verba
2030 3302 2303 3378 innuunt,
2344 3322 2461 3360 non
2502 3310 2728 3361 tantum
2768 3302 2831 3360 in

426 3382 630 3441 ordine
657 3381 936 3460 peccandi
982 3382 1227 3459 primum
1257 3379 1389 3455 dici,
1419 3381 1557 3440 licet
1597 3389 1657 3438 et
1682 3380 1794 3438 hoc
1821 3400 2025 3440 verum
2066 3381 2158 3456 sit,
2190 3382 2379 3441 sed-et
2421 3383 2483 3438 in
2514 3381 2713 3442 ordine
2734 3401 2829 3441 es-

427 3461 609 3537 sendi,
633 3468 925 3541 quatenus
953 3462 1028 3521 ab
1057 3481 1142 3536 e0,
1173 3468 1234 3520 et
1259 3465 1314 3518 τὶ
1341 3463 1524 3538 χοῖκὶι,
1556 3468 1614 3519 et
1639 3464 1696 3518 τὸ
1722 3457 1947 3537 ψυχικὸν
1972 3461 2235 3520 homines
2274 3461 2563 3537 hauriunt,
2594 3462 2673 3520 id.
2698 3481 2830 3520 esse

424 3550 718 3602 terrenum
743 3550 804 3601 et
831 3542 1094 3600 animale.

507 3623 584 3682 V.
629 3627 685 3682 2.
717 3623 851 3680 Mas
894 3632 955 3682 et
997 3621 1247 3697 foemina,
1279 3621 1382 3700 qui
1423 3621 1696 3681 dicuntur
1744 3621 1921 3681 creati
1963 3629 2129 3680 sexto
2173 3621 2284 3698 die,
2316 3642 2439 3699 cap.
2470 3621 2527 3696 i.,
2562 3639 2689 3679 -uon
2730 3620 2829 3679 alii

425 3711 578 3778 sunt,
610 3721 784 3778 quam
814 3701 1080 3761 Adamus
1108 3710 1166 3761 et
1179 3703 1324 3779 Eva,
1340 3701 1413 3760 de
1443 3703 1655 3779 quibus
1683 3703 1891 3779 agitur,
1917 3721 2041 3778 cap.
2070 3701 2149 3777 ii.,
2178 3701 2282 3760 ubi
2310 3701 2639 3760 distinctius
2666 3719 2829 3778 repe·

421 3782 568 3840 titur
583 3790 653 3840 -et
669 3781 1017 3858 explicatur,
1047 3782 1208 3859 quod
1233 3781 1469 3842 brevius
1497 3783 1687 3859 capite
1714 3782 1899 3859 primo
1927 3780 1999 3839 de
2026 3780 2681 3859 hominis-productione
2710 3781 2828 3840 die-

423 3869 550 3919 tum
578 3860 782 3919 fuerat.
814 3860 984 3920 Patet
1018 3865 1068 3920 1.
1099 3881 1176 3920 ex
1203 3880 1353 3920 vers.
1390 3865 1440 3938 1,
1472 3865 1528 3937 2,
1561 3865 1616 3936 3,
1648 3882 1772 3939 cap.
1803 3861 1882 3936 ii.,
1912 3860 2014 3919 ubi
2040 3861 2407 3938 praemittitur
2432 3861 2830 3938 recapitulatio

423 3939 716 4016 primaevae
758 3941 1064 4000 creationis
1093 3939 1225 3998 ooeli
1253 3949 1311 3999 et
1351 3948 1536 4016 terrae,
1568 3940 1641 3998 de
1669 3960 1785 4017 qua
1812 3948 2003 3999 actum
2030 3939 2139 3999 fuit
2168 3961 2217 3998 c.
2246 3941 2285 3998 i.
2368 3940 2529 4018 Ergo
2571 3940 2731 4018 quod
2770 3941 2831 3997 in

423 4018 800 4094 sequentibus
827 4018 1134 4095 subjicitur
1162 4019 1234 4078 de
1262 4019 1550 4078 creatione
1575 4020 1765 4076 ¹¹maris
1793 4028 1852 4078 et
1878 4020 2143 4095 foeminae,
2176 4018 2378 4078 eodem
2420 4020 2689 4097 pertinet.
2773 4024 2830 4078 2.

425 4096 752 4174 Utrobique
781 4097 946 4174 origo
990 4099 1252 4174 ejusdem
1277 4099 1494 4156 Adami
1517 4096 1878 4174 describitur,
1909 4099 2045 4176 quia
2092 4099 2247 4157 idem
2274 4118 2486 4158 nomen
2524 4098 2832 4176 utrobique

420 4175 689 4250 occurrit,
721 4185 780 4235 et
807 4175 1007 4235 eadem
1034 4177 1284 4235 nominis
1323 4177 1488 4253 ratio,
1519 4185 1662 4254 puta
1704 4197 1781 4235 ex
1806 4186 1959 4237 terra
1998 4178 2319 4255 productiO,
2364 4179 2522 4256 quod
2558 4178 2673 4237 dici
2713 4196 2831 4237 non

419 4263 637 4334 posset,
669 4256 718 4314 si
743 4257 857 4316 hoc
884 4254 956 4314 de
985 4256 1212 4315 duobus
1250 4255 1496 4316 diversis
1537 4265 1691 4316 esset
1715 4257 2175 4336 intelligendum.
2260 4262 2316 4317 3.
2364 4259 2427 4316 Si
2454 4258 2571 4317 duo
2612 4257 2833 4316 Adami

421 4335 789 4413 intelligendi
817 4344 1026 4411 essent,
1057 4335 1155 4393 vel
1183 4335 1254 4394 de
1283 4337 1535 4396 secundo
1561 4356 1680 4395 non
1721 4337 2025 4414 constabit,
2056 4338 2213 4416 quod
2255 4338 2330 4397 sit
2356 4338 2543 4398 factus
2570 4337 2647 4396 ad
2675 4339 2829 4395 Ima-

466 4417 619 4476 inem
640 4416 769 4490 Dei,
785 4415 921 4492 quia
947 4415 1094 4473 nihil
1121 4414 1194 4473 de
1222 4436 1291 4474 eo
1319 4417 1544 4493 dieitur,
1567 4437 1691 4494 cap.
1721 4417 1801 4493 ii.,
1832 4418 1928 4476 vel
1957 4418 2029 4476 de
2056 4418 2241 4496 primo
2270 4438 2386 4476 non
2411 4417 2659 4495 liquebit
2684 4437 2828 4495 prse-

419 4437 608 4556 ditum
635 4515 764 4556 esse
792 4495 984 4554 anima
1025 4495 1310 4574 rationali,
1343 4498 1479 4574 quia
1520 4497 1668 4556 nihil
1708 4497 1954 4557 traditur
1994 4497 2067 4556 de
2108 4497 2493 4558 insufflatione
2522 4498 2729 4556 animas
2768 4497 2831 4554 in

419 4593 590 4636 nares
617 4577 763 4656 ejus,
795 4576 952 4655 quod
980 4576 1214 4636 demum
1243 4597 1367 4655 cap.
1397 4577 1456 4636 ii.
1485 4577 1749 4637 traditur.
1834 4581 1890 4636 4.
1926 4578 2212 4656 Sequetur
2249 4578 2453 4657 primis
2496 4575 2829 4638 hominibus
