3300 5225
589 274 708 350 '564
1540 305 1722 347 Locus
1751 307 1961 347 nonus.
2622 287 2912 368 [qus‘r.
2953 306 3046 347 11.

590 455 693 525 gat
718 467 945 526 poenam
974 446 1314 521 immerenti,
1347 446 1451 504 sed
1476 446 1739 520 merenti,
1773 445 1824 504 si
1849 464 1968 503 non
1993 445 2198 503 merito
2226 445 2458 522 proprio
2485 453 2544 504 et
2569 447 2910 524 personali,
2974 455 3042 505 at

587 527 927 604 participato
956 535 1015 585 et
1042 526 1346 599 communi,
1370 525 1528 602 quod
1555 525 1829 584 fundatur
1848 525 1910 582 in
1937 525 2336 582 communione
2361 525 2612 584 naturali
2629 534 2688 584 et
2709 525 3038 600 foedandi,

589 626 719 683 quae
746 605 915 664 nobis
943 624 1074 663 cum
1104 604 1334 663 Adamo
1360 603 1680 662 intercedit.

670 683 884 742 XXV.
929 688 986 743 7.
1017 685 1103 744 Ut
1131 684 1277 742 Levi
1303 683 1621 742 decimatus
1648 683 1758 741 fuit
1784 701 1820 740 a
1847 681 2274 741 Melchisedeco
2301 680 2384 740 διὰ
2405 682 2666 764 Ἀβμιὶμ,
2699 683 2874 742 Heb.
2911 683 3030 742 vii.

590 766 646 837 9,
677 763 755 821 id.
784 762 883 821 vel
898 783 1013 839 per
1038 763 1439 837 Abrahamum,
1483 770 1758 838 tanquam
1798 761 2197 820 intermediam
2239 781 2560 839 personam,
2589 762 2688 820 vel
2716 763 2774 821 in
2803 763 3025 820 Abra-

589 843 746 900 hami
758 861 1027 918 per-sona,
1048 850 1329 919 quatenus
1357 842 1419 898 in
1442 840 1659 899 lumbis
1680 842 1806 917 ejus
1823 839 2011 899 adhue
2033 847 2155 899 erat
2173 841 2578 918 potentialiter,
2601 849 2668 900 ut
2687 851 3028 918 propterea

589 922 650 978 in
679 941 747 979 eo
776 928 835 980 et
862 941 992 980 cum
1020 941 1107 995 eo,
1137 921 1238 997 qui
1264 919 1441 979 totius
1468 920 1750 996 prosapiae
1779 939 1897 977 suze
1917 939 2220 996 personam
2241 929 2379 978 tunc
2403 920 2656 997 gerebat,
2681 921 2818 997 jure
2841 920 3022 978 deci·

590 1009 781 1058 matus
830 1008 1163 1075 censeatur-3
1210 1000 1305 1058 Ita
1349 999 1532 1058 multo
1580 999 1769 1075 magis
1813 998 2034 1056 censeri
2079 1006 2323 1076 possunt
2363 999 2424 1056 in
2451 999 2684 1057 Adamo
2721 1019 3018 1076 peccasse

591 1080 717 1156 ejus
742 1081 977 1156 posteri,
1006 1087 1204 1156 utpote
1232 1077 1333 1155 qui
1360 1078 1421 1136 in
1449 1098 1518 1136 eo
1546 1085 1741 1136 essent
1765 1085 1832 1136 ut
1871 1077 2016 1134 rami
2042 1078 2104 1134 in
2143 1077 2353 1153 radice,
2384 1097 2576 1136 massa
2599 1079 2662 1136 in
2701 1079 3012 1154 primitiis,

592 1167 650 1217 et
676 1159 934 1217 membra
960 1159 1021 1216 in
1050 1157 1267 1234 Capite.
1350 1157 1485 1215 Non
1512 1156 1672 1234 quod
1710 1155 2143 1215 fundamentum
2185 1157 2580 1234 imputationis
2606 1157 2668 1214 in
2693 1157 2796 1215 illo
2841 1157 3010 1216 facto

592 1245 895 1314 quaeratur,
927 1236 1085 1314 quod
1110 1237 1170 1293 in
1198 1236 1397 1295 multis
1424 1236 1615 1295 differt
1656 1235 1730 1293 ab
1757 1254 1862 1311 ea3
1908 1235 2012 1293 sed
2037 1243 2261 1294 tantum
2301 1245 2369 1294 ut
2395 1255 2430 1293 a
2457 1235 2634 1294 simili
2665 1255 2769 1312 per
2793 1237 3006 1294 analo·

594 1318 750 1392 giam
778 1317 1114 1375 illustretur.
1180 1316 1303 1374 Nec
1330 1315 1510 1373 verba
1536 1334 1666 1391 quse
1702 1314 1866 1374 addit
1893 1313 2120 1390 Apost.,
2152 1315 2212 1379 ὥς
2239 1313 2349 1381 ’ἐπ-ος
2375 1321 2532 1390 εἰπεῖν,
2563 1335 2683 1373 rem
2711 1315 3002 1392 tropicam

592 1405 650 1455 et
678 1396 982 1472 figuratam
1003 1395 1266 1469 innuunt,
1286 1394 1453 1471 quasi
1477 1394 1623 1452 Levi
1642 1393 1888 1470 figurate
1908 1400 2149 1469 tantum,
2169 1413 2286 1452 non
2304 1395 2550 1471 proprie,
2573 1395 2635 1452 in
2658 1394 3004 1452 Abrahamo

595 1473 881 1533 diceretur
924 1474 1260 1548 decimatus,
1307 1472 1466 1549 quod
1506 1482 1596 1531 est
1643 1480 1844 1530 eontra
1883 1479 2132 1530 mentem
2162 1471 2449 1550 Apostoli,
2480 1473 2736 1550 quivult
2779 1493 2858 1531 ex
2887 1473 3004 1530 ista

594 1553 973 1611 decimatione
1000 1552 1435 1611 inferioritatem
1466 1550 1786 1609 Sacerdotii
1815 1549 2088 1608 Aaronici
2129 1571 2249 1628 prae
2279 1552 2802 1611 Melchisedeeiano
2831 1551 2998 1611 colli-

594 1651 748 1708 gere,
778 1632 916 1708 quia
942 1631 1043 1708 qui
1070 1630 1323 1688 decimas
1350 1629 1529 1688 solvit
1552 1629 1787 1687 inferior
1813 1639 1902 1688 est
1929 1649 1999 1687 eo
2027 1631 2126 1706 qui
2155 1649 2252 1690 eas
2274 1630 2482 1708 accipit
2505 1653 2520 1706 ;
2564 1630 2670 1688 sed
2691 1632 2788 1688 vel
2815 1631 2998 1689 emol-

591 1711 743 1768 liunt
768 1711 1035 1786 phrasem
1080 1709 1471 1768 duriuseulam
1515 1708 1587 1766 de
1616 1707 1764 1766 Levi
1809 1708 2204 1785 decimatione,
2235 1729 2366 1768 eum
2393 1709 2546 1768 bona
2570 1709 2798 1787 proprie
2841 1709 2998 1768 deci-

594 1797 838 1862 mentur,
869 1808 986 1846 non
1012 1807 1308 1864 personae3
1352 1788 1450 1845 vel
1478 1786 1806 1864 significant
1834 1786 2180 1865 Apostolum
2221 1807 2338 1854 uno
2366 1789 2545 1847 verbo
2571 1789 2725 1846 velle
2757 1808 2884 1847 rem
2911 1797 2998 1846 to-

594 1877 715 1925 tam
743 1867 1061 1942 absolvere,
1092 1887 1198 1925 nec
1226 1885 1288 1925 se
1313 1865 1557 1925 ulterius
1584 1866 1647 1923 in
1673 1885 1742 1924 ea
1769 1866 2113 1944 explicanda
2141 1866 2489 1926 diffundere:
2533 1876 2600 1925 ut
2620 1888 2732 1925 uno
2757 1869 2928 1926 verbo
2948 1877 3004 1925 et

594 1948 831 2005 breviter
858 1947 1059 2004 dicam.
1144 1946 1267 2004 Nec
1296 1945 1347 2003 si
1371 1944 1518 2004 fides
1544 1944 1868 2003 Abrahami
1916 1954 2016 2005 aut
2056 1947 2183 2022 ejus
2209 1955 2446 2024 peccata
2471 1966 2589 2004 non
2631 1946 2866 2006 fuerunt
2891 1947 2998 2003 im-

594 2033 797 2103 putata
824 2025 988 2100 Levi,
1020 2025 1285 2100 quamvis
1311 2025 1373 2082 in
1402 2044 1470 2082 eo
1498 2024 1818 2084 decimatus
1845 2024 2033 2100 fuerit,
2058 2025 2318 2102 sequitur
2335 2024 2470 2083 inde
2491 2045 2608 2083 non
2627 2025 2776 2084 bene
2797 2025 3002 2102 colligi

594 2104 1032 2180 imputationem
1074 2103 1315 2181 peccati.
1415 2103 1565 2177 Quia
1591 2103 1961 2163 Abrahamus
2006 2103 2326 2162 sustinebat
2351 2122 2653 2180 personam
2684 2103 2830 2162 Levi
2873 2105 2998 2162 sive

596 2185 814 2242 ordinis
863 2183 1249 2242 Sacerdotalis
1292 2182 1569 2241 Aaronici
1612 2203 1690 2240 ex
1735 2202 1795 2241 se
1841 2183 2059 2258 orituri,
2089 2183 2152 2239 in
2195 2183 2297 2240 illa
2325 2183 2569 2240 solemni
2609 2183 2850 2256 actione,
2883 2202 2998 2259 qua

596 2263 849 2321 decimas
892 2261 1053 2320 dedit
1082 2261 1508 2320 Melchisedeco
1531 2283 1546 2337 3
1608 2261 1712 2320 sed
1755 2281 1872 2319 non
1915 2262 1976 2319 in
2015 2261 2459 2339 particularibus
2501 2260 2620 2321 suis
2649 2261 2994 2337 actionibus,

596 2362 725 2420 quae
752 2342 849 2400 vel
876 2341 1014 2399 fidei
1040 2341 1139 2399 vel
1165 2341 1385 2418 peceati
1412 2348 1680 2418 respectu
1707 2349 1870 2398 erant
1897 2361 2050 2400 mere
2077 2341 2427 2418 personales

984 2487 997 2498 ·
1202 2419 1450 2477 XXVI.
1515 2419 1656 2476 Alia
1697 2427 1788 2478 est
1813 2421 1960 2478 ratio
1995 2430 2357 2497 peccatorum
2395 2440 2550 2479 mere
2584 2421 2990 2496 personalium,

638 2486 1048 2588 Fontzzzoluuo-
1123 2499 1262 2557 Alia
1288 2519 1425 2558 vero
1454 2499 1821 2557 communium
1849 2506 1907 2557 et
1923 2500 2275 2574 publicorum
2291 2524 2316 2572 ,·
2359 2500 2471 2559 Illa
2497 2519 2614 2558 non
2641 2498 2854 2558 debent
2885 2500 2991 2556 im-

894 2573 906 2586 '
1120 2579 1310 2657 putari
1328 2579 1591 2657 posteris,
1613 2585 1672 2637 et
1694 2577 1766 2637 de
1792 2577 1910 2638 illis
1938 2577 2314 2655 intelligenda
2337 2579 2481 2654 Lex,
2507 2579 2680 2639 Deut.
2703 2579 2869 2638 xxiv.
2895 2581 2988 2653 16,

600 2661 637 2693 “
660 2658 748 2717 Ne
792 2666 976 2717 morte
1020 2658 1338 2719 efficiantur
1378 2668 1571 2735 patres
1615 2677 1720 2735 pro
1763 2658 2052 2733 filiis,·nec
2097 2658 2204 2715 filii
2230 2678 2334 2737 pro
2361 2658 2636 2736 patribuS,
2669 2657 2774 2717 sed
2815 2678 2988 2717 unus·

590 2740 841 2816 'quisque
868 2758 972 2815 pro
1000 2738 1252 2815 peccatis
1280 2738 1399 2796 suis
1426 2746 1608 2796 morte
1638 2736 1917 2796 afficiatur
1934 2739 1990 2811 ;”
2034 2736 2136 2795 sed
2163 2737 2277 2797 ista
2301 2737 2448 2796 nihil
2489 2738 2680 2797 obstat
2705 2737 2990 2815 imputari,

597 2818 767 2894 quale
796 2818 905 2876 fuit
930 2826 1230 2893 peceatum
1257 2815 1491 2875 Adami.
1574 2820 1631 2874 2.
1664 2815 1804 2873 Alia
1825 2816 1974 2891 ratio
2003 2824 2092 2875 est
2121 2816 2297 2893 Legis
2325 2836 2454 2894 quse
2480 2816 2809 2875 hominibus
2829 2816 2988 2893 poni-

586 2907 727 2971 ·tur;
776 2896 914 2953 Alia
940 2915 1079 2953 vero
1108 2895 1302 2971 LegiS,
1334 2895 1428 2953 cui
1474 2896 1635 2953 Deus
1679 2895 1802 2970 ipse
1847 2894 2242 2972 adstringitur.
2342 2896 2458 2955 Hic
2501 2904 2668 2954 metae
2704 2904 2992 2972 ponuntur

596 2976 871 3033 vindictae
898 2975 1179 3047 humanae,
1211 2974 1349 3049 quia
1374 2974 1435 3031 in
1462 2992 1532 3031 ea
1556 2982 1748 3051 potest
1776 2972 1900 3031 dari
1927 2973 2158 3049 abusus,
2190 2974 2293 3033 sed
2319 2994 2436 3033 non
2455 2974 2696 3052 justitiae
2741 2974 2987 3051 divinae3

590 3052 852 3111 'ostendit
868 3052 1137 3109 nimirum
1156 3052 1413 3109 hocloco
1434 3052 1595 3110 Deus
1622 3052 1765 3129 quid
1791 3052 1864 3110 ab
1880 3052 2209 3111 hominibus
2232 3054 2372 3111 velit
2393 3054 2676 3112 ordinarie
2698 3053 2985 3130 praestari3

600 3131 704 3190 sed
732 3149 848 3188 non
876 3129 1067 3187 statim
1096 3129 1240 3208 quid
1277 3129 1402 3207 ipse
1430 3132 1573 3189 velit
1607 3140 1897 3207 praestare,
1927 3131 2141 3209 quidve
2187 3152 2261 3189 ex
2290 3132 2488 3191 ordine
2525 3133 2770 3209 justitiae
2811 3132 2990 3209 possit

599 3209 828 3285 exequi,
859 3209 1002 3267 alias
1029 3228 1144 3267 non
1172 3208 1455 3286 potuisset
1481 3209 1673 3268 dicere
1715 3210 1778 3268 in
1805 3210 1963 3287 Lege
1993 3230 2054 3270 se
2081 3210 2448 3269 visitaturum
2487 3220 2726 3288 peccata
2770 3220 2988 3289 patrum

600 3290 659 3347 in
688 3288 857 3361 filios,
888 3308 994 3346 nec
1022 3288 1305 3366 exemplis
1332 3290 1508 3348 variis
1533 3290 1645 3347 hoc
1675 3289 2084 3349 confirmasset.

680 3366 967 3426 XXVII.
1028 3368 1219 3427 Locus
1264 3368 1476 3427 Ezech.
1512 3368 1676 3427 xviii.
1707 3372 1804 3444 20,
1834 3370 1934 3427 ubi
1974 3376 2326 3447 protestatur
2367 3370 2528 3430 Deus
2558 3372 2595 3403 “
2619 3368 2835 3428 Filium
2875 3388 2984 3425 non

598 3455 956 3524 portaturum
984 3447 1347 3525 iniquitatem
1378 3448 1585 3521 Patris,
1617 3448 1721 3506 sed
1748 3449 1996 3506 animam
2017 3468 2145 3525 quae
2173 3450 2438 3525 peccavit
2461 3449 2856 3523 morituram,'’
2878 3464 2986 3504 non

584 3526 686 3585 'est
715 3526 976 3585 absolute
1005 3535 1064 3585 et
1092 3526 1427 3603 simpliciter
1452 3526 1864 3602 intelligendus
1891 3535 2062 3603 prout
2088 3534 2270 3603 sonat,
2302 3528 2446 3587 alias
2491 3526 2866 3587 contradictio
2890 3525 2984 3583 da-

598 3614 757 3665 retur
800 3626 933 3665 cum
979 3607 1154 3683 Lege,
1202 3614 1261 3664 et
1304 3604 1573 3682 neganda
1613 3614 1766 3665 esset
1809 3605 2142 3664 substitutio
2187 3607 2404 3665 Christi
2443 3607 2505 3663 in
2540 3607 2724 3665 nostri
2765 3606 2947 3663 locum
2972 3626 2987 3663 τ

605 3685 722 3745 Sed
751 3684 923 3743 debet
951 3686 1181 3761 exponi,
1216 3688 1269 3743 1.
1290 3687 1384 3743 De
1392 3685 1535 3763 filiis
1562 3685 1787 3759 adultis,
1818 3685 1918 3762 qui
1944 3684 2222 3743 recedunt
2249 3705 2284 3743 a
2309 3686 2562 3763 peccatis
2589 3693 2902 3762 parentum,
2930 3692 2986 3741 et

597 3764 701 3821 illa
726 3783 844 3821 non
882 3764 1197 3839 imitantur,
1228 3772 1294 3822 ut
1339 3772 1499 3840 patet
1540 3784 1615 3822 ex
1642 3782 1702 3821 v.
1736 3766 1826 3838 19,
1861 3766 1896 3796 “
1919 3783 2094 3840 quare
2116 3762 2276 3822 filius
2322 3783 2440 3822 non
2487 3763 2598 3823 fert
2637 3764 2986 3841 iniquitatem

599 3843 779 3919 patris
794 3846 824 3899 Ρ
880 3843 1017 3918 quia
1042 3842 1180 3901 facit
1216 3843 1505 3920 justitiam
1548 3849 1607 3901 et
1644 3842 1946 3919 judicium,
1977 3842 2108 3901 ideo
2135 3843 2388 3902 vivendo
2423 3842 2644 3902 vivet.”
2731 3844 2815 3900 At
2852 3842 2986 3900 tales

598 3938 717 3977 non
747 3927 881 3977 sunt
906 3920 1012 3978 filii
1041 3921 1207 3997 Adae,
1238 3922 1338 3997 qui
1368 3922 1441 3980 ab
1468 3930 1633 3980 utero
1676 3928 1812 3979 sunt
1837 3927 2336 3997 transgressore&
2393 3926 2450 3981 2.
2473 3924 2570 3981 De
2581 3922 2830 3999 peccatis
2857 3940 2982 3997 per*-

597 3999 881 4056 sonalibus
907 4008 965 4056 et
1006 4000 1465 4077 particularibus,
1494 4018 1611 4057 non
1657 4000 2057 4059 communibus
2099 4008 2158 4059 et
2201 4001 2584 4079 generalibus,
2615 4020 2745 4078 quae
2787 4000 2986 4058 multos

598 4084 843 4153 possunt
869 4076 1183 4154 involvere,
1214 4079 1385 4157 quale
1426 4085 1515 4136 est
1554 4086 1854 4155 peceatum
1882 4078 2050 4137 Adae.
2134 4083 2190 4138 3.
2221 4080 2354 4137 Non
2394 4081 2491 4137 hic
2518 4079 2883 4138 constituitur
2903 4096 2983 4135 re-

594 4156 737 4231 9ula
758 4156 1037 4231 generalis
1064 4158 1441 4233 providentiae
1470 4166 1529 4215 et
1541 4158 1567 4233 j
1574 4156 1803 4233 ustitiae,
1835 4159 1910 4216 ad
1936 4176 2110 4237 quam
2139 4158 2300 4217 Deus
2326 4160 2425 4217 vel
2453 4170 2585 4217 ante
2615 4176 2838 4235 semper
2862 4176 2983 4216 exe-

599 4234 767 4311 gerit,
816 4232 911 4291 vel
958 4235 1020 4291 in
1044 4244 1336 4313 posterum
1382 4244 1690 4295 exacturus
1738 4238 1814 4297 sit
1855 4238 2047 4295 omnia
2086 4256 2192 4296 sua
2229 4237 2453 4315 judicia
2475 4260 2489 4313 ;
2534 4238 2700 4296 aliter
2746 4236 2891 4295 enim
2928 4236 2982 4293 in

600 4314 762 4389 Lege
792 4312 1091 4387 sancitum,
1114 4324 1172 4373 et
1198 4314 1259 4371 in
1287 4316 1569 4393 exemplis
1596 4316 1966 4376 observatum
1993 4316 2178 4392 liquet
2200 4338 2214 4392 ;
2259 4316 2363 4376 sed
2391 4317 2584 4393 agitur
2609 4317 2979 4392 neyotiumpe-

599 4395 814 4453 culiare
860 4412 984 4450 cum
1010 4394 1247 4467 Judaeis,
1278 4393 1489 4470 quibus
1534 4396 1645 4453 hoe
1679 4396 1838 4454 Deus
1888 4404 1964 4454 ex
2009 4397 2245 4470 speciali
2278 4397 2619 4454 concessione
2643 4394 2897 4471 largitur,
2922 4402 2982 4452 ut

597 4492 713 4531 non
743 4492 875 4532 cum
902 4471 1044 4548 ipsis
1071 4480 1209 4548 agat
1236 4492 1311 4530 ex
1338 4473 1439 4532 illo
1461 4472 1704 4551 justitiae
1732 4474 1938 4552 rigore,
1963 4494 2136 4552 quem
2156 4484 2354 4552 posset
2381 4475 2704 4549 observare,
2727 4482 2794 4532 ut
2813 4474 2982 4531 aliena

596 4560 834 4629 peccata
858 4550 1002 4630 ipsis
1029 4552 1290 4629 imputet,
1320 4551 1425 4612 sed
1450 4562 1515 4613 ut
1540 4554 1771 4631 propria
1795 4562 2036 4632 peccata
2059 4554 2122 4613 in
2148 4554 2292 4633 ipsis
2317 4555 2550 4633 plectat,
2573 4561 2640 4613 ut
2659 4572 2725 4613 os
2751 4552 2865 4612 illis
2883 4552 2980 4610 hoc

3131 5122 3168 5225 lum-
