3300 5225
540 355 651 413 106
1478 373 1662 415 Locus
1689 370 2008 415 szcuunus.
2549 348 2801 430 [eumer.
2829 368 2936 411 111.

533 511 919 572 Punctatt'om‘s
944 514 1189 573 revelato
1200 537 1224 587 ;
1266 512 1363 572 Ita
1387 511 1449 571 in
1480 513 1698 573 C'vitica
1735 532 1842 572 sua
1879 530 2050 571 sacr-a
2075 528 2288 587 magno
2329 508 2521 569 studio
2561 510 2806 587 probare
2847 508 2933 569 in-

533 593 737 669 tendit,
786 592 909 651 Nos
952 593 1029 651 ad
1072 592 1410 653 hodiernam
1456 591 1792 652 Lectionem
1833 592 2057 651 Textus
2101 588 2387 649 Hebraici
2438 607 2802 666 nequaquam
2855 589 2938 649 ita

534 671 736 748 teneri,
776 672 918 750 quin
959 672 1181 733 licitum
1225 673 1303 732 sit
1346 692 1499 750 saepe
1540 672 1617 731 ab
1660 692 1732 731 ea
1771 670 2084 745 discedere,
2125 670 2353 747 quoties
2393 668 2493 727 vel
2535 688 2613 728 ex
2657 670 2938 728 Veterum

538 752 927 828 Interpretum
970 752 1294 829 collatione,
1322 751 1421 811 vel
1464 772 1540 812 ex
1582 760 1756 811 rcctae
1797 750 2036 810 rationis
2073 748 2152 825 vi,
2184 748 2281 807 vel
2321 747 2553 826 proprio
2589 747 2834 826 judicio,
2877 756 2939 807 et

536 829 903 907 conjectandi
930 830 1203 890 facultate
1228 832 1535 891 lectionem
1562 831 1736 891 aliam
1761 830 2057 889 meliorem
2083 836 2144 887 et
2181 828 2708 887 convenientiorem
2735 827 2936 906 depre-

536 910 789 969 hendere
814 930 1139 988 possumus,
1168 919 1236 970 ut
1278 910 1403 969 fuse
1446 910 1557 969 hoc
1596 909 1960 987 persequitur
1986 909 2133 967 libro
2161 910 2217 983 6,
2247 928 2373 985 cap.
2402 911 2458 983 4,
2491 910 2545 983 5,
2577 905 2686 966 &c.
2770 906 2940 981 Quod

536 1009 607 1048 eo
635 990 827 1048 animo
854 1008 972 1049 non
999 989 1255 1065 facimus,
1286 989 1451 1066 quasi
1478 990 1787 1067 quicquam
1821 996 2123 1066 propterea
2149 987 2470 1047 detractum
2497 987 2744 1045 velimus
2770 985 2940 1046 famae

539 1069 671 1127 Viri
698 1068 771 1127 de
800 1069 1063 1128 Ecclesia
1092 1067 1204 1127 Dei
1230 1068 1374 1127 alias
1401 1068 1547 1128 bene
1574 1069 1782 1145 meriti,
1813 1069 1917 1127 sed
1943 1076 2169 1127 tantum
2195 1076 2262 1126 ut
2289 1067 2634 1126 sententiam
2658 1067 2940 1125 hactenus

535 1147 599 1207 in
622 1147 899 1207 Ecclesiis
926 1147 1139 1207 nostris
1164 1155 1495 1207 constanter
1519 1157 1811 1226 receptam
1837 1147 1909 1206 de
1937 1148 2278 1207 intemerata
2297 1147 2518 1205 Textus
2546 1144 2696 1204 sacri
2720 1146 2941 1223 αὖθιηήι

535 1228 939 1286 confirmemus
986 1226 1265 1286 adversus
1312 1246 1428 1303 eos,
1460 1226 1561 1306 qui
1602 1226 1776 1308 κυςῶις
1822 1227 1964 1286 istas
2006 1224 2150 1299 δόξεις
2193 1234 2254 1285 et
2297 1225 2550 1285 novitias
2587 1225 2941 1303 hypotheses

536 1304 811 1384 adoptare
837 1306 1029 1366 adhuc
1053 1305 1227 1365 hodie
1255 1306 1555 1384 sustinent,
1577 1310 1675 1367 vel
1701 1309 1776 1367 de
1801 1306 1920 1365 illis
1946 1316 2220 1383 tanquam
2248 1304 2321 1364 de
2346 1325 2411 1364 re
2437 1304 2704 1380 levicula,
2733 1313 2792 1365 et
2809 1324 2940 1383 quae

536 1386 634 1445 vel
660 1386 879 1445 nullius
904 1386 1003 1445 vel
1030 1386 1341 1446 admodum
1366 1385 1569 1464 exigui
1596 1388 1674 1446 sit
1701 1386 1778 1445 ad
1804 1387 1977 1446 fidem
2003 1385 2296 1460 momenti,
2326 1384 2658 1461 loquuntur.

618 1466 705 1524 ΙΙ.
752 1466 899 1544 Ejus
925 1466 1211 1525 sententia
1238 1485 1306 1526 eo
1333 1465 1501 1525 redit.
1588 1469 1641 1525 1.
1685 1466 1836 1542 Quia
1861 1474 2076 1544 puncta
2101 1472 2238 1525 sunt
2277 1466 2592 1525 humanum
2620 1464 2938 1539 inventum,

538 1564 709 1622 posse
753 1566 839 1620 ea,
884 1545 1228 1604 necessitate
1270 1544 1353 1605 ita
1394 1546 1739 1623 postulante,
1785 1546 2076 1605 immutari
2119 1553 2179 1605 et
2225 1544 2341 1603 alia
2384 1544 2673 1619 substitui,
2709 1542 2942 1619 quando

540 1644 745 1684 sensus
772 1644 945 1701 quem
972 1624 1220 1684 fundunt
1244 1624 1341 1683 vel
1368 1624 1549 1685 falsus
1577 1634 1667 1685 est
1692 1626 1790 1685 vel
1823 1625 2125 1685 absurdus.
2208 1630 2267 1683 2.
2309 1625 2444 1683 Non
2483 1623 2654 1683 modo
2695 1623 2940 1682 liberum

542 1723 670 1763 esse
696 1704 1004 1763 lectionem
1030 1712 1252 1763 mutare
1278 1704 1471 1781 quoad
1496 1705 1944 1783 punctationem,
1989 1705 2093 1764 sed
2131 1704 2303 1764 etiam
2331 1703 2523 1781 quoad
2549 1702 2734 1780 ipsam
2761 1702 2939 1780 scrip-

542 1782 794 1859 tionem;
850 1784 1130 1859 majorem
1172 1790 1365 1842 tamen
1408 1784 1734 1843 libertatem
1778 1804 1906 1844 esse
1943 1784 2095 1843 circa
2135 1784 2296 1843 illam
2341 1802 2514 1859 quam
2557 1783 2711 1841 circa
2751 1782 2938 1857 istam,

540 1864 683 1939 quia
708 1862 867 1921 illam
896 1862 1245 1922 Masorethae
1272 1882 1424 1941 saepe
1450 1882 1555 1941 pro
1582 1884 1688 1923 suo
1716 1864 1952 1923 arbitrio
1979 1870 2039 1923 et
2065 1882 2141 1922 ex
2168 1864 2394 1941 privato
2415 1862 2638 1939 judicio
2665 1861 2939 1937 fecerunt,

544 1941 621 2000 ad
648 1960 795 2019 quos
820 1962 929 2001 nos
954 1962 1071 2000 non
1098 1942 1375 2001 debemus
1414 1963 1541 2002 esse
1569 1943 1847 2003 adstricti.
1931 1947 1988 2003 3.
2035 1944 2098 2001 Si
2125 1963 2203 2002 ex
2228 1944 2509 2003 Veterum
2538 1942 2940 2018 Interpretum,

545 2020 671 2081 sive
690 2022 1041 2098 Graecorum,
1072 2021 1197 2081 sive
1214 2021 1631 2098 Chaldaeorum,
1654 2023 1777 2083 sive
1807 2023 2144 2082 Latinorum
2171 2023 2476 2082 collatione
2503 2021 2729 2080 ostendi
2755 2028 2946 2098 potest

546 2120 780 2160 sensum
808 2101 1173 2177 Versionum‚
1204 2102 1302 2159 vel
1328 2121 1489 2178 seque
1532 2102 1749 2161 bonum
1777 2112 1836 2163 et
1879 2101 2259 2178 commodum,
2291 2102 2386 2161 vel
2414 2100 2697 2159 veriorem
2724 2108 2784 2159 et
2809 2120 2942 2159 con-

547 2180 961 2239 venientiorem
986 2200 1161 2257 quam
1187 2181 1370 2239 nostri
1399 2182 1630 2241 Codicis
1659 2182 1914 2258 Hebraei,
1943 2182 2118 2240 licere
2143 2182 2450 2241 lectionem
2474 2180 2812 2239 hodiernam
2839 2180 2944 2237 im-

544 2267 785 2335 mutare,
816 2266 877 2318 et
904 2259 1077 2318 aliam
1104 2260 1268 2337 sequi
1294 2280 1364 2319 ac
1392 2261 1759 2321 substituere.
1842 2266 1899 2320 4.
1945 2262 2068 2320 Nec
2093 2260 2266 2320 modo
2307 2281 2384 2319 ex
2413 2260 2801 2337 Interpretum
2827 2259 2944 2318 col-

545 2338 778 2415 latione,
799 2340 912 2398 hoc
939 2338 1063 2398 fieri
1088 2359 1287 2417 posse:
1318 2339 1421 2399 sed
1446 2341 1621 2401 etiam
1650 2341 1702 2401 si
1727 2340 2030 2401 ostendere
2055 2360 2363 2419 possumus
2380 2339 2586 2398 vitium
2615 2338 2676 2396 in
2701 2338 2945 2398 lectione

544 2417 825 2477 hodierna
864 2419 1139 2496 subesse;
1181 2428 1243 2479 et
1281 2439 1514 2479 sensum
1554 2421 1653 2480 vel
1691 2421 1933 2496 nullum,
1963 2421 2061 2479 vel
2101 2420 2412 2479 absurdum
2454 2427 2512 2478 et
2549 2418 2762 2476 falsum
2801 2436 2945 2494 esse,

548 2506 723 2574 atque
750 2497 895 2556 adeo
922 2498 1020 2557 vel
1046 2518 1124 2557 ex
1150 2506 1323 2557 rectae
1362 2499 1603 2559 rationis
1628 2500 1708 2575 vi,
1739 2509 1798 2559 et
1836 2500 2088 2559 naturali
2127 2498 2506 2559 ratiocinandi
2543 2506 2605 2557 et
2645 2516 2946 2573 argumen-

550 2576 714 2636 tandi
738 2575 1029 2653 facultate,
1058 2577 1155 2637 vel
1182 2578 1357 2638 etiam
1384 2598 1461 2638 ex
1488 2578 1836 2658 conjecturis
1861 2578 2179 2638 divinando
2205 2578 2517 2654 meliorem,
2547 2576 2864 2655 planiorem
2891 2584 2950 2637 ct

552 2656 835 2733 aptiorem
862 2675 1095 2715 sensum
1120 2657 1380 2716 invenire
1420 2677 1726 2735 possumus
1767 2679 1870 2737 per
1909 2659 2082 2718 aliam
2123 2657 2568 2718 commodiorem
2608 2657 2948 2732 lectionem;

552 2743 679 2794 tum
703 2735 878 2794 licere
904 2735 967 2793 in
991 2735 1085 2793 his
1111 2736 1341 2796 casibus
1366 2737 1672 2797 lectionem
1713 2739 2047 2798 hodiernam
2088 2738 2392 2815 configere,
2423 2745 2482 2796 et
2509 2737 2680 2795 aliam
2709 2737 2762 2794 ei
2805 2755 2948 2814 prae-

552 2813 719 2874 ferre.
804 2815 975 2874 Hanc
1002 2823 1196 2874 autem
1222 2816 1351 2894 ejus
1378 2835 1504 2876 esse
1530 2825 1782 2876 mentem
1807 2837 1884 2876 ex
1913 2818 2090 2878 variis
2116 2818 2260 2876 locis
2302 2826 2499 2894 patere
2538 2823 2744 2894 potest,
2774 2825 2836 2875 et
2876 2835 2952 2874 ex

554 2895 665 2952 hoc
692 2894 972 2971 imprimis
1004 2895 1168 2954 Orias.
1196 2894 1299 2953 lib.
1329 2896 1409 2954 vi.
1438 2915 1489 2956 c.
1521 2899 1575 2970 5,
1606 2916 1803 2974 parag.
1834 2901 1891 2958 9.
1933 2899 2040 2956 Ex
2065 2899 2149 2956 his
2177 2899 2362 2975 liquet,
2391 2899 2547 2973 quod
2579 2897 2634 2954 si
2655 2915 2770 2971 qua
2797 2895 2954 2953 lectio

555 2975 882 3050 discrepans
908 2975 979 3032 ab
1023 2974 1293 3033 hodierno
1323 2977 1505 3034 Texta
1531 2977 1793 3052 Hebroeo,
1823 2976 1996 3035 etiam
2023 2976 2217 3053 quoad
2261 2995 2559 3052 consonas,
2603 2975 2714 3034 eive
2741 2974 2952 3051 literas,

556 3055 809 3129 adeoque
836 3062 889 3111 et
912 3053 1106 3129 quoad
1132 3072 1307 3112 voces
1333 3062 1392 3113 et
1434 3054 1703 3130 periodos
1743 3056 2018 3133 integras,
2047 3075 2266 3114 sensum
2297 3057 2466 3132 parit
2507 3053 2951 3127 commodiorem,

556 3132 716 3190 illam
742 3151 857 3190 esse
876 3132 1053 3207 mayt's
1075 3133 1392 3207 genuinam,
1411 3133 1687 3192 sinceram
1714 3144 1881 3211 atque
1903 3154 2254 3212 germanam,
2273 3136 2576 3211 ubicunque
2605 3135 2828 3192 tandem
2855 3133 2956 3190 illa

556 3211 887 3286 inveniatur,
906 3212 1018 3269 sive
1044 3214 1207 3286 apud
1222 3213 1420 3271 LXX.
1448 3214 1560 3272 sive
1585 3217 1748 3289 apud
1767 3214 2064 3274 Okaldaeos
2090 3217 2538 3290 Paraphraetas,
2567 3216 2654 3272 vel
2671 3213 2954 3288 Aquilam,

557 3290 968 3366 Symmachum,
1002 3291 1443 3366 Theodotionem,
1472 3293 1561 3350 vel
1590 3294 1652 3352 S.
1681 3293 2090 3369 Hieronymum
2127 3295 2192 3352 V.
2234 3293 2512 3352 Versionis
2551 3294 2858 3367 authorem,
2887 3311 2960 3349 ac

549 3370 797 3446 proinde
823 3371 1002 3446 ’παρίει
1030 3389 1143 3428 esse
1168 3373 1507 3447 sequendam
1526 3381 1581 3430 et
1593 3375 2037 3448 amplectendam
2062 3373 2337 3432 hodierna
2356 3371 2741 3431 Masoretht'ca
2749 3394 2774 3444 ;
2801 3369 2958 3448 quod

558 3447 861 3509 confirmat
888 3449 1029 3507 alibi
1057 3448 1285 3526 saepius.

641 3527 762 3587 111.
808 3529 891 3588 Ut
918 3547 1059 3588 vero
1085 3529 1235 3588 hanc
1264 3528 1605 3590 sententiam
1634 3529 1948 3604 confirmet,
1980 3529 2151 3588 aliam
2190 3529 2559 3606 hypothesim
2585 3526 2840 3603 adducit,
2869 3526 2956 3585 ni·

555 3608 765 3666 mirum
784 3607 1027 3668 Codices
1051 3608 1335 3667 Hebraeos
1354 3608 1565 3685 quibus
1590 3609 1684 3668 usi
1711 3618 1848 3669 sunt
1868 3608 2075 3668 LXX.
2096 3617 2156 3669 et
2181 3608 2282 3667 alii
2310 3609 2678 3685 Interpretes,
2697 3606 2961 3666 diversos

554 3687 735 3747 fuisse
776 3707 812 3746 a
840 3688 1053 3748 Codice
1092 3687 1388 3762 hodierno,
1419 3708 1591 3765 quem
1630 3709 1737 3766 per
1777 3697 2167 3767 contemptum
2197 3686 2467 3746 Codicem
2510 3685 2959 3745 Masorethicum

556 3775 617 3826 et
642 3767 687 3826 J
688 3766 959 3827 udaieum
983 3776 1174 3842 vocat,
1204 3777 1264 3827 et
1305 3767 1720 3846 discrepantias
1747 3768 2096 3828 Versionum
2123 3767 2402 3826 Veterum
2431 3767 2504 3825 ab
2543 3766 2822 3824 hodierno
2850 3765 2959 3824 Co·

558 3845 687 3903 dice
724 3847 1019 3905 Hebraico
1066 3847 1307 3906 totidem
1354 3866 1484 3906 esse
1526 3847 1719 3906 varias
1768 3847 2073 3906 Lectiones
2101 3848 2323 3906 Textus
2372 3846 2666 3921 Hebraici,
2703 3844 2962 3922 exceptis

559 3923 705 3982 forte
732 3925 848 3982 illis
876 3944 1005 4000 quae
1032 3925 1107 3985 ab
1133 3925 1581 3985 hallucinatione
1608 3927 1865 4003 ipsorum
1892 3927 2280 4005 Interpretum
2317 3926 2594 4001 oriuntur,
2625 3924 2726 4001 qui
2752 3942 2962 3983 vocum

562 4001 981 4061 Hebraicarum
1013 4003 1507 4080 significationem,
1539 4007 1635 4063 vel
1665 4026 1782 4064 non
1809 4015 2084 4082 ceperunt
2110 4006 2206 4064 vel
2232 4026 2349 4065 non
2379 4006 2520 4065 satis
2548 4004 2624 4063 ad
2650 4023 2748 4062 eas
2776 4012 2959 4062 atten-

560 4080 786 4139 derunt.
872 4081 1045 4141 Unde
1070 4091 1249 4158 negat
1276 4082 1473 4141 Biblia
1506 4091 1707 4143 nostra
1735 4085 2030 4144 Hebraico.
2067 4085 2346 4143 hodierna
2387 4093 2574 4145 totum
2615 4083 2961 4142 constituere

559 4158 795 4233 fontem,
821 4159 925 4218 sed
949 4180 1054 4238 pro
1080 4160 1251 4219 unico
1280 4161 1597 4238 exemplari
1620 4170 1847 4221 tantum
1874 4182 2000 4222 esse
2023 4164 2320 4241 habenda;
2363 4172 2424 4223 et
2443 4183 2646 4224 verum
2667 4183 2735 4221 ac
2763 4159 2960 4238 genui-

558 4257 701 4296 num
744 4239 996 4298 Textum
1050 4239 1389 4316 originalem
1434 4239 1847 4316 authenticum,
1897 4261 1975 4300 ex
2027 4243 2282 4302 omnium
2335 4242 2566 4302 demum
2615 4242 2964 4302 versionum

562 4317 843 4376 Veterum
870 4318 1179 4378 collatione
1204 4319 1671 4379 constituendum
1709 4328 1770 4379 et
1810 4321 2172 4380 formandum
2197 4342 2345 4383 esse.
2429 4322 2626 4398 Atque
2669 4320 2802 4378 ideo
2847 4319 2962 4376 dis-

560 4397 777 4474 tinguit
803 4398 955 4456 inter
984 4399 1245 4458 Codicem
1272 4400 1576 4456 Hebroeum
1602 4399 1662 4457 in
1686 4419 1761 4476 se,
1792 4409 1852 4460 et
1871 4401 2134 4460 Oodicem
2159 4403 2487 4461 hodia-mm
2506 4398 2961 4459 Mmorethicum.

562 4477 749 4537 Istum
792 4477 991 4536 haberi
1034 4479 1097 4535 in
1139 4477 1407 4537 omnibus
1450 4480 1875 4556 exemplaribus
1914 4501 2044 4558 quae
2086 4481 2260 4540 hodie
2302 4483 2604 4553 habentur,
2649 4478 2775 4536 sive
2817 4477 2966 4536 inter

560 4557 806 4616 Judaeos
835 4557 959 4617 sive
988 4558 1138 4617 inter
1166 4557 1558 4635 Christianos;
1604 4559 1780 4618 Illum
1807 4581 1948 4618 vero
1975 4560 2208 4620 demum
2249 4580 2418 4638 posse
2460 4559 2657 4634 colligi
2683 4577 2761 4616 ex
2789 4557 2961 4616 colla-

560 4636 717 4697 tione
756 4638 979 4697 Textus
1026 4638 1289 4698 hodierni
1337 4646 1395 4698 et
1435 4638 1780 4698 Versionutn
1820 4641 2134 4715 Veterum3
2181 4641 2338 4714 Quas
2384 4639 2446 4698 in
2491 4638 2720 4698 casibus
2761 4637 2965 4714 positis
