3300 5225
329 344 553 395 ousssr.
585 322 747 406 vnn]
1168 343 1247 384 nr.
1275 344 1394 387 nso
1422 345 1559 404 uno,
1590 345 1668 387 ar
1695 346 1893 391 rinno·
2623 326 2734 387 177

408 484 595 545 VIII.
628 484 792 545 Deus
831 482 1043 543 dicitur
1081 483 1341 544 infinitus
1368 484 1589 546 ratione
1630 487 1898 547 essentiae
1929 485 2236 563 trifariam3
2283 488 2338 545 1.
2367 483 2736 562 oriqinaliter,

327 564 469 644 quia
504 564 767 625 absolute
810 572 900 623 est
938 564 1350 642 independens,
1382 565 1483 643 qui
1523 566 1671 624 nihil
1709 586 1771 625 se
1797 568 1958 645 prius
1984 567 2082 625 vel
2121 564 2384 644 superius
2418 565 2610 639 habet,
2641 562 2740 623 vel

327 645 543 705 habere
597 652 807 722 potest.
852 648 911 704 2.
934 645 1285 721 somaliter,
1332 647 1471 722 quia
1510 647 1820 706 essentiam
1870 646 2048 706 habet
2097 646 2360 705 absolute
2406 643 2622 726 drag-v.
2679 646 2738 703 3.

329 725 663 799 virtualiter,
694 724 831 800 quia
870 724 1092 783 nullam
1132 725 1417 803 sphaeram
1458 726 1774 785 activitatis
1819 746 1938 785 suec
1977 725 2200 785 finitam
2231 725 2425 802 habet,
2467 745 2577 783 nec
2615 724 2740 784 ullo

328 810 617 864 concursu
641 803 819 863 ullius
848 823 1037 863 causae
1065 813 1200 881 eget
1226 804 1289 863 in
1316 804 1562 882 agendo,
1594 806 1700 865 sed
1725 807 1920 865 omnia
1958 813 2152 883 potest
2177 824 2535 883 quaecunque
2563 804 2712 863 vult.

362 941 547 989 roms
570 940 780 987 somn·-
850 883 2740 1041 ...iwani5:1³{sffsszpszfflrmzts”fii.”fitis

498 1015 632 1046 num.
853 1044 1105 1119 virtutis,
1135 1044 1274 1121 quia
1292 1045 1416 1122 agit
1434 1047 1600 1103 modo
1620 1045 1847 1123 infinito,
1879 1054 1937 1104 et
1963 1064 2094 1123 quae
2121 1044 2375 1106 infinitas
2407 1064 2524 1104 non
2549 1051 2744 1122 potest

330 1126 571 1205 reperiri
598 1126 659 1184 in
686 1124 921 1185 termino
947 1132 1183 1202 propter
1208 1124 1666 1201 repugnantiam,
1697 1125 1978 1202 reperitur
2003 1125 2066 1182 in
2091 1124 2222 1202 ipso
2248 1126 2460 1201 ayendt‘
2479 1128 2664 1184 modo·

394 1207 503 1267 ·X.
548 1205 978 1282 comprehmio
1004 1204 1102 1262 vel
1128 1212 1292 1263 notat
1318 1204 1784 1263 consecutionem
1818 1214 1880 1264 et
1903 1204 2232 1264 fruitionem
2258 1205 2488 1282 plenam
2528 1204 2614 1263 rei
2640 1203 2741 1263 de-

333 1286 619 1361 sideratae,
648 1305 753 1363 per
778 1286 947 1361 exim
973 1283 1050 1341 ad
1076 1302 1177 1342 eos
1206 1282 1307 1360 qui
1332 1283 1395 1341 in
1422 1284 1611 1343 stadio
1636 1291 1852 1343 metam
1879 1284 2192 1362 attingunt,
2222 1303 2340 1362 quo
2373 1304 2550 1344 sensu
2584 1284 2744 1343 beati

331 1364 1273 1522 remmam
1289 1363 1566 1502 §ses
1588 1364 2744 1520 ...mmmmm

334 1526 510 1585 meris
549 1525 873 1584 absolutam
916 1514 1034 1581 'Dei
1076 1522 1484 1600 cognitionem,
1531 1543 1662 1600 quae
1708 1524 1940 1602 objecto
1982 1524 2154 1601 plane
2197 1523 2573 1601 adaequatur:
2631 1525 2744 1584 hoc

336 1626 511 1665 sensu
552 1605 701 1665 nulli
742 1612 985 1682 possunt
1013 1602 1131 1661 dici
1173 1603 1696 1681 comprehensores,
1737 1622 1846 1663 nec
1885 1603 2151 1664 homines
2189 1620 2298 1663 nec
2327 1604 2562 1683 Angeli,
2606 1604 2745 1683 quia

334 1685 563 1745 finitum
586 1702 707 1745 non
736 1693 827 1744 est
852 1702 1039 1761 capax
1062 1680 1294 1742 infiniti.

418 1765 543 1826 XI.
585 1764 864 1840 Quamvis
893 1764 1055 1822 Deus
1082 1762 1337 1840 seipsum
1363 1760 1615 1839 perfecte
1640 1768 1704 1821 et
1727 1761 2028 1841 adaequate
2055 1773 2384 1841 cognoscat,
2407 1784 2526 1824 uon
2554 1763 2744 1843 sequi-

336 1853 433 1905 tur
460 1844 769 1905 essentiam
795 1845 925 1921 ejus
952 1862 1080 1901 esse
1106 1840 1347 1918 finitam,
1370 1841 1509 1919 quia
1534 1850 1594 1901 et
1632 1840 1762 1919 ipsa
1787 1842 2042 1921 cognitio
2083 1852 2144 1903 et
2169 1844 2603 1921 comprehensio
2633 1843 2750 1903 Dei

336 1925 413 1984 dc
440 1944 503 1984 se
530 1923 755 1983 infinita
780 1932 910 1983 est:
950 1921 1034 1981 ita
1060 1922 1313 1981 essentia
1336 1921 1501 1981 finita
1528 1922 1658 1981 Deo
1685 1921 1913 1999 dicitur,
1943 1922 2134 1981 minus
2169 1924 2415 2001 proprie,
2446 1944 2565 1983 non
2591 1923 2750 2001 quod

340 2006 505 2065 Deus
536 2004 765 2082 judicet
802 2002 1115 2063 essentiam
1140 2020 1307 2062 suam
1346 2020 1474 2061 esse
1500 2001 1743 2078 finitam,
1773 2001 1880 2061 sed
1905 2001 2064 2081 quod
2103 2002 2360 2081 cognitio
2386 2004 2516 2082 eJus
2541 2004 2632 2065 illi
2671 2004 2749 2063 sit

338 2084 415 2145 ad
508 2092 661 2143 usta.
2433 2126 2440 2131 -

416 2104 579 2223 XIII.
624 2164 937 2241 Repugnat
960 2159 1195 2239 quidem
1222 2160 1443 2239 aliquid
1470 2180 1597 2221 esse
1624 2161 1981 2242 indefinitum,
1993 2170 2061 2224 ct
2080 2181 2208 2223 esse
2227 2171 2358 2223 actu
2377 2165 2479 2223 hoc
2497 2164 2720 2241 aliquid
2731 2187 2754 2225 .-

342 2244 449 2303 sed
474 2262 592 2301 non
630 2251 917 2321 repugnat
956 2262 1083 2301 esse
1123 2250 1255 2301 actu
1282 2242 1555 2321 infinitum
1594 2242 1721 2301 sine
1761 2242 1898 2301 ullis
1929 2243 2196 2302 essentiae
2223 2243 2500 2321 terminis,
2531 2253 2591 2304 et
2617 2253 2752 2305 actu

340 2323 455 2463 {fic
500 2322 735 2401 aliquid,
772 2322 855 2383 id.
897 2320 1437 2399 singularissimum,
1466 2320 1784 2381 indivisum
1822 2322 1886 2381 in
1911 2342 1992 2399 se,
2023 2332 2084 2384 et
2123 2322 2376 2383 divisum
2416 2343 2454 2383 a
2491 2324 2756 2402 quolibet

426 2422 479 2463 ο.

426 2482 619 2541 XIII.
663 2480 831 2542 Licet
858 2482 1149 2541 Creaturae
1177 2500 1377 2541 omnes
1397 2480 1615 2542 distent
1640 2482 1704 2541 in
1723 2482 2012 2543 infinitum
2040 2502 2076 2541 a
2100 2481 2450 2561 perfectione
2478 2483 2749 2560 increata,

345 2572 406 2625 et
431 2564 582 2624 inter
606 2563 739 2624 illas
765 2571 827 2624 et
854 2563 1045 2622 Deum
1072 2561 1235 2622 nulla
1262 2561 1337 2622 sit
1363 2563 1657 2641 proportio
1686 2563 2032 2642 aequalitatis
2059 2572 2118 2624 et
2145 2565 2752 2644 commensurationis3

346 2664 465 2704 non
501 2643 761 2722 sequitur
800 2652 1093 2704 creaturas
1130 2661 1334 2702 omnes
1372 2662 1501 2702 esse
1541 2663 1706 2720 seque
1731 2643 2032 2722 perfectas,
2063 2644 2202 2722 quia
2239 2664 2510 2704 mensura
2533 2645 2753 2723 perfec-

346 2724 523 2784 tionis
544 2724 947 2783 creaturarum
972 2742 1091 2782 non
1118 2722 1365 2783 sumitur
1390 2743 1427 2782 a
1452 2722 1728 2782 distantia
1752 2723 2120 2801 perfectionis
2139 2725 2270 2800 Dei,
2299 2723 2406 2784 sed
2431 2744 2467 2783 a
2491 2726 2758 2802 pluribus

347 2805 445 2863 vel
472 2804 839 2881 paucioribus
866 2801 1145 2882 gradibus
1180 2801 1565 2880 perfectionis,
1596 2823 1746 2881 quos
1771 2823 2133 2882 unaqueque
2171 2823 2266 2864 res
2306 2825 2343 2864 a
2371 2805 2499 2864 Deo
2524 2806 2758 2884 partici-

347 2903 613 3022 anIV.
656 2961 1049 3022 Perfectiones
1093 2981 1295 3022 omnes
1340 2962 1469 3021 Deo
1512 2970 1864 3041 competunt,
1907 2963 2008 3024 vel
2034 2964 2382 3042 fmmuzliter,
2427 2971 2496 3024 ut
2535 2965 2756 3044 perfec-

349 3043 538 3104 tiones
566 3043 903 3121 simpliciter
928 3043 1093 3119 tales,
1136 3041 1217 3101 id.
1246 3061 1393 3118 quas
1433 3041 1696 3102 absolute
1737 3043 2027 3121 loquendo
2054 3053 2294 3121 praestat
2329 3044 2544 3104 habere
2583 3065 2760 3123 quam

349 3142 469 3182 non
494 3123 725 3198 habere,
755 3129 815 3181 et
841 3122 1053 3199 quibus
1090 3121 1251 3182 nulla
1276 3122 1463 3199 major
1488 3122 1766 3200 perfectio
1791 3122 2018 3201 concipi
2043 3132 2272 3202 potest3
2315 3125 2414 3183 vel
2441 3126 2760 3202 mimeram,

350 3210 418 3264 ut
443 3202 823 3280 perfectiones
853 3201 1169 3262 secundum
1196 3200 1355 3278 quid,
1385 3221 1515 3278 quse
1542 3201 1779 3278 quidem
1818 3203 1880 3260 in
1917 3221 2022 3263 suo
2063 3223 2275 3281 genere
2316 3204 2517 3264 dicunt
2541 3206 2761 3283 perfec-

350 3283 569 3343 tionem
596 3282 868 3360 aliquam,
898 3281 1003 3340 sed
1028 3301 1159 3359 quae
1185 3281 1511 3340 necessario
1533 3301 1668 3340 cum
1693 3281 1888 3359 aliqua
1914 3282 2343 3360 imperfectione
2369 3294 2459 3344 est
2487 3287 2762 3363 conjunc-

351 3371 447 3438 ta;
475 3382 621 3440 quas
647 3363 787 3440 quia
812 3361 1040 3439 proprie
1069 3371 1129 3421 et
1154 3359 1469 3421 formaliter
1493 3361 1708 3420 habere
1729 3381 1847 3420 non
1873 3371 2080 3439 potest,
2111 3363 2406 3441 possidere
2433 3372 2628 3424 tamen
2665 3385 2764 3426 eas

355 3442 567 3502 dicitur
591 3443 808 3502 virtute
836 3451 897 3500 et
922 3441 1255 3518 eminenter,
1286 3440 1427 3518 quia
1449 3449 1641 3518 potest
1667 3441 2077 3518 perfectionem
2109 3443 2270 3502 illam
2303 3443 2635 3521 producere,
2666 3445 2766 3505 vel

357 3521 495 3657 zuis
518 3531 791 3598 praestare
817 3529 1011 3600 potest
1035 3520 1385 3616 absque-illa
1410 3520 1690 3600 quiequid
1711 3521 1818 3580 illa
1840 3529 2094 3602 praestat,
2125 3523 2352 3583 seclusa
2377 3523 2536 3584 omni
2553 3525 2766 3602 imper·

384 3609 625 3660 ectione.

443 3677 589 3738 XV.
633 3679 802 3754 Quod
828 3680 913 3739 ita
952 3688 1041 3740 est
1078 3681 1191 3742 hoc
1218 3687 1286 3740 ut
1320 3699 1443 3740 non
1468 3679 1546 3740 sit
1584 3679 1762 3758 aliud,
1789 3699 1900 3742 nec
1925 3680 2242 3741 formaliter
2279 3701 2389 3742 nec
2427 3682 2764 3760 eminenter,

360 3766 453 3817 est
476 3756 705 3817 finitum
730 3760 949 3819 ratione
978 3760 1348 3838 substantiae3
1392 3760 1497 3820 sed
1520 3759 1597 3821 cle
1625 3761 1754 3822 Deo
1780 3761 1894 3820 hoc
1921 3761 2037 3822 dici
2062 3763 2279 3840 nequit,
2303 3763 2404 3840 qui
2431 3762 2514 3822 ita
2539 3773 2630 3823 est
2654 3765 2768 3825 hoc

361 3836 601 3914 aliquid,
629 3845 697 3896 ut
739 3845 933 3897 tamen
960 3840 1037 3900 sit
1075 3841 1271 3900 omnia
1307 3840 1643 3918 eminenter,
1677 3861 1871 3901 rerum
1911 3841 2168 3903 omnium
2193 3841 2576 3921 perfectiones
2613 3844 2678 3904 in
2703 3864 2772 3906 se

360 3917 683 3977 eminenter
714 3917 1077 3979 continendo·

446 3996 629 4056 XVI.
660 3997 939 4072 Quamvis
964 3997 1219 4058 infinitas
1246 3997 1563 4059 secundum
1576 3998 1770 4060 locum
1797 4001 2056 4079 requirat
2073 4002 2373 4063 formalem
2398 4003 2768 4064 existentiam

359 4075 449 4136 rei
474 4077 539 4135 in
562 4076 833 4137 omnibus
856 4076 1020 4153 locis,
1048 4085 1244 4138 tamen
1268 4077 1523 4139 infinitas
1562 4081 1846 4158 essentie,
1875 4101 1998 4142 non
2036 4082 2276 4160 requirit
2315 4090 2382 4143 ut
2415 4103 2512 4144 res
2552 4084 2630 4144 sit
2654 4085 2772 4144 for-

364 4157 595 4216 maliter
620 4155 809 4216 omnis
848 4156 1186 4234 substantia,
1230 4156 1335 4218 sed
1359 4165 1585 4220 tantum
1609 4169 1680 4222 ut
1717 4161 2012 4222 contineat
2047 4161 2430 4242 perfectiones
2460 4165 2772 4244 cujuscun-

364 4254 481 4314 que
509 4236 865 4314 substantiae,
898 4235 951 4298 si
974 4256 1093 4297 non
1118 4236 1449 4315 formaliter,
1480 4239 1684 4300 saltem
1711 4241 2046 4302 eminenter.
