3300 5225
513 354 629 411 142
1436 368 1621 413 Locus
1646 367 1969 411 sncunnus.
2523 342 2780 431 [omns-r.
2811 368 2916 409 xx.

502 510 668 571 aazia.
754 507 929 569 Unde
954 527 1073 569 non
1100 506 1377 569 confundi
1400 507 1577 571 debet
1602 527 1736 571 cum
1755 508 1800 569 J
1801 507 1970 569 udice
1987 506 2336 582 subalterno,
2355 506 2456 583 qui
2479 506 2918 569 controversias

495 588 673 667 juxta
700 588 977 649 Normam
1014 588 1193 665 Legis
1220 588 1453 665 dirimit,
1484 595 1544 649 et
1576 589 1679 667 Jus
1708 588 1791 648 Le
1837 589 1886 647 's
1926 587 2002 647 ad
2028 590 2097 645 τὰ
2131 586 2243 645 καθ’
2267 584 2464 645 ἴασι-ται
2489 586 2757 665 applicat,
2800 606 2916 663 quo

500 668 818 745 respiciunt
843 669 958 727 ista
985 668 1321 745 philosoph.
1366 668 1514 727 Poli.
1542 672 1600 727 4.
1630 688 1682 727 c.
1712 670 1768 744 4,
1831 674 1879 729 u*
1897 694 1976 727 σου
2005 667 2140 743 νέμον
2163 666 2342 747 ἔςχω
2371 668 2583 743 πάντων,
2611 670 2703 725 τόν
2729 662 2780 725 >s
2803 666 2916 725 καθ’

504 744 698 807 iimo:
724 750 817 813 ταὶς
861 754 876 773 '
910 750 1013 823 χαὶς
1040 752 1131 807 καὶ
1159 750 1241 811 τὸν
1268 749 1521 809 πολιτείαν
1540 749 1722 829 zgae'mv.

588 828 806 888 XVII.
844 776 983 887 §on
1012 847 1237 905 semper
1262 848 1498 889 necesse
1526 838 1615 886 est
1640 828 1792 887 inter
1817 826 1862 889 J
1862 826 2090 885 udicem
2117 834 2176 885 et
2205 825 2424 902 Legem
2446 824 2744 902 distingui,
2777 824 2914 885 Phi-

501 903 781 984 losophus
806 908 964 967 enim
1004 907 1217 967 fatetur
1242 907 1344 967 lib.
1387 907 1469 966 iii.
1512 906 1660 966 Poli.
1689 926 1740 965 c.
1769 908 1826 982 6,
1859 905 1919 962 in
1945 905 1990 965 J
1991 925 2093 964 ure
2135 904 2452 965 universali
2491 904 2916 983 praescribendo

506 984 727 1063 Legem
766 986 979 1045 habere
1026 987 1308 1047 rationem
1361 986 1406 1046 J
1406 984 1631 1046 udicis:
1702 985 1788 1043 At
1829 983 1892 1043 in
1933 984 2318 1062 applicatione
2363 984 2698 1061 particulari
2737 984 2780 1045 in
2815 991 2918 1051 τοῖς

500 1064 613 1125 καθ’
641 1064 837 1125 &aera
860 1066 1038 1143 Legis
1064 1066 1345 1144 interpres
1372 1064 1558 1124 officio
1585 1064 1630 1125 J
1630 1061 1818 1123 udicis
1834 1062 2113 1140 fungitur,
2145 1063 2250 1123 sed
2275 1062 2667 1123 ministerialis
2694 1072 2754 1123 et
2779 1065 2916 1125 sub-

504 1144 748 1221 alterni3
792 1165 907 1222 quo
936 1164 1111 1205 sensu
1136 1165 1255 1209 non
1282 1162 1561 1223 negamus
1590 1142 1914 1205 Ecclesiam
1943 1162 2070 1203 esse
2098 1143 2143 1204 J
2143 1142 2390 1218 udicem,
2433 1142 2538 1201 sed
2564 1143 2666 1220 qui
2693 1162 2919 1220 semper

502 1223 775 1301 alligetur
802 1224 878 1283 ad
908 1224 1281 1302 Scripturam.
1366 1224 1451 1285 Ut
1488 1221 1553 1283 in
1594 1221 1918 1299 Republica
1959 1222 2246 1283 sententia
2283 1222 2664 1299 Magistratus
2691 1242 2761 1281 eo
2789 1231 2916 1283 tan·

500 1309 625 1365 tum
654 1311 743 1363 est
770 1302 981 1379 valida,
1011 1312 1297 1381 quatenus
1326 1304 1486 1380 Lege
1527 1302 1748 1377 nititur,
1779 1310 1840 1361 et
1865 1300 1953 1359 illi
1981 1311 2070 1362 est
2097 1310 2521 1377 consentanea3
2565 1302 2708 1361 alias
2737 1302 2787 1363 si
2827 1322 2915 1361 re-

501 1390 724 1459 pugnat
762 1381 926 1441 irrita
964 1392 1071 1458 est,
1115 1391 1174 1442 et
1214 1383 1289 1441 ab
1317 1402 1388 1441 ea
1427 1382 1599 1444 datur
1638 1381 2015 1458 provocatio:
2059 1382 2156 1439 Ita
2197 1381 2259 1439 in
2307 1380 2571 1441 Ecclesia
2611 1381 2917 1441 Pastorum

494 1460 783 1599 judilciuffi
811 1471 1051 1523 eatenus
1077 1470 1303 1523 tantum
1331 1461 1559 1523 admitti
1584 1468 1793 1540 potest,
1837 1468 2126 1538 quatenus
2155 1460 2468 1538 Scripturas
2496 1460 2787 1520 conforme
2815 1460 2912 1520 de-

542 1561 603 1600 re
647 1561 719 1598 en
764 1541 895 1601 ‘tur.

501 1560 541 1619 P
586 1620 837 1679 XVIII.
882 1618 1049 1681 Licet
1080 1619 1377 1697 Scriptura
1415 1638 1533 1679 non
1560 1618 1760 1678 audiat
1787 1618 2058 1695 utrinque
2098 1618 2453 1697 litigantium
2477 1618 2765 1694 rationes;
2809 1638 2917 1678 nec

504 1717 731 1775 semper
756 1699 840 1759 ita
866 1700 1211 1759 sententiam
1238 1699 1407 1773 dicat,
1438 1707 1505 1761 ut
1530 1698 1871 1761 nominatim
1897 1698 2053 1757 hunc
2073 1699 2356 1773 absolvat,
2381 1698 2625 1757 alterum
2643 1697 2876 1757 damnet
2901 1721 2918 1758 ι

504 1797 623 1839 non
652 1778 913 1855 sequitur
937 1797 1056 1837 non
1082 1798 1209 1839 esse
1236 1778 1281 1838 J
1282 1778 1509 1837 udicem
1536 1797 1826 1839 summum
1855 1785 1914 1837 et
1939 1797 2202 1837 normam
2241 1778 2587 1854 perfectam3
2630 1776 2768 1854 quia
2791 1778 2917 1839 haec

504 1877 623 1917 non
650 1866 787 1917 sunt
813 1856 1041 1935 proprie
1070 1858 1320 1935 supremi
1345 1857 1392 1918 J
1394 1856 1595 1933 udicis,
1626 1856 1732 1919 sed
1759 1857 2168 1934 ministerialis,
2211 1857 2314 1934 qui
2335 1858 2509 1935 juxta
2538 1857 2756 1933 Legem
2783 1876 2912 1917 sen-

414 2002 421 2011 ,
504 1937 747 1997 tentiam
786 1936 933 1997 ferre
974 1945 1219 2013 tenetur,
1263 1945 1322 1996 et
1362 1945 1497 2013 eget
1534 1936 1802 1997 examine
1829 1936 2083 2011 testium,
2115 1935 2419 2012 rationum,
2458 1945 2520 1995 et
2561 1937 2916 2013 inspectione

502 2016 719 2093 legum,
751 2016 889 2093 quia
915 2016 1109 2093 agitur
1136 2016 1209 2076 de
1236 2015 1387 2077 facto
1414 2036 1531 2075 non
1574 2015 1647 2075 de
1682 2017 1834 2093 jure.
1919 2015 2006 2075 At
2045 2035 2348 2092 supremus
2375 2016 2420 2075 J
2421 2016 2579 2077 udex
2605 2016 2658 2077 is
2684 2025 2776 2075 est
2815 2016 2917 2093 qui

504 2105 673 2155 extra
698 2114 925 2155 omnem
954 2096 1115 2155 litem
1142 2096 1330 2156 sancit
1357 2095 1549 2172 quoad
1569 2096 1673 2172 jus
1699 2094 2027 2155 universale
2054 2095 2197 2172 qnid
2223 2095 2550 2163 faciendum
2577 2096 2653 2155 sit
2680 2104 2738 2155 et
2765 2095 2915 2173 fugi-

504 2174 735 2250 endum,
766 2175 934 2253 cujus
962 2175 1261 2235 sententiae
1288 2182 1557 2235 tenentur
1584 2173 1846 2235 adstricti
1862 2175 1907 2236 J
1909 2174 2108 2235 udices
2136 2174 2484 2251 subalterni;
2527 2194 2636 2235 nec
2662 2195 2918 2252 unquam

503 2253 719 2317 factum
745 2263 810 2314 ut
838 2254 899 2313 in
930 2254 1186 2331 Legibus
1214 2274 1489 2332 expressa
1512 2254 1744 2331 legatur
1769 2253 2172 2313 condemnatio
2200 2254 2342 2313 Titii
2367 2262 2468 2313 aut
2495 2254 2714 2313 Maevii.
2799 2255 2918 2317 Hic

504 2342 697 2394 autem
724 2334 807 2393 ita
826 2354 897 2404 ¹se
924 2354 1017 2395 res
1043 2334 1236 2409 habet,
1266 2334 1405 2411 quia
1431 2334 1624 2411 agitur
1649 2334 1712 2394 in
1733 2353 1908 2393 causa
1933 2332 2070 2391 fidei
2088 2333 2160 2391 de
2182 2334 2332 2410 jure,
2352 2352 2470 2393 non
2486 2353 2626 2393 vero
2654 2333 2726 2393 de
2743 2332 2913 2410 sacto,

503 2432 683 2489 quum
723 2414 1001 2490 quaeritur
1040 2413 1185 2491 quid
1224 2412 1575 2472 credendum
1616 2412 1709 2488 sit,
1741 2421 1842 2473 aut
1883 2432 2001 2470 non
2035 2412 2400 2488 credendum,
2430 2412 2588 2489 quod
2614 2413 2659 2472 J
2661 2411 2816 2471 udex
2855 2420 2919 2474 et

510 2492 639 2553 Lex
663 2501 857 2569 potest
884 2492 1121 2553 definire
1148 2492 1409 2570 partibus
1436 2511 1553 2551 non
1580 2492 1812 2551 auditis.

588 2572 779 2630 XIX.
824 2571 958 2632 Non
985 2590 1129 2650 opus
1152 2580 1248 2632 ‚est
1274 2580 1341 2634 ut
1368 2590 1668 2649 supremus
1709 2571 1752 2631 J
1755 2571 1912 2631 udex
1938 2570 2002 2630 in
2033 2570 2158 2632 Scri
2197 2576 2327 2632 tura
2364 2569 2624 2648 loquens,
2656 2567 2916 2647 quotidie

506 2650 583 2710 ob
611 2670 795 2710 novas
819 2651 1071 2712 haereses
1098 2652 1347 2712 orientes
1373 2671 1591 2712 novum
1619 2651 1863 2711 verbum
1890 2651 2058 2711 nobis
2085 2671 2120 2709 a
2161 2659 2321 2726 erat3
2365 2649 2650 2727 siquidem
2667 2649 2786 2727 ille,
2814 2651 2918 2727 qui

505 2730 570 2790 id
594 2730 852 2789 futurum
879 2739 1137 2807 noverat,
1166 2731 1470 2790 veritatem
1512 2751 1675 2790 suam
1715 2731 1798 2790 ita
1825 2732 1887 2790 in
1914 2730 2112 2791 Verbo
2153 2729 2582 2808 pronunciavit,
2601 2738 2668 2790 ut
2693 2729 2919 2807 possint

506 2831 585 2870 ex
610 2829 682 2868 ea
706 2809 909 2868 fideles
947 2810 1197 2869 ministri
1235 2810 1538 2870 veritatem
1580 2810 1936 2870 catholicam
1978 2829 2326 2888 agnoscer03
2370 2818 2430 2870 et
2455 2828 2676 2868 errores
2717 2829 2918 2869 omnes

506 2909 583 2948 ex
610 2909 681 2948 ea
708 2889 987 2948 refellere.
1070 2889 1229 2948 Hinc
1257 2889 1459 2950 Patres
1500 2910 1575 2948 ex
1606 2889 1906 2968 Scriptura
1944 2890 2193 2952 haereses
2223 2889 2466 2967 Pelagii,
2497 2888 2676 2965 Arrii,
2720 2889 2915 2948 Mace-

505 2967 667 3028 donii
696 2977 753 3028 et
780 2969 1025 3030 aliorum
1053 2969 1399 3033 solidissime
1424 2969 1762 3044 refutarunt,
1793 2969 1931 3030 licet
1958 2969 2104 3027 nihil
2131 2969 2206 3028 de
2233 2969 2352 3030 illis
2379 2988 2651 3047 expresse
2678 2967 2886 3028 tradat.
2933 3023 2938 3028 .

596 3047 752 3110 XX.
816 3048 950 3107 Non
1004 3067 1239 3108 necesse
1287 3055 1378 3108 est
1431 3048 1556 3108 dari
1602 3048 1647 3108 J
1649 3048 1880 3108 udicem
1933 3047 2296 3108 infallibilem
2349 3049 2657 3124 visibilem,
2712 3056 2921 3124 praeter

508 3126 869 3205 Scripturam
894 3125 973 3186 ad
998 3128 1422 3204 componendas
1450 3147 1650 3188 omnes
1680 3127 2134 3204 controversias,
2170 3131 2222 3187 1.
2268 3126 2381 3203 Qui
2407 3128 2540 3186 finis
2571 3129 2914 3188 Controver-

508 3205 725 3266 siarum
744 3226 861 3265 non
880 3206 1196 3284 sperandus
1224 3215 1313 3268 est
1334 3207 1393 3266 in
1412 3209 1524 3268 hac
1544 3208 1682 3284 vita,
1707 3227 1921 3268 neccsse
1937 3208 2083 3267 enim
2103 3217 2184 3266 est
2201 3210 2438 3268 haereses
2459 3227 2589 3283 esse,
2612 3216 2676 3266 ut
2682 3207 2921 3283 probati

507 3287 945 3364 manifestentur,
970 3289 1000 3346 1
1034 3287 1163 3346 Cor.
1193 3288 1273 3346 xi.
1308 3289 1402 3347 19.
1486 3287 1902 3366 Apostolorum
1931 3295 2186 3364 tempore
2208 3289 2332 3365 jam
2360 3288 2537 3346 variae
2565 3287 2916 3363 irrepserunt

506 3366 863 3444 corruptelae,
906 3387 1036 3444 quse
1074 3367 1245 3446 plane
1282 3367 1527 3428 sublatas
1562 3387 1680 3426 non
1719 3367 1969 3428 fuerunt.
2051 3371 2109 3428 2.
2151 3366 2336 3426 Aliud
2375 3375 2464 3426 est
2499 3367 2821 3426 convincere
2845 3369 2918 3426 de

489 3447 659 3520 sacto
687 3445 1123 3522 Adversarium,
1154 3455 1213 3508 et
1240 3447 1323 3506 illi
1364 3467 1429 3506 os
1457 3447 1772 3523 obstruere,
1802 3467 1876 3506 ne
1905 3447 2214 3524 quicquam
2251 3455 2525 3523 reponat3
2570 3444 2755 3504 Aliud
2783 3465 2912 3504 con-

504 3526 722 3586 vincere
750 3529 821 3586 de
846 3529 1000 3603 jure,
1030 3535 1097 3586 ut
1121 3527 1334 3587 habeat
1360 3526 1514 3588 unde
1541 3525 1890 3587 sufficienter
1916 3526 2186 3588 convinci
2220 3525 2421 3604 possit,
2451 3523 2567 3582 nisi
2601 3531 2918 3587 contumax

506 3606 618 3666 sit:
660 3605 825 3668 Licet
850 3607 1147 3686 Scriptura
1164 3608 1327 3684 prius
1347 3627 1463 3666 non
1484 3606 1660 3666 faciat
1681 3626 1907 3686 semper
1926 3614 2160 3685 propter
2187 3604 2486 3666 hominum
2513 3601 2916 3680 pervicaciam,

502 3685 643 3745 facit
668 3695 865 3747 tamen
892 3706 1117 3765 semper
1151 3688 1455 3766 posterius,
1487 3686 1646 3764 quod
1684 3685 1911 3746 sufficit.
1995 3689 2052 3745 3.
2099 3685 2184 3745 Ut
2209 3684 2270 3744 in
2300 3685 2445 3761 Rep.
2473 3683 2623 3743 bene
2651 3681 2917 3742 ordinata

508 3765 716 3825 sufficit
744 3787 871 3826 esse
888 3767 1071 3827 bonas
1100 3767 1291 3845 Leges
1313 3787 1387 3827 ex
1414 3767 1628 3845 quibus
1657 3769 1724 3824 τὰ
1753 3765 1864 3824 καθ’
1891 3764 2090 3824 ἕκαστα
2118 3764 2369 3843 judicari
2394 3763 2620 3842 possint
2646 3783 2682 3821 a
2701 3763 2914 3840 judici·

504 3843 616 3903 bus
645 3845 1024 3924 subalternis3
1070 3847 1165 3904 Ita
1191 3848 1252 3905 in
1281 3847 1545 3918 Ecclesia
1570 3847 1784 3906 sufficit
1810 3845 1936 3907 dari
1965 3846 2225 3904 Verbum
2267 3843 2559 3922 Scriptum
2591 3842 2913 3917 infallibile,

504 3923 661 3982 unde
704 3924 919 4000 singuli
972 3925 1243 3988 Pastores
1284 3945 1543 3986 normam
1582 3925 1792 4003 judicii
1835 3933 2035 4004 petant
2079 3927 2143 3983 in
2183 3923 2431 4002 singulis
2474 3921 2914 3982 Controversiis.

507 4005 565 4060 4.
609 4002 652 4061 J
655 4001 811 4060 udex
838 4004 1087 4064 visibilis
1114 4005 1270 4081 apud
1308 4004 1644 4064 Pontificios
1679 4024 1797 4064 non
1838 4004 2080 4082 impedit
2117 4003 2425 4081 quominus
2465 4002 2705 4061 infinitae
2733 4020 2914 4062 emer·

506 4080 688 4142 serint
714 4083 1137 4158 controversiae,
1168 4103 1299 4160 quse
1325 4083 1582 4143 nondum
1610 4084 1934 4162 composuit
1959 4104 2064 4162 pro
2097 4083 2388 4144 infallibili
2414 4102 2522 4144 sua
2547 4082 2914 4146 authoritate.

590 4159 781 4219 XXI.
829 4161 1124 4239 Scriptura
1150 4163 1343 4222 varios
1384 4172 1443 4222 et
1483 4162 1786 4240 ambiguos
1829 4183 2033 4224 sensus
2075 4164 2266 4238 babet,
2311 4183 2430 4222 non
2472 4181 2550 4222 ex
2587 4168 2795 4222 natura
2833 4159 2918 4220 rei

506 4238 819 4317 affimatae,
850 4249 951 4303 aut
990 4241 1307 4304 intentione
1334 4241 1688 4318 affirmantis,
1720 4242 1824 4301 sed
1865 4263 1940 4302 ex
1981 4244 2210 4302 inscitia
2241 4250 2342 4304 aut
2380 4241 2698 4321 pertinacia
2725 4240 2914 4300 detor·

506 4319 757 4398 quentis.
841 4320 1021 4380 Ambi
1106 4319 1215 4380 ‘tas
1253 4341 1395 4399 ergo
1433 4322 1560 4382 haec
1587 4330 1648 4381 et
1673 4321 1995 4388 obscuritas
2035 4323 2085 4384 si
2127 4342 2257 4400 quse
2301 4323 2392 4398 sit,
2435 4340 2554 4381 non
2593 4321 2749 4381 tollit
2789 4320 2916 4398 ejus

506 4400 932 4476 authoritatem,
956 4420 1019 4460 se
1090 4401 1341 4462 ostendit
1368 4401 1770 4468 necessitatem
1813 4402 2062 4480 Spiritus
2099 4402 2498 4479 illuminantis,
2529 4407 2590 4460 et
2614 4398 2919 4460 ministerii

502 4479 840 4557 Scripturas
867 4481 1228 4558 exponentis.

591 4559 816 4619 XXII.
862 4560 1028 4621 Licet
1054 4569 1262 4638 agatur
1283 4559 1355 4624 de
1382 4581 1523 4622 vera
1548 4559 1797 4638 alicujus
1823 4561 1938 4622 loci
1967 4561 2277 4638 Scripturas
2305 4558 2774 4639 interpretatione
2801 4577 2918 4618 non

507 4659 746 4702 necesse
774 4647 865 4702 est
900 4641 1031 4702 ideo
1058 4641 1185 4705 dari
1224 4641 1476 4721 aliquem
1504 4643 1549 4706 J
1551 4641 1780 4704 udicem
1807 4641 2098 4704 visibilem
2137 4641 2502 4704 infallibilem
2529 4648 2696 4702 extra
2725 4639 2916 4719 Scrip-
