3300 5225
322 364 553 419 Qumsr.
585 347 741 430 κη]
1308 366 1387 409 nn
1416 367 1760 411 scamonii.
2623 350 2736 409 125

326 510 549 589 calypsi
580 530 685 570 sua
704 516 890 569 totum
916 508 1081 587 Scrip
1080 516 1225 569 turae
1240 509 1535 571 canonem
1556 511 1781 586 clausit,
1807 518 1866 569 et
1886 508 2160 571 extremis
2175 510 2372 569 verbis
2391 508 2575 569 veluti
2595 508 2736 569 diris

326 590 675 667 quibusdam
702 530 1081 667 obsignavit.P
1123 590 1297 649 Adde
1324 592 1482 669 quod
1508 612 1545 650 a
1563 592 1688 669 pari
1711 610 1936 669 semper
1956 590 2177 649 valeret
2203 600 2640 667 argumentum;
2677 598 2737 649 et

327 670 487 746 quod
514 670 587 729 de
616 670 729 729 isto
754 668 905 726 libro
932 670 1159 745 dicitur,
1190 670 1441 747 idipsum
1463 680 1523 731 et
1548 671 1610 729 in
1636 672 1767 730 aliis
1795 672 1969 730 etiam
1995 671 2187 729 locum
2215 670 2428 729 habere
2454 669 2646 729 debet.

410 749 591 808 XVI.
635 752 692 808 3.
736 748 885 822 Quia
920 750 1049 806 Lex
1075 750 1194 806 Dei
1230 749 1441 810 dicitur
1470 754 1746 827 perfecta,
1787 771 1912 827 quoe
1937 760 2228 809 restaurat
2251 750 2518 825 animam,
2549 759 2606 809 et
2634 752 2739 807 dat

328 830 661 905 sapientiam
695 825 949 905 simplici,
982 826 1090 886 ἀει.
1123 829 1220 887 Ps.
1250 829 1374 887 xix.
1404 833 1460 905 8,
1492 832 1549 888 9.
1630 830 1720 890 Αι
1746 831 1950 889 animae
1980 830 2280 889 conversio
2307 839 2367 889 et
2393 830 2736 889 restauratio

330 928 447 967 ιιοιι
472 917 664 985 potest
691 908 937 968 obtineri
964 908 1079 965 nisi
1099 908 1349 984 cognitis
1376 909 1643 968 omnibus
1664 910 1740 968 ad
1767 910 2012 970 salutem
2033 910 2388 969 necessariis.
2473 908 2596 968 Nec
2617 908 2746 971 dici

330 996 520 1066 potest
538 988 637 1065 agi
656 987 753 1047 hic
768 995 993 1047 tantum
1011 986 1083 1046 de
1100 988 1443 1063 per-sectione
1460 988 1730 1047 intensiva
1751 990 1942 1066 quoad
1961 990 2315 1067 qualitatem,
2339 988 2477 1066 quia
2498 989 2624 1047 Lex
2645 998 2737 1048 est

330 1068 711 1144 immaculata,
736 1076 797 1127 et
816 1067 941 1127 sine
959 1068 1081 1125 ullo
1103 1068 1247 1126 vitio
1268 1067 1461 1144 quoad
1488 1068 1749 1144 singulas
1775 1078 1984 1145 partes,
2004 1088 2120 1127 non
2141 1088 2281 1127 vero
2302 1068 2375 1127 de
2393 1069 2738 1145 perfectione

331 1149 613 1207 exterwiva
632 1147 827 1225 quoad
856 1147 1237 1224 quantitatem
1265 1156 1324 1206 et
1352 1146 1816 1225 amplitudinem3
1847 1149 1986 1225 quia
2015 1156 2074 1207 et
2103 1148 2373 1225 primm-ia
2389 1148 2552 1207 vocis
2575 1168 2736 1207 nnn-a

330 1228 675 1305 significatio
695 1227 966 1304 designat
984 1226 1391 1304 perfectionem
1412 1227 1605 1303 talem,
1629 1228 1725 1285 cui
1751 1194 1898 1285 ni'hil
1925 1227 2105 1299 deest,
2137 1235 2196 1285 et
2215 1228 2300 1285 rei
2320 1227 2503 1304 ipsius
2529 1235 2738 1287 natura

330 1308 441 1365 hoc
468 1307 668 1384 exigit,
700 1308 838 1385 quia
863 1307 1056 1383 agitur
1083 1306 1155 1367 de
1184 1327 1254 1367 ea
1278 1307 1645 1385 perfectione,
1681 1326 1812 1384 quae
1831 1314 2024 1384 potest
2051 1306 2301 1365 enimam
2328 1314 2650 1365 restaurare
2677 1315 2737 1367 et
2797 1321 2806 1331 ·

330 1386 465 1446 dare
493 1387 833 1464 sapientiam
862 1387 1126 1465 simplici,
1156 1387 1314 1465 quod
1342 1388 1465 1447 sine
1492 1388 1666 1465 plena
1693 1386 2033 1446 sufficientia.
2061 1386 2310 1445 obtineri
2335 1386 2554 1462 nequit.

932 1466 1148 1527 XVII.
1191 1470 1250 1527 4.
1285 1468 1449 1527 Finis
1474 1467 1788 1544 Ser-aptaro:
1823 1465 2232 1543 perfectionem
2257 1466 2429 1525 istam
2461 1465 2734 1543 postulat,

851 1545 987 1605 data
1024 1546 1179 1605 enim
1216 1554 1306 1606 est
1344 1556 1411 1607 ut
1451 1548 1695 1607 salutem
1735 1555 1795 1605 et
1821 1546 2001 1605 vitam
2039 1566 2116 1605 ex
2151 1565 2222 1605 ea
2261 1546 2592 1621 habeamus,
2634 1545 2678 1605 J
2679 1565 2734 1604 0.

329 1647 430 1686 xx.
450 1630 546 1703 31,
566 1632 627 1685 et
656 1629 686 1684 1
718 1625 1043 1702 Jo.v.13;
1084 1626 1195 1685 Ro.
1224 1646 1325 1686 xv.
1354 1630 1428 1704 43
1473 1626 1763 1705 quomodo
1781 1646 1923 1686 vero
1951 1626 2084 1685 finis
2109 1626 2220 1685 iste
2247 1625 2494 1685 obtineri
2520 1634 2737 1703 posset,

328 1707 441 1765 nisi
468 1707 724 1783 perfecta
742 1713 895 1763 esset
921 1725 1050 1782 quae
1072 1706 1265 1766 omnia
1283 1707 1359 1765 ed
1380 1707 1625 1767 salutem
1645 1706 1970 1767 necessaria
1991 1706 2312 1765 contineret
2324 1708 2353 1765 ?
2389 1706 2542 1764 Data
2562 1713 2652 1764 est
2673 1714 2738 1764 ut

328 1787 405 1846 sit
434 1786 637 1845 Canon
662 1794 717 1843 et
740 1787 967 1862 Requla
989 1786 1170 1863 fidei.-
1212 1784 1299 1845 At
1324 1787 1528 1864 regula
1553 1807 1684 1864 quse
1725 1807 1842 1846 non
1883 1794 1974 1845 est
2007 1786 2202 1846 totalis
2230 1794 2290 1845 et
2315 1786 2635 1865 adaequata,
2666 1805 2738 1844 eo

328 1865 456 1942 ipso
480 1864 687 1941 regula
712 1884 830 1923 non
851 1873 973 1940 est;
1012 1866 1215 1941 regula
1242 1866 1394 1924 enim
1422 1868 1556 1927 talis
1577 1874 1668 1926 est
1691 1886 1962 1926 mensura
1982 1866 2077 1925 cui
2102 1865 2249 1923 nihil
2275 1866 2454 1925 adimi
2474 1865 2572 1925 vel
2599 1864 2738 1923 addi

326 1952 533 2023 potest,
580 1962 716 2021 νόμος
756 1945 1113 2023 drugonem-⁰5,
1160 1953 1227 2004 ut
1266 1946 1348 2004 ait
1395 1946 1772 2021 phavorinus,
1819 1951 1910 2005 zue*
1954 1948 2125 2027 μέτςυ
2166 1943 2520 2019 ἀδιαψιυστοι,
2564 1951 2738 2003 πῖστιν

327 2024 639 2105 recidunt
614 2050 705 2083 su
743 2028 1008 2119 ἀφείμην
1023 2022 1265 2101 μηδαμὸς
1293 2022 1635 2101 ἔπιδοχὸμυοι,
1673 2027 1802 2084 Lex
1837 2027 2168 2085 ivnn’olabilaeh
2199 2036 2254 2085 et
2277 2046 2542 2085 mensura
2567 2027 2736 2100 infal-

327 2106 509 2179 libilis,
558 2108 775 2163 nullam
820 2106 1164 2164 additionem
1208 2108 1297 2163 vel
1342 2106 1740 2163 detractionem
1787 2106 2098 2163 admittens.
2195 2105 2348 2163 Data
2395 2113 2485 2163 est
2541 2113 2608 2162 ut
2662 2106 2739 2163 sit

333 2186 740 2243 Testamentum
790 2184 1039 2243 Christi:
1097 2184 1185 2243 At
1231 2184 1283 2243 si
1319 2183 1569 2243 humano
1612 2192 1958 2243 testamento
2001 2203 2171 2242 nemo
2211 2184 2522 2261 quicquam
2563 2184 2738 2242 audet

327 2262 783 2335 {ramata-uetat,
812 2264 946 2323 Gal.
976 2263 1057 2322 iii.
1093 2266 1185 2339 15,
1216 2271 1433 2357 quanto
1452 2264 1643 2321 minus
1675 2263 1908 2339 Divin0,
1933 2281 2049 2340 quo
2069 2281 2392 2339 supremam
2421 2262 2742 2321 Testatoris

327 2345 684 2404 voluntatem
722 2344 945 2421 integre
980 2342 1260 2402 contineri
1298 2341 1547 2420 legitimi
1584 2341 1861 2417 haeredee,
1897 2360 2014 2400 non
2054 2342 2246 2399 minus
2274 2349 2399 2400 tuto
2426 2360 2600 2418 quam
2641 2341 2734 2398 fir-

326 2424 496 2484 miter
522 2424 781 2483 credunt.
855 2424 1008 2482 Data
1034 2431 1123 2482 est
1150 2422 1399 2499 denique
1426 2430 1493 2481 ιιι
1520 2421 1597 2481 sit
1620 2422 1956 2481 Contractus
1965 2421 2206 2495 foederis
2231 2441 2267 2479 a
2289 2421 2416 2480 Deo
2436 2420 2738 2481 nobiscum

326 2504 487 2581 initi;
532 2504 677 2579 Quis
704 2522 844 2561 vero
872 2502 1087 2563 dixerit
1106 2503 1203 2562 vel
1228 2502 1412 2580 plura,
1436 2502 1534 2560 vel
1560 2501 1751 2560 aliena
1777 2501 1946 2560 abiis
1966 2519 2096 2577 quae
2117 2500 2178 2558 in
2197 2501 2326 2560 istis
2347 2500 2588 2560 Tabulis
2607 2520 2739 2579 per

326 2584 539 2663 scripta
560 2591 712 2659 sunt,
737 2582 833 2642 vel
862 2583 1239 2678 spopondisse
1266 2582 1435 2642 nobis
1464 2582 1672 2658 Deum,
1702 2581 1800 2641 vel
1828 2601 1864 2640 a
1888 2580 2058 2640 nobis
2085 2600 2212 2641 esse
2240 2582 2573 2660 stipulatum
2591 2586 2622 2642 P

407 2665 659 2723 XVIII.
704 2665 760 2722 5.
806 2663 953 2738 Quia
980 2663 1319 2742 rejiciuntur
1344 2662 1710 2722 Traditiones
1737 2681 1936 2721 omnes
1963 2660 2306 2738 dogmaticae
2332 2671 2499 2722 extra
2544 2663 2735 2740 Scrip-

326 2752 530 2820 turam,
564 2745 644 2803 Is.
674 2743 841 2800 xxix.
877 2745 984 2819 13·
1032 2743 1175 2804 Mat.
1205 2763 1307 2801 xv.
1336 2746 1393 2818 4,
1426 2745 1482 2801 9.
1562 2744 1814 2801 Frustra
1853 2762 1940 2800 me
1976 2745 2162 2800 colunt
2197 2745 2447 2801 docentes
2474 2744 2739 2801 docrinas

324 2833 379 2882 et
413 2827 689 2883 mandata
725 2823 1023 2881 hominum.
1107 2822 1231 2880 Nec
1252 2823 1470 2915 reponi
1512 2829 1706 2899 potest
1741 2821 1904 2900 rejici
1940 2821 2305 2881 Traditiones
2349 2822 2734 2896 Pharisai’caS,

325 2923 443 2962 non
492 2902 883 2981 ApostolicaS.
969 2901 1117 2977 Quia
1160 2900 1501 2979 rejiciuntur
1546 2901 1607 2960 in
1657 2920 1868 2979 genere
1917 2919 2116 2960 omnes
2165 2901 2440 2960 doctrinae
2489 2921 2618 2978 quae
2662 2901 2740 2959 ab

324 2983 654 3042 hominibus
683 2983 979 3058 docentur,
1020 2992 1079 3041 et
1115 2981 1176 3039 in
1219 2982 1515 3058 Scriptura
1550 3001 1669 3040 non
1707 2981 2044 3057 traduntur3
2088 2989 2148 3040 et
2175 2980 2516 3058 supponitur
2555 2981 2740 3058 gratis

326 3062 450 3121 dari
497 3061 865 3123 Traditiones
913 3061 1287 3139 Apostolicas
1330 3069 1539 3139 praeter
1586 3061 2140 3154 Scripturam.1ta
2180 3061 2296 3119 Isa.
2339 3061 2462 3118 viii.
2506 3063 2601 3136 20,
2642 3061 2744 3119 Ad

324 3145 532 3220 Leqem
573 3153 626 3200 et
667 3143 1035 3200 testimonium
1073 3149 1418 3200 revocantur
1453 3139 1672 3216 fideles,
1718 3150 1778 3201 et
1817 3139 2060 3199 exitium
2101 3139 2482 3199 denunciatur
2527 3141 2600 3197 iis
2636 3140 2738 3217 qui

316 3223 493 3300 juxta
538 3221 684 3281 illud
728 3220 955 3299 loquuti
997 3239 1115 3278 non
1162 3220 1392 3280 fuerint.
1478 3221 1601 3279 Nec
1642 3240 1749 3298 per
1773 3219 2166 3280 testimonium
2205 3229 2450 3297 possunt
2490 3219 2740 3296 intelligi

324 3302 711 3396 'Pi-aditiones,
744 3321 873 3379 quae
914 3300 1131 3378 passim
1169 3300 1509 3382 reJiciuntur
1536 3320 1572 3358 a
1601 3301 1763 3376 De03
1809 3299 1912 3359 sed
1939 3299 2035 3358 vel
2076 3299 2204 3376 ipsa
2246 3300 2374 3357 Lex
2414 3317 2544 3375 quae
2585 3316 2738 3375 saepe

322 3382 723 3441 testimonium
770 3381 997 3456 dicitur,
1038 3379 1117 3438 id.
1150 3379 1293 3456 Lex,
1342 3401 1471 3458 quae
1515 3388 1605 3439 est
1652 3346 1765 3438 Dei
1807 3379 2226 3439 Testimonium
2275 3378 2590 3471 exegetice,
2641 3376 2740 3436 vel

328 3461 557 3539 Scripta
598 3461 713 3520 alia
758 3461 1175 3561 Prophetarum
1218 3479 1349 3537 quae
1392 3459 1540 3536 Legi
1580 3459 1780 3518 addita
1820 3468 1972 3517 sunt
2064 3459 2298 3533 Paulus,
2335 3460 2364 3514 1
2399 3458 2529 3516 Cor.
2568 3458 2648 3515 iv.
2679 3460 2736 3532 6,

322 3549 473 3598 vetat
490 3561 663 3615 saper
664 3561 693 3598 e
713 3540 832 3632 ηιξ
854 3541 879 3598 0'
896 3539 1201 3634 ’μίγματα
1206 3548 1427 3615 praeter
1452 3539 1518 3596 id
1540 3542 1697 3614 quod
1717 3539 1984 3614 scriptum
2005 3546 2100 3613 est,
2131 3557 2248 3595 non
2275 3536 2448 3594 modo
2474 3545 2740 3613 respectu

324 3638 567 3710 morum,
597 3639 671 3677 ne
712 3621 843 3694 quis
884 3621 1113 3697 sapiens
1156 3617 1267 3678 sibi
1294 3617 1563 3676 videatur
1590 3637 1666 3674 ex
1707 3617 2040 3708 praescripto
2085 3581 2428 3708 'Sel-omoni3,
2461 3614 2738 3673 Proverb.

324 3697 406 3756 iii.
454 3701 509 3770 7,
558 3697 661 3754 sed
704 3705 765 3754 et
808 3708 1073 3775 respectu
1107 3697 1411 3791 doctrinae,
1456 3715 1531 3753 ne
1576 3695 1708 3772 quis
1751 3695 1910 3752 inani
1955 3693 2252 3770 sapientiae
2294 3694 2740 3771 proesumptione

323 3775 559 3834 inflatus
580 3774 871 3834 doctrinas
896 3779 1231 3854 peregrinas
1257 3783 1467 3853 praeter
1496 3773 1896 3850 Scripturam'
1879 3793 1942 3830 111
1963 3773 2229 3832 Ecclesia
2253 3781 2551 3852 proponat,
2583 3773 2741 3852 quod

324 3853 615 3912 faciebant
644 3853 1085 3932 Pseudapostoli
1112 3857 1262 3915 inter
1291 3852 1638 3912 Corinthios.

325 3971 455 4022 Quia.
500 3971 639 4016 uuna
672 3970 769 4015 rati
756 3985 803 4016 o
927 3934 1118 3992 XIX.
1164 3936 1219 3992 6.
1265 3933 1443 3991 Nulla
1488 3931 1636 3990 ratio
1685 3931 1894 3990 idonea
1935 3932 2128 3992 afferri
2167 3941 2376 4011 potest,
2433 3953 2537 3993 cur
2579 3931 2740 3994 Deus

353 4029 519 4075 afferri
502 4033 692 4087 :potest
703 4032 801 4074 tm·
842 4032 1016 4071 unam
1043 4013 1228 4072 Verbi
1256 4012 1345 4071 sui
1372 4020 1593 4089 partem
1622 4011 1852 4089 script0,
1884 4013 2122 4072 alteram
2151 4013 2290 4071 viva
2329 4031 2474 4072 voce
2513 4023 2739 4074 tantum

351 4087 445 4132 (Μ’
428 4101 608 4134 ¹⁰¹¹¹²¹¹¹·
844 4091 998 4150 tradi
1048 4091 1317 4151 voluerit.
1403 4092 1483 4150 Et
1535 4092 1687 4150 male
1741 4092 2126 4152 consuluisset
2174 4092 2452 4152 Ecclesiae
2501 4114 2637 4170 suae,
2690 4095 2741 4152 si

322 4172 599 4231 doctrinae
626 4171 1007 4231 necessariam
1033 4180 1255 4250 partem
1284 4172 1515 4231 incertae
1544 4171 1840 4230 hominum
1863 4170 2158 4231 traditioni
2179 4173 2576 4250 commisisset,
2609 4193 2741 4232 cum

322 4251 485 4311 nulla
524 4253 600 4311 sit
638 4251 871 4310 traditio
912 4271 1042 4329 quae
1084 4252 1357 4329 temporis
1402 4251 1571 4329 lapsu
1598 4251 1886 4328 corrumpi
1927 4251 2094 4310 facile
2120 4271 2237 4310 non
2279 4253 2482 4329 possit.
2566 4252 2742 4310 Adde

323 4331 481 4409 quod
508 4331 667 4390 nulla
693 4331 898 4408 regula
924 4329 1095 4390 datur
1121 4331 1197 4389 ad
1236 4329 1643 4392 discernendas
1685 4329 2066 4404 deitiones,
2097 4351 2228 4408 quae
2255 4351 2372 4391 non
2405 4331 2744 4390 retundatur

358 1512 480 1558 Fine
502 1510 777 1571 Scripturas.

195 4454 208 4471 .
321 4409 555 4470 tandem
583 4411 643 4467 in
671 4411 1091 4469 Testimonium
1132 4419 1191 4469 et
1231 4411 1636 4469 authoritatem
1681 4410 1974 4487 Ecclesiae,
2007 4418 2066 4469 et
2091 4411 2218 4469 haec
2257 4411 2383 4488 ipsa
2423 4411 2744 4470 authoritas

321 4491 571 4548 maxime
599 4491 659 4547 in
688 4489 1137 4549 controversiam
1165 4490 1344 4549 venit.
1430 4490 1576 4548 Cum
1604 4509 1745 4566 ergo
1773 4509 1968 4549 earum
1995 4488 2174 4548 dubia
2201 4490 2276 4550 sit
2313 4491 2494 4567 origo,
2525 4490 2744 4546 incerta

321 4569 655 4644 authoritate,
685 4570 997 4662 perplexus
1046 4577 1105 4628 et
1144 4568 1451 4646 ambiguus
1484 4569 1822 4646 plerumque
1865 4588 2086 4645 sensus,
2131 4576 2189 4628 et
2232 4567 2604 4646 impossibilis
2645 4583 2744 4623 eas

321 4648 683 4707 discernendi
710 4648 890 4726 ratio;
936 4649 1121 4708 Nemo
1149 4667 1267 4706 non
1296 4648 1459 4707 videt
1484 4648 1688 4708 merito
1715 4669 1752 4706 a
1777 4647 1946 4708 nobis
1974 4668 2072 4706 eas
2099 4649 2278 4727 rejici,
2308 4657 2374 4705 ut
2403 4647 2512 4705 soli
2554 4645 2743 4721 Scrip

320 4737 465 4788 turae
494 4737 767 4804 tanquam
796 4728 1226 4805 perfectissimae
1255 4727 1390 4787 fidei
1419 4747 1756 4806 morumque
1785 4729 2002 4805 regulae
2031 4727 2468 4787 adhaereamuS.
