3300 5225
345 383 574 434 QuAEsr.
605 362 724 447 m.]
957 438 961 443 ,
1319 379 1399 421 ns
1426 378 1783 423 momen.
2036 408 2047 419 .
2714 356 2751 417 9

343 524 598 584 habeant
639 524 886 583 Numen.
969 518 1050 579 Et
1075 518 1126 579 si
1152 519 1255 598 qui
1282 538 1512 581 sensum
1539 522 1698 581 hunc
1736 524 2008 579 excutere
2046 516 2239 577 conati
2268 524 2419 593 sunt,
2462 534 2757 594 nunquam

345 612 694 682 potuerunt;
736 603 874 661 licet
912 598 988 658 ad
1027 608 1257 677 tempus
1299 599 1608 660 videantur
1649 600 1861 659 callum
1902 597 2233 674 obduxisse,
2284 596 2527 657 recurrit
2563 604 2758 655 tamen

345 693 532 743 terror
559 682 844 757 Numinis,
873 680 1124 739 maxime
1151 681 1213 738 in
1240 680 1518 739 adversis.

613 827 625 841 ·
663 827 675 839 ⁶
950 758 1134 819 VIII.
1165 760 1522 837 Religionum
1545 758 1608 817 in
1636 758 1863 819 Mundo
1880 758 2161 832 ἰωᾱϊαέἰο,
2183 755 2563 833 Theologiam
2589 764 2757 815 natu-

423 826 826 933 mfflffissssm
865 838 1042 897 ralem
1071 839 1386 899 clarissime
1405 838 1640 899 evincit.
1724 839 1875 897 Nam
1900 836 2056 897 unde
2083 836 2311 896 occulta
2326 834 2438 893 illa
2461 834 2761 894 hominum

871 918 948 977 ad
988 917 1354 996 Religionem
1393 918 1719 997 propensio,
1754 918 1929 995 juxta
1970 936 2143 994 quam
2183 917 2356 975 homo
2401 914 2633 974 Platoni
2672 922 2765 973 est

347 996 469 1075 ζὸον
505 996 902 1065 sunsit-umor,
931 998 1046 1057 nisi
1073 1018 1150 1057 ex
1177 1018 1351 1057 sensu
1388 997 1674 1075 Numinis,
1704 996 1861 1075 quod
1888 995 2192 1056 colendum
2218 1002 2541 1073 agnoscunt
2554 998 2585 1054 ἱ)
2638 994 2695 1053 N
2696 1014 2764 1053 ec

347 1086 468 1137 tam
494 1078 662 1155 proni
701 1077 950 1136 fuissent
990 1077 1067 1136 ad
1109 1075 1496 1137 idololatriam
1539 1085 1600 1136 et
1638 1076 1874 1154 quidem
1916 1076 2265 1135 teterrimam
2302 1073 2761 1152 amplectendam

351 1157 578 1235 Populi,
609 1166 670 1216 et
695 1156 772 1215 ad
797 1156 974 1215 falsas
1015 1163 1076 1216 et
1113 1156 1348 1216 fictitias
1374 1156 1687 1235 religiones
1726 1164 1845 1215 tam
1870 1155 2039 1214 facile
2064 1153 2437 1231 recipiendae,
2468 1172 2616 1230 quas
2644 1153 2761 1211 Im-

348 1245 610 1315 postores
637 1245 768 1296 astu
797 1236 1043 1295 Politico
1071 1237 1476 1314 excogitarunt
1501 1236 1578 1295 ad
1603 1235 1866 1295 homines
1892 1233 2318 1311 mancipandos,
2348 1234 2463 1291 nisi
2488 1232 2766 1292 instinctu

343 1317 603 1394 quodam
629 1316 880 1377 naturali
905 1315 982 1374 ad
1023 1316 1388 1393 Religionem
1429 1324 1490 1375 et
1529 1316 1752 1376 cultum
1791 1315 2040 1391 alicujus
2068 1313 2337 1372 Numinis
2362 1312 2596 1389 impulsi
2623 1310 2763 1370 fuis-

351 1404 499 1456 sent.
582 1397 639 1456 N
640 1417 706 1456 ec
747 1396 865 1455 dici
906 1403 1101 1473 potest
1143 1396 1366 1457 Gentes
1406 1396 1520 1455 hoe
1561 1415 1681 1455 non
1726 1403 1848 1454 tam
1889 1394 2184 1468 instinctu,
2231 1410 2405 1469 quam
2448 1391 2767 1450 imitatione

349 1476 590 1552 fecisse3
633 1496 768 1537 nam
797 1476 848 1535 si
873 1495 992 1534 non
1017 1474 1224 1535 fuisset
1249 1475 1558 1535 instinctus
1585 1473 1883 1549 naturalis,
1906 1474 2079 1532 homo
2107 1471 2321 1530 animal
2346 1470 2547 1548 gloriae
2574 1490 2767 1529 eoram

350 1556 652 1616 vilissimis
687 1556 966 1615 creaturis
993 1574 1056 1614 se
1096 1574 1214 1614 non
1241 1555 1565 1633 abjecisset,
1609 1574 1685 1613 ne
1710 1561 2042 1613 censeretur
2067 1550 2225 1611 omni
2252 1550 2503 1609 Numine
2543 1569 2767 1627 carere;

351 1655 460 1697 nec
498 1636 658 1714 quod
695 1637 770 1696 ab
809 1633 1130 1695 imitatione
1170 1643 1398 1695 tantum
1432 1635 1629 1713 oritur,
1660 1634 1805 1694 adeo
1832 1652 2135 1693 commune
2175 1639 2237 1691 et
2275 1630 2603 1691 universale
2644 1648 2773 1689 esse

351 1724 561 1793 potest.

346 828 428 874 Ex

957 1794 1079 1855 IX.
1110 1794 1276 1856 Licet
1292 1795 1502 1855 dentur
1521 1794 1744 1855 Gentes
1764 1792 2057 1853 nonnullae
2076 1788 2327 1850 maxime
2350 1790 2502 1866 ferse,
2526 1808 2655 1867 quae
2684 1788 2770 1846 vi-

384 1860 806 1964 Fontegugplutio-
877 1873 1089 1935 dentur
1128 1875 1287 1934 omni
1327 1894 1500 1935 sensu
1529 1874 1799 1935 Numinis
1826 1873 2153 1947 destitutae3
2195 1890 2315 1929 non
2340 1879 2535 1929 tamen
2574 1878 2773 1927 carent

649 1949 664 1963 ⁹
879 1955 1038 2013 omni
1079 1955 1408 2032 cognitione
1453 1955 1605 2033 Dei;
1648 1954 1827 2013 exilia
1873 1952 2107 2030 quidem
2150 1958 2395 2029 possunt
2438 1968 2567 2008 esse
2610 1948 2770 2006 Reli-

356 2030 548 2109 gionis
575 2030 812 2107 semina,
841 2054 972 2111 quae
999 2034 1062 2092 in
1087 2034 1230 2111 ipsis
1256 2043 1570 2111 remanent,
1599 2041 1835 2111 propter
1859 2032 2173 2091 maximam
2200 2030 2534 2104 caecitatem,
2565 2036 2624 2087 et
2652 2036 2770 2087 stu-

357 2131 556 2187 porem
584 2130 700 2188 quo
721 2112 796 2169 ad
813 2112 964 2172 seras
984 2122 1044 2172 et
1061 2114 1234 2172 bruta
1259 2112 1532 2173 videntur
1558 2113 1747 2189 magis
1766 2111 2039 2170 accedere
2061 2132 2076 2187 3
2122 2110 2226 2169 sed
2247 2116 2555 2187 supersunt
2580 2116 2775 2166 tamen

358 2190 626 2267 quaedam
652 2190 714 2247 in
741 2190 830 2267 iis,
873 2200 942 2252 ut
980 2193 1043 2249 in
1083 2191 1450 2251 Americanis
1478 2200 1537 2250 et
1578 2190 2045 2265 Brasiliensibus,
2077 2208 2223 2266 quos
2250 2188 2420 2247 nobis
2446 2188 2545 2245 hic
2572 2186 2777 2264 objicit

363 2270 646 2329 Socinus:
728 2270 899 2331 Licet
935 2273 1035 2330 J0.
1076 2272 1282 2330 Len-ius
1323 2274 1679 2348 Burqundus
1719 2270 1991 2328 observet
2041 2268 2233 2327 nullos
2276 2268 2435 2325 Deos
2475 2265 2631 2343 apud
2677 2284 2780 2324 eos

359 2350 615 2427 agnosci,
645 2349 896 2427 vestigia
913 2359 1116 2427 ‚tamen
1143 2350 1467 2409 divinitatis
1493 2350 1556 2407 in
1582 2350 1657 2409 iis
1698 2367 1997 2427 superesse
2025 2368 2141 2407 non
2170 2348 2412 2407 obscure
2439 2344 2629 2405 innuit
2654 2352 2779 2405 tum

358 2450 436 2488 ex
463 2450 534 2488 eo
561 2429 718 2507 quod
746 2450 882 2491 suos
913 2431 1147 2491 caribes
1174 2449 1279 2491 seu
1309 2429 1649 2489 Sacerdotes
1690 2428 1905 2487 habere
1930 2440 2139 2502 narret,
2170 2446 2317 2504 quos
2358 2434 2494 2485 sunt
2520 2424 2781 2503 persuasi

360 2517 421 2569 et
445 2508 840 2569 fortitudinem
881 2510 1150 2569 bellicam
1190 2510 1488 2588 impertiri,
1520 2518 1580 2568 et
1606 2528 1807 2568 omnes
1834 2528 1867 2566 e
1894 2515 2049 2567 terra
2086 2507 2307 2567 fructus
2346 2505 2679 2583 producere,
2711 2524 2781 2563 eo

359 2588 518 2667 quod
571 2610 702 2650 cum
757 2590 1054 2669 spiritibus
1108 2588 1514 2650 commercium
1566 2588 1851 2664 habeant3
1895 2594 2021 2647 tum
2064 2606 2140 2646 ex
2183 2606 2253 2646 eo
2296 2586 2455 2665 quod
2496 2584 2785 2646 fateantur

361 2670 582 2729 animas
610 2690 807 2729 eorum
835 2671 936 2747 qui
963 2671 1240 2730 virmtem
1268 2671 1586 2744 coluerunt,
1615 2677 1750 2746 post
1784 2667 2095 2726 altissimos
2120 2675 2347 2726 montes
2374 2667 2689 2741 evolantes,
2721 2665 2783 2723 in

362 2749 766 2808 amoenissimis
791 2750 976 2810 hortis
1002 2750 1295 2828 perpetuis
1321 2748 1545 2809 deliciis
1559 2749 1757 2808 laetum
1788 2767 1979 2808 sevum
2000 2767 2187 2824 agere,
2218 2747 2561 2824 ignavorum
2584 2754 2786 2805 contra

363 2829 552 2907 abripi
576 2828 652 2888 ad
678 2829 934 2907 Stiqnan,
967 2831 1052 2890 sic
1092 2829 1550 2890 cacodaemonem
1591 2836 1821 2904 vocant,
1853 2835 1913 2887 et
1938 2847 2071 2886 cum
2099 2847 2168 2886 eo
2194 2827 2347 2886 inter
2379 2834 2625 2885 aeternos
2654 2845 2781 2884 cru·

363 2909 548 2969 cintus
575 2909 792 2969 vivere.
878 2909 1044 2969 Idem
1072 2909 1134 2968 in
1159 2910 1332 2969 histo,
1361 2909 1594 2986 naviga.
1623 2909 1688 2967 in
1716 2907 2025 2967 Brasiliam
2055 2926 2105 2966 c.
2134 2909 2192 2967 6.
2220 2916 2417 2965 narrat
2444 2905 2780 2964 Mexicano-

362 3009 490 3049 rum
519 3008 806 3049 summum
826 2990 1016 3050 Deum
1043 3009 1172 3049 esse
1199 2989 1414 3048 Hoizili
1429 2989 1667 3048 Pochtlt'.
1749 2987 2047 3066 ‚Iosephus
2074 3007 2112 3044 a
2138 2987 2329 3046 Costa.
2352 2987 2415 3044 in
2434 2986 2607 3045 histo.
2629 2984 2782 3044 Indi.

365 3069 637 3130 Occiden.
665 3069 769 3128 lib.
799 3071 856 3129 5.
887 3090 936 3129 c.
957 3073 1016 3130 2.
1044 3078 1104 3130 et
1120 3073 1178 3129 3.
1263 3069 1622 3129 Peruvianos
1639 3087 1777 3128 suos
1802 3068 2016 3128 habere
2039 3067 2213 3142 Deos,
2238 3075 2297 3125 et
2316 3066 2467 3126 inter
2492 3085 2593 3124 eos
2614 3083 2783 3124 suum

367 3147 699 3225 Piracocha,
720 3169 894 3226 quem
912 3149 1328 3224 Paehacamak,
1359 3156 1676 3208 creatorem
1704 3148 1837 3207 coeli
1864 3156 1923 3207 et
1950 3155 2133 3222 terrae,
2154 3154 2385 3205 vocant.
2469 3145 2601 3204 Non
2629 3144 2782 3204 absi·

362 3229 526 3287 milia
549 3229 826 3306 leguntur
849 3230 1008 3307 apud
1036 3229 1239 3288 Hiero.
1270 3228 1630 3288 Benzonium
1659 3228 1721 3286 in
1747 3228 1992 3288 historia
2016 3227 2157 3286 novi
2184 3225 2403 3302 mundi,
2434 3233 2495 3284 et
2523 3224 2783 3284 Bal-tolo·

363 3307 438 3366 de
463 3309 552 3368 las
582 3309 779 3384 Cazas,
809 3309 1086 3386 aliosque.

445 3388 530 3448 X.
575 3389 631 3446 N
632 3408 708 3446 on
734 3397 1022 3466 repugnat
1059 3407 1239 3448 unum
1280 3388 1548 3467 idemque
1588 3387 1752 3447 vario
1778 3395 2043 3466 respectu
2084 3393 2143 3446 et
2185 3405 2265 3445 ex
2303 3385 2521 3445 lumine
2546 3383 2788 3444 rationis

365 3467 640 3546 cognosci
666 3475 726 3528 et
753 3469 912 3527 credi
937 3468 1154 3528 lumine
1181 3467 1334 3544 fidei,
1377 3477 1445 3529 ut
1472 3468 1629 3546 quod
1656 3467 1888 3527 nonnisi
1930 3466 2283 3526 subobscure
2310 3486 2387 3524 ex
2412 3485 2530 3524 uno
2560 3463 2781 3540 colligi-

365 3556 474 3624 tur,
506 3569 582 3607 ex
611 3549 792 3608 altero
819 3549 1034 3609 certius
1059 3557 1355 3625 teneatur3
1400 3547 1483 3608 sie
1512 3548 1704 3608 Deum
1725 3567 1853 3607 esse
1870 3556 1929 3606 et
1956 3566 2033 3606 ex
2051 3554 2258 3605 natura
2284 3545 2701 3621 cognoscimus,
2727 3550 2789 3602 et

363 3647 441 3687 ex
467 3628 599 3704 fide,
631 3628 817 3688 Hebr.
845 3628 905 3688 ii.
935 3631 996 3688 6.
1025 3649 1102 3688 ex
1128 3637 1336 3688 natura
1371 3628 1689 3702 obscurius,
1720 3647 1796 3686 ex
1836 3626 1951 3685 fide
1978 3645 2119 3684 vero
2146 3625 2377 3683 certius.
2462 3623 2556 3681 Ita
2580 3622 2789 3682 notitia
2888 3616 2893 3628 ’

366 3707 634 3785 specialis
673 3729 830 3768 verte
869 3708 1024 3783 fidei,
1068 3728 1172 3786 per
1214 3727 1390 3785 quam
1433 3706 1636 3766 fideles
1662 3705 1897 3782 placent
1941 3705 2085 3778 Dee,
2118 3710 2179 3762 et
2220 3703 2441 3761 aditum
2466 3702 2683 3761 habent
2710 3701 2786 3760 ad

365 3786 574 3862 ipsum,
605 3787 678 3847 de
705 3807 822 3866 qua
860 3787 945 3846 ibi
987 3788 1204 3848 Paulus
1245 3786 1386 3864 agit,
1417 3804 1536 3844 non
1561 3781 1839 3859 excludit,
1871 3782 1974 3842 scd
2008 3782 2289 3861 supponit
2314 3782 2641 3860 generalem
2682 3801 2787 3859 per

367 3873 649 3925 naturam.

448 3945 570 4005 XI.
613 3948 778 4005 Mens
817 3945 1069 4006 hominis
1111 3953 1203 4006 est
1245 3946 1438 4004 tabula
1479 3963 1621 4003 rasa
1645 3962 1763 4002 non
1806 3942 2087 4019 absolute,
2132 3942 2235 4002 sed
2278 3941 2593 4003 secundum
2622 3941 2781 4020 quid,

367 4025 561 4101 quood
601 4025 926 4085 discursum
969 4035 1030 4084 et
1071 4025 1460 4104 cognitionem
1503 4023 1897 4099 dianoiitieam‚
1928 4041 2059 4101 quae
2102 4023 2419 4101 acquiritur
2460 4023 2784 4082 necessario

366 4125 548 4164 unum
586 4123 662 4163 ex
689 4105 803 4164 alio
843 4104 1160 4165 inferendo,
1246 4104 1364 4165 Sed
1401 4125 1521 4163 non
1560 4103 1753 4182 quoad
1791 4103 2182 4182 cognitionem
2208 4103 2683 4181 apprehensivam
2724 4111 2785 4163 et

367 4185 687 4246 noeticam:
771 4185 921 4244 Nam
947 4185 1044 4244 vel
1073 4193 1220 4245 teste
1247 4185 1373 4263 ipso
1403 4185 1588 4244 Paulo
1614 4203 1761 4262 opus
1790 4185 1967 4262 Legis
1995 4185 2077 4244 ita
2102 4184 2453 4261 insculptum
2480 4191 2571 4243 est
2596 4182 2781 4242 cordi-

366 4267 478 4326 bus
507 4265 803 4342 Gentium,
845 4273 914 4325 ut
956 4267 1164 4325 natura
1201 4265 1416 4325 faciant
1458 4285 1590 4342 quse
1627 4273 1763 4326 sunt
1791 4265 2003 4343 Legis3
2044 4264 2199 4324 unde
2227 4263 2443 4342 duplex
2490 4263 2785 4340 Scriptura

365 4346 582 4424 legitur
607 4346 670 4404 in
711 4345 882 4405 eorde
909 4345 1194 4422 hominis;
1238 4345 1380 4404 Alia
1400 4345 1514 4405 Dei
1539 4346 1602 4404 in
1617 4345 1877 4424 reliquiis
1904 4344 2174 4423 imaginis
2194 4365 2315 4404 suae
2342 4353 2401 4403 et
2430 4344 2589 4421 Lege
2616 4352 2780 4404 natu-

367 4426 510 4502 rali3
553 4425 694 4484 Alia
723 4425 956 4484 Diaboli
983 4445 1088 4503 per
1113 4434 1430 4504 peccatum.

449 4506 604 4565 XII.
649 4505 819 4581 Quod
839 4506 1099 4566 naturale
1126 4516 1216 4566 est
1243 4503 1564 4586 subjective
1581 4514 1640 4565 ct
1660 4504 2032 4566 constitutive
2059 4525 2285 4584 semper
2304 4504 2505 4564 eodem
2533 4502 2705 4560 modo
2723 4521 2785 4561 se

367 4587 574 4662 habet3
623 4586 740 4646 Sed
781 4606 897 4648 non
937 4586 1094 4664 quod
1121 4587 1236 4648 tale
1278 4595 1368 4648 est
1394 4587 1733 4666 qualitative
1774 4595 1833 4646 et
1874 4586 2259 4662 consecutive,
2302 4603 2437 4644 nam
2477 4581 2786 4661 qualitates
