3300 5225
513 350 628 409 344
1553 364 1735 408 Locus
1764 363 2053 415 (ausurus.
2526 341 2774 427 [QuAEs'r.
2806 367 2933 410 xiv.

515 509 592 568 sd
645 527 794 588 quos
845 529 962 568 non
1017 517 1238 587 spectet
1291 507 1615 587 promissio,
1672 506 1773 566 alii
1808 507 1929 586 filii
1971 507 2376 584 promissionis,
2434 506 2495 565 in
2542 507 2755 584 quibus
2810 519 2939 570 rata

516 599 633 666 est3
677 590 834 667 quod
877 589 1132 649 declarat
1175 590 1443 668 exemplo
1487 588 1723 666 gemino
1760 588 1958 646 Isaact‘
1996 594 2058 645 et
2083 587 2357 662 Imaezis,
2386 588 2595 646 Jaoohi
2628 595 2687 648 et
2718 590 2937 662 Enni,-

519 669 598 730 Et
625 671 763 748 quia
788 670 850 728 in
876 670 989 728 hoc
1016 677 1140 730 eret
1165 670 1384 748 paritas
1411 688 1636 729 summa
1660 667 1813 727 inter
1851 666 2059 726 fratres
2098 687 2175 726 ex
2200 686 2317 726 uno
2347 666 2519 726 Patre
2546 677 2605 727 et
2636 669 2843 744 Matre,
2875 679 2937 729 et

517 769 636 809 uno
663 757 945 827 conceptu
972 750 1220 827 genitOS,
1251 769 1484 810 causam
1525 745 1765 826 exponit
1806 747 2153 806 discriminis
2180 746 2331 805 inter
2358 747 2533 824 ipsos,
2563 767 2681 807 non
2708 749 2771 807 in
2797 768 2933 827 ope·

516 831 678 890 ribus
707 831 874 889 bonis
901 830 998 888 vel
1038 831 1208 890 malis
1247 829 1548 906 utriusque
1586 827 1867 906 praevisis,
1898 826 2004 886 sed
2028 827 2091 884 in
2132 826 2255 885 solo
2286 826 2399 885 Dei
2436 829 2751 906 preposite,
2780 830 2935 888 hunc

517 910 766 970 amantis
791 919 852 970 et
879 910 1164 987 eligentis,
1196 909 1364 969 illum
1391 928 1533 968 vero
1573 907 1707 967 odio
1748 906 2016 966 habentis
2058 914 2118 965 et
2156 906 2558 983 reprobantis:
2604 907 2776 969 Unde
2818 929 2934 967 non

519 990 781 1068 sequitur
806 991 961 1050 idem
987 990 1180 1049 locum
1206 989 1422 1048 habere
1447 1007 1618 1065 posse
1645 995 1912 1064 respectu
1938 987 2195 1045 omnium
2234 994 2613 1064 posterorum,
2644 989 2813 1066 quasi
2837 990 2933 1048 vel

518 1070 736 1146 posteri
762 1071 807 1130 J
807 1069 975 1130 scobi
1002 1089 1204 1128 omnes
1231 1069 1387 1146 eligi,
1418 1067 1514 1126 vel
1557 1067 1775 1145 posteri
1803 1066 1984 1125 Essvi
2024 1085 2225 1125 omnes
2266 1067 2564 1145 reprobari
2590 1067 2932 1146 debuerint;

519 1150 658 1226 quia
683 1170 802 1210 non
841 1157 931 1209 est
971 1169 1078 1226 par
1117 1149 1265 1209 ratio
1306 1167 1504 1208 eorum
1531 1167 1665 1224 quse
1708 1147 1770 1205 in
1799 1145 2081 1222 Oraculis,
2109 1145 2399 1222 historice,
2432 1156 2491 1206 et
2516 1168 2649 1224 quae
2690 1149 2933 1226 mystice

519 1230 917 1289 enuncientur.
963 1229 1056 1288 Ita
1077 1229 1306 1288 Essvus
1321 1227 1594 1287 historice
1615 1227 1827 1304 jugum
1844 1225 2160 1300 servitutis,
2182 1246 2289 1285 nec
2316 1226 2510 1300 subiit,
2530 1247 2638 1287 nec
2658 1230 2934 1302 excussit,

519 1309 623 1368 sed
641 1309 884 1386 mystice
903 1308 1096 1385 subiit,
1119 1316 1177 1367 et
1203 1327 1502 1386 nunquam
1517 1307 1793 1384 excussit,
1814 1315 1880 1366 ut
1896 1306 2123 1366 firmum
2140 1316 2397 1366 maneret
2419 1306 2533 1366 Dei
2558 1309 2935 1386 propositum.

521 1435 530 1444 .
601 1389 760 1448 XX.
805 1389 1092 1465 Secunde,
1116 1387 1265 1464 Quia
1290 1387 1618 1466 reprobatio
1644 1387 1996 1464 temporalis,
2017 1405 2147 1463 quae
2164 1393 2255 1446 est
2281 1395 2445 1446 setus
2462 1388 2751 1447 transiens
2770 1397 2935 1448 extra

523 1470 730 1544 Deum,
760 1477 852 1528 est
877 1489 913 1528 a
940 1470 1066 1529 solo
1091 1469 1476 1548 beneplacitO,
1501 1487 1643 1546 ergo
1670 1467 1855 1526 multo
1881 1466 2071 1542 magis
2098 1475 2329 1543 aeterna,
2359 1485 2491 1544 quse
2518 1476 2610 1526 est
2635 1476 2801 1528 actus
2826 1468 2930 1526 im-

519 1568 760 1608 manens
785 1549 847 1606 in
879 1551 1044 1624 Deo;
1087 1557 1248 1626 petet
1287 1569 1365 1608 ex
1393 1549 1564 1608 Matt.
1593 1547 1676 1606 xi.
1707 1549 1803 1622 25,
1834 1545 1937 1606 ubi
1964 1546 2229 1606 Christus
2270 1566 2503 1606 eausam
2544 1549 2932 1625 revelationis,

521 1638 581 1688 et
621 1629 1022 1689 occultationis
1065 1628 1470 1706 mysteriorum
1513 1627 1689 1686 refert
1728 1626 1805 1686 sd
1846 1626 2025 1686 solam
2073 1623 2303 1700 εὐδοκῶ»,
2346 1627 2547 1686 Etiam
2572 1630 2769 1704 Pater,
2800 1631 2935 1705 quia

513 1709 742 1786 placuit
767 1709 878 1768 uzi.
937 1709 1060 1768 Nec
1086 1709 1204 1767 dici
1229 1716 1439 1786 potest,
1469 1707 1588 1766 Vel
1613 1707 1725 1766 hoc
1752 1706 1829 1766 ad
1854 1715 2105 1766 eventum
2132 1716 2374 1783 tantum,
2405 1726 2522 1766 non
2550 1707 2627 1766 ed
2654 1708 2769 1766 Dei
2796 1729 2933 1767 con-

522 1789 716 1848 silium
743 1789 1030 1866 pertinere
1053 1810 1068 1864 ;
1111 1808 1247 1846 nam
1274 1787 1454 1847 verba
1481 1787 1608 1864 ipsa
1633 1786 1807 1844 nimis
1834 1787 1991 1845 clara
2017 1794 2153 1846 sunt
2180 1805 2354 1863 quam
2381 1795 2446 1848 ut
2472 1787 2595 1846 ulla
2621 1787 2934 1866 sophistica

521 1868 748 1947 possint
774 1867 959 1928 eludi:
989 1868 1107 1928 Vel
1121 1867 1368 1927 revelari
1375 1867 1655 1944 parvulis,
1678 1864 1759 1924 id.
1788 1865 1860 1925 iis
1876 1866 1977 1943 qui
1998 1867 2203 1926 dociles
2230 1875 2380 1942 sunt,
2400 1867 2568 1943 probi
2585 1875 2645 1928 et
2662 1866 2931 1943 humiles,

521 1957 582 2009 et
609 1949 886 2008 occultari
904 1949 1260 2025 sapientibus,
1279 1947 1360 2006 id.
1378 1947 1479 2025 qui
1498 1946 1745 2025 propriae
1772 1945 2067 2023 sapientise
2088 1945 2357 2023 opinione
2378 1946 2597 2025 turgidi
2621 1947 2939 2025 pertinacia

522 2048 629 2088 sua
667 2027 815 2086 fiunt
857 2028 1137 2088 indociles
1181 2036 1240 2088 et
1282 2026 1663 2102 incurabiles3
1728 2025 1879 2085 Nam
1919 2025 2101 2104 gratis
2142 2025 2485 2104 supponitur
2521 2031 2801 2104 parvulos
2836 2029 2935 2088 hic

521 2108 789 2184 humiles,
818 2116 878 2167 et
916 2108 1064 2167 bene
1114 2106 1426 2186 dispositos
1465 2114 1685 2166 notare.
1734 2109 1785 2165 1.
1816 2105 1953 2184 quia
1980 2106 2169 2184 gratis
2210 2105 2460 2166 humiles
2500 2105 2655 2184 facit,
2684 2127 2803 2166 non
2845 2108 2933 2167 in·

522 2187 701 2264 venit,
746 2191 804 2247 2.
832 2187 1026 2265 agitur
1050 2188 1148 2248 hic
1175 2187 1249 2247 de
1275 2187 1460 2263 initio,
1490 2207 1608 2245 non
1635 2185 1709 2246 de
1736 2187 2089 2246 incremento
2116 2185 2270 2262 fidei,
2314 2189 2372 2246 3.
2400 2185 2609 2246 mirum
2634 2207 2755 2246 non
2780 2191 2937 2248 esset

523 2268 714 2327 Deum
742 2287 805 2362 se
832 2267 1136 2344 docilibus,
1183 2268 1378 2346 potius
1404 2287 1578 2360 quam
1623 2265 1889 2370 superbis
1930 2265 2207 2360 revelare,
2252 2267 2420 2344 cujus
2447 2267 2594 2360 rstio
2620 2275 2797 2345 patet,
2826 2288 2935 2362 nec

519 2347 836 2505 3333:
848 2343 2851 2507 ‘'223¹'‘ssssssssssssss0¹?1Z'S‘giso1ffffiaefffusspffiis‘ffinffiffff'¹²¹,
2833 2368 2933 2488 331

515 2507 582 2565 in
624 2507 1044 2568 substractione
1085 2508 1288 2586 gratiae
1328 2507 1557 2584 oblatae,
1589 2506 1695 2566 sed
1736 2507 1968 2584 rejectae
2009 2515 2069 2566 et
2109 2513 2490 2584 contempta,
2536 2507 2620 2567 sic
2646 2507 2761 2567 ists
2783 2507 2935 2568 bene

521 2586 734 2647 dicitur
759 2586 885 2647 fieri
912 2587 988 2647 ob
1013 2597 1332 2666 peccatum,
1361 2586 1500 2666 quis
1524 2594 1615 2648 est
1641 2593 1807 2647 ectus
1827 2586 2071 2665 justitiae
2096 2586 2409 2665 punientis,
2438 2585 2541 2647 sed
2568 2587 2686 2663 ills,
2716 2587 2793 2647 de
2818 2607 2935 2666 qua

522 2667 618 2727 hic
646 2666 854 2744 agitur,
885 2676 976 2727 est
1001 2675 1168 2727 actus
1193 2668 1428 2743 domini,
1459 2668 1560 2745 qui
1587 2666 1662 2726 de
1690 2686 1797 2725 suo
1823 2666 1963 2726 fecit
1989 2667 2147 2745 quod
2172 2668 2319 2727 vult.

605 2747 796 2806 XXI.
839 2747 1051 2822 Terti0,
1084 2747 1236 2823 Quis
1258 2746 1570 2807 infidelitas
1597 2757 1688 2806 est
1714 2766 2073 2823 consequens
2102 2745 2583 2825 Reprobstionis:
2626 2748 2787 2825 Ergo
2806 2768 2927 2808 non

521 2835 715 2905 potest
754 2846 882 2886 eam
908 2827 1268 2904 praecedere3
1325 2828 1643 2904 Propterea
1668 2847 1765 2886 vos
1790 2848 1905 2885 non
1930 2828 2153 2902 audias,
2184 2828 2322 2905 quia
2358 2848 2474 2886 non
2514 2828 2641 2887 estis
2678 2848 2755 2887 ex
2778 2830 2927 2902 Dec,

523 2906 714 2985 inquit
743 2906 1024 2983 Christus,
1055 2908 1100 2967 J
1102 2928 1155 2966 0.
1184 2907 1306 2966 viii.
1337 2912 1434 2981 47,
1464 2907 1541 2966 ad
1568 2906 1911 2981 Pharisaeos,
1942 2914 2003 2967 et
2028 2928 2090 2965 x.
2118 2909 2214 2982 26,
2249 2908 2361 2966 Vos
2382 2927 2497 2967 non
2522 2908 2763 2985 creditis,
2794 2909 2931 2984 quia

525 3008 638 3047 non
657 2986 784 3046 estis
800 3006 877 3046 ex
891 2988 1078 3047 ombus
1108 2986 1254 3062 meis,
1285 2987 1349 3046 id
1375 2996 1480 3064 est,
1511 3006 1629 3046 non
1660 2986 1803 3045 estis
1822 3006 1899 3045 ex
1919 3006 2159 3047 numero
2178 2987 2511 3063 electorum,
2535 2994 2594 3047 et
2620 3008 2671 3047 c.
2700 2988 2807 3046 xii.
2828 2990 2925 3063 39,

524 3069 622 3141 40,
642 3067 961 3142 Prspterea
979 3087 1092 3125 non
1107 3076 1383 3143 poterant
1405 3070 1650 3142 credere,
1684 3066 1821 3144 quia
1848 3067 1994 3125 dau-it
2018 3066 2225 3142 Isaiae,
2256 3067 2558 3126 eoecaecavit
2574 3070 2761 3127 oculos
2781 3067 2926 3145 ipso·

525 3166 673 3221 rum,
701 3142 841 3223 &c.;
881 3146 1018 3205 hinc
1047 3148 1254 3206 Petrus
1290 3145 1433 3207 dicit
1463 3148 1733 3223 reprobos
1762 3147 1979 3223 positos
2006 3167 2120 3206 esse
2159 3150 2243 3206 ad
2278 3149 2521 3207 ἐκπίομαι
2566 3151 2651 3223 1“’,
2696 3168 2747 3207 c.
2777 3148 2837 3206 ii.
2866 3150 2925 3207 8.

527 3226 652 3285 Nec
677 3224 854 3285 ullius
883 3234 974 3285 est
997 3225 1270 3304 ponderis
1296 3226 1456 3304 quod
1481 3226 1783 3305 excipitur,
1829 3226 1929 3287 Jo.
1958 3226 2080 3285 viii.
2111 3230 2207 3303 47,
2240 3235 2299 3288 et
2325 3248 2385 3286 x.
2416 3231 2511 3303 26,
2543 3227 2691 3285 nihil
2726 3227 2927 3287 haberi

449 3356 454 3363 .
524 3304 598 3364 de
625 3324 688 3365 re
727 3305 1042 3383 robatione‚
1074 3305 1179 3367 sed
1203 3314 1430 3366 tantum
1471 3307 1667 3366 doceri
1706 3326 1823 3381 eos,
1854 3306 1957 3385 qui
1994 3326 2114 3366 non
2153 3316 2291 3366 sunt
2317 3305 2551 3383 dociles,
2582 3315 2643 3367 et
2668 3306 2928 3367 discendi

525 3385 661 3463 cupi
704 3384 738 3461 ‘,
787 3385 890 3445 sed
933 3386 1232 3447 contrariis
1275 3386 1578 3447 effectibus
1619 3394 1679 3447 et
1718 3386 1879 3445 vitiis
1919 3395 2187 3465 aguntur,
2217 3394 2417 3446 contra
2458 3406 2687 3447 omnem
2712 3395 2928 3447 rectum

523 3467 822 3543 rationem,
851 3486 970 3525 non
995 3486 1166 3545 posse
1206 3468 1405 3527 audire
1447 3486 1771 3527 sermonem
1799 3466 2031 3541 Christi,
2062 3487 2169 3526 nec
2210 3468 2265 3527 ei
2305 3466 2554 3544 credere,
2584 3487 2713 3545 quae
2755 3486 2929 3527 censs

525 3546 617 3623 sit,
649 3564 753 3606 cur
777 3565 896 3606 non
937 3546 1052 3606 sint
1092 3568 1167 3606 ex
1197 3548 1342 3625 Deo,
1386 3546 1492 3607 sed
1531 3566 1608 3607 ex
1637 3547 1905 3607 Diabolo.
1990 3547 2139 3606 Nam
2180 3547 2743 3625 praeterquamquod
2781 3546 2928 3607 falso

525 3628 865 3704 supponitur
885 3627 1010 3685 dari
1037 3627 1098 3685 in
1122 3628 1354 3688 homine
1395 3627 1650 3705 aliquem
1678 3626 2113 3704 dispositionem
2154 3624 2229 3685 ad
2259 3626 2433 3686 fidem
2470 3636 2777 3703 antequam
2806 3644 2925 3685 cre·

524 3707 642 3782 dat,
673 3707 756 3766 sic
783 3708 1090 3767 invertitur
1117 3708 1332 3767 Christi
1371 3708 1574 3783 oratic,
1617 3706 1719 3784 qui
1761 3726 1879 3765 non
1906 3705 2063 3779 dicit,
2108 3724 2209 3765 eos
2248 3726 2368 3765 non
2406 3726 2533 3767 esse
2575 3726 2653 3765 ex
2679 3707 2825 3782 Dec,
2868 3714 2929 3783 et

525 3806 666 3845 oves
716 3786 946 3863 Christi,
995 3786 1131 3864 quis
1173 3807 1292 3846 non
1339 3787 1598 3863 credunt,
1652 3786 1757 3847 sed
1803 3806 1921 3846 non
1964 3785 2215 3861 credere,
2260 3786 2398 3863 quia
2444 3806 2561 3846 non
2604 3796 2741 3846 sunt
2787 3805 2927 3845 oves

526 3864 742 3924 Christi
769 3873 828 3923 et
855 3886 930 3924 ex
960 3867 1104 3941 Dec,
1134 3867 1274 3925 nim.
1302 3866 1440 3944 quia
1463 3887 1502 3925 a
1530 3868 1658 3927 Deo
1700 3876 1836 3927 sunt
1874 3866 2167 3944 praeteriti,
2196 3866 2258 3925 in
2285 3866 2565 3927 electione
2600 3886 2799 3926 eorum
2826 3867 2927 3945 qui

525 3944 648 4003 dati
675 3950 810 4003 sunt
831 3944 1076 4019 Christe,
1105 3954 1173 4004 ut
1201 3946 1317 4004 sint
1343 3946 1468 4023 ejus
1498 3966 1656 4005 oves.
1730 3946 1907 4005 Falso
1934 3946 2110 4005 etiam
2138 3947 2359 4019 volunt,
2390 3948 2434 4007 J
2436 3966 2489 4005 0.
2519 3946 2621 4005 xii.
2652 3948 2749 4023 39,
2779 3945 2927 4005 nihil

525 4022 683 4082 aliud
711 4021 969 4097 indicari,
999 4044 1172 4100 quam
1214 4024 1491 4103 populum
1518 4026 1685 4085 illum
1726 4026 2121 4086 commeritum
2162 4046 2307 4102 esse,
2337 4034 2404 4086 ut
2435 4025 2496 4085 in
2525 4046 2631 4086 sua
2669 4027 2927 4085 caecitate

525 4111 584 4161 et
612 4111 844 4179 stupore
861 4102 1294 4179 relinqueretur,
1319 4112 1378 4164 et
1403 4104 1556 4163 hanc
1583 4104 1867 4163 actionem
1895 4106 2183 4183 poenalem
2210 4106 2405 4182 fuisse,
2436 4116 2670 4184 propter
2688 4114 2929 4184 peccata

524 4179 924 4259 praecedentia,
955 4200 1072 4241 non
1100 4202 1176 4240 ex
1209 4183 1334 4241 solo
1351 4183 1730 4262 beneplacito·
1776 4184 1850 4243 R.
1884 4186 2001 4244 Sed
2028 4186 2445 4264 qualiscunque
2470 4186 2644 4245 fuerit
2670 4184 2927 4245 conditio

521 4260 738 4339 populi,
767 4269 964 4319 manet
991 4280 1216 4338 semper
1241 4282 1460 4337 verum,
1485 4264 1905 4323 contumaciam
1932 4264 2061 4343 ejus
2089 4274 2344 4326 secutam
2374 4266 2552 4325 fuisse
2579 4266 2711 4343 ejus
2738 4286 2923 4325 excae·

521 4340 824 4415 ostionem,
847 4346 1020 4417 atque
1041 4340 1187 4400 adeo
1215 4362 1332 4401 non
1359 4342 1766 4403 antecedenter
1792 4364 1855 4404 se
1882 4344 2153 4405 habuisse
2183 4346 2259 4405 ad
2286 4346 2415 4423 ejus
2442 4345 2923 4422 reprobationem.

523 4420 809 4523 Denique,
831 4418 1026 4521 quosd
1064 4421 1274 4497 locum,
1312 4424 1340 4480 1
1374 4422 1506 4516 Pet,
1529 4422 1590 4482 ii.
1619 4424 1675 4499 8,
1706 4442 2005 4518 perperam
2038 4426 2249 4519 volunt
2286 4445 2387 4485 eos
2428 4426 2651 4519 positos
2692 4425 2817 4518 dici·
2848 4424 2925 4484 ad

518 4500 1452 4660 ffifflfttzzzzzzssssssssgussss
1463 4505 2927 4645 εέξίᾟὲἕἔῖὶἰιῗὲῖεῗέἓᾷἳεἶίἳὲῗθῑῗὲἱωπῗιῖᾀ

519 4662 644 4738 ipsa
687 4660 1034 4719 contrarium
1074 4662 1364 4737 evincunt,
1411 4664 1509 4739 qui
1550 4664 1836 4737 (fiendum
1875 4668 1959 4725 ad
1992 4685 2298 4724 sermonem
2340 4670 2654 4740 ἀπειθοῦντες,
2696 4668 2755 4729 εἰς
2787 4664 2811 4722 ἰ’
2836 4668 2927 4723 καὶ
