3300 5225
309 322 549 371 ασκεω.
579 300 693 381 11,]
1404 319 1483 359 m:
1512 318 1787 360 Axenus.
2611 311 2732 368 505·

314 462 607 521 Ecclesiae
634 458 1065 535 restauratione,
1097 466 1157 517 et
1197 464 1357 517 stans
1384 458 1445 520 in
1472 460 1770 535 procinctu
1811 461 1887 520 ad
1933 463 2310 541 pugnandum
2354 484 2458 543 pro
2502 466 2646 544 ipsa,
2676 476 2736 528 et

312 542 563 619 quidem
588 542 735 599 inter
762 548 987 615 myrtos,
1018 539 1097 596 id.
1126 538 1187 595 in
1216 538 1495 615 Ecclesia,
1527 540 1637 599 hac
1665 539 1845 599 debili
1871 542 1932 599 in
1955 544 2202 621 speciem
2230 545 2444 622 planta,
2476 547 2579 606 sed
2607 566 2732 624 pre-

314 622 479 681 tiosa
518 630 577 680 et
604 639 829 698 semper
855 618 1145 695 fragrante
1190 626 1247 677 et
1290 619 1531 695 virente,
1582 620 1730 679 bene
1779 620 2151 700 adumbrata;
2199 625 2292 683 cui
2339 625 2736 703 adjunguntur

314 701 549 779 Angeli
573 700 738 776 varii,
768 708 835 759 ut
859 698 1123 774 ministri,
1138 698 1239 775 qui
1266 698 1355 757 illi
1380 699 1660 757 rationem
1688 700 1926 760 reddere
1955 710 2240 779 tenentur,
2255 724 2310 761 v.
2336 708 2427 781 11,
2460 726 2736 783 equorum

316 781 617 841 variorum
646 779 987 839 emblemate
1015 777 1305 855 descripti,
1336 778 1413 837 ad
1438 779 1814 855 multiplicem
1845 781 1958 840 Dei
1985 803 2125 860 erga
2149 784 2412 843 homines
2441 785 2736 863 dispensa-

318 860 543 920 tionem
570 858 1005 937 designandam.
1050 858 1201 916 Nam
1226 866 1292 917 ut
1318 860 1452 935 equi
1480 862 1593 938 rufi
1615 868 1822 919 notant
1846 861 2228 923 instrumenta
2255 865 2596 941 severitati-⁴1,
2625 868 2744 925 albi

319 941 567 1017 gratiae3
609 940 693 999 ita
717 938 997 1015 var-ieyaoe‘
1020 946 1155 997 sunt
1182 938 1446 1015 symbola
1472 940 1846 1015 correctionis,
1877 962 2006 1017 quse
2053 943 2410 1021 benignitate
2438 954 2497 1004 et
2525 946 2738 1005 severi-

316 1028 441 1079 tate
469 1028 587 1089 tem
660 1027 835 1079 ratur.
2473 1048 2482 1057 ·

410 1100 495 1158 X.
541 1040 733 1159 Lffzus
760 1099 803 1159 J
806 1098 903 1157 obi
930 1096 1141 1157 miii.
1172 1100 1267 1172 23,
1313 1116 1429 1155 non
1455 1096 1593 1155 facit
1619 1116 1726 1175 pro
1753 1098 2164 1161 intercessione
2193 1100 2572 1180 Angelorum,
2605 1104 2742 1182 quia

322 1200 446 1237 non
472 1180 665 1257 agitur
692 1179 775 1237 ibi
802 1178 875 1237 de
918 1180 1137 1255 Anqelo
1182 1175 1497 1235 secundum
1546 1186 1828 1254 naturam,
1869 1180 1974 1238 sed
2015 1186 2240 1241 tantum
2280 1183 2594 1243 secundum
2623 1186 2740 1256 effi·-

326 1260 475 1317 cium
493 1284 519 1331 ,·
546 1279 655 1317 nec
681 1259 755 1317 de
776 1258 1069 1317 oblatione
1094 1276 1345 1334 precum,
1366 1275 1495 1332 quse
1510 1255 1613 1315 fiat
1632 1258 1760 1315 Deo
1781 1278 1817 1316 a
1831 1268 1994 1336 parte
2015 1261 2282 1336 hominis,
2309 1262 2412 1319 sed
2429 1262 2501 1321 de
2519 1282 2739 1321 annun-

327 1338 575 1397 ciatione
604 1338 921 1397 voluntatis
951 1336 1079 1413 Dei,
1100 1356 1229 1414 quae
1256 1336 1359 1394 fiat
1384 1335 1605 1395 homini
1630 1357 1668 1396 a
1693 1346 1856 1415 parte
1885 1340 2016 1398 Dei.
2059 1344 2116 1399 2.
2145 1343 2268 1419 γὺυ
2296 1344 2424 1419 '1⁸¹²’
2451 1362 2569 1400 non
2595 1342 2742 1402 bene

322 1416 569 1477 refertur
595 1418 671 1475 ad
700 1416 1015 1493 Angelum,
1044 1416 1183 1493 quia
1208 1412 1439 1474 additur
1464 1436 1606 1474 unm
1634 1436 1708 1475 ex
1727 1418 1875 1477 mille
1901 1418 1977 1477 ad
1992 1420 2284 1479 raritatem
2301 1422 2540 1480 istorum
2558 1424 2740 1480 moni-

320 1504 515 1556 torum
542 1496 979 1575 designandam,
1008 1502 1075 1555 ut
1099 1495 1205 1553 vix
1252 1514 1327 1553 ex
1376 1495 1533 1554 mille
1560 1516 1712 1555 unus
1738 1499 2071 1574 reperiatur,
2102 1500 2198 1558 vel
2225 1500 2300 1559 ad
2327 1520 2525 1559 eorum
2553 1501 2740 1561 delec-

326 1584 450 1635 tum
477 1575 823 1653 faciendum,
870 1594 1003 1634 cum
1030 1594 1231 1634 omnes
1275 1574 1495 1651 Angeli
1522 1574 1639 1634 sint
1685 1576 1832 1635 tales
1861 1578 2303 1655 dispensatores,
2333 1580 2646 1656 prudentes
2687 1590 2744 1641 et

326 1655 545 1731 fideles,
576 1657 677 1733 qui
704 1657 815 1715 hoc
842 1662 1087 1733 possunt
1104 1654 1309 1714 sedulo
1322 1661 1613 1732 praestare.
1697 1658 1754 1715 3.
1788 1656 2100 1716 Commode
2129 1658 2476 1735 intelligitur
2501 1659 2574 1719 de
2603 1681 2743 1738 quo-

328 1734 419 1793 vis
465 1736 577 1794 Dei
620 1736 901 1811 ministre,
952 1736 1055 1813 qui
1101 1742 1257 1793 recte
1300 1733 1513 1792 dicitur
1548 1737 1700 1812 -ῃὸισ,
1743 1736 1822 1794 id.
1872 1737 2104 1796 nuncius
2133 1758 2236 1797 seu
2280 1738 2510 1815 legatus
2553 1760 2590 1799 a
2619 1742 2747 1799 Deo

326 1814 556 1890 missus,
608 1824 673 1873 ut
701 1835 852 1893 saepe
881 1814 1037 1890 alibi,
1070 1814 1281 1872 Malae.
1311 1814 1371 1872 ii.
1403 1816 1459 1887 ’1,
1490 1812 1678 1891 Apoc.
1707 1815 1746 1875 i.
1777 1819 1872 1891 20,
1905 1824 1964 1875 et
2005 1819 2152 1892 225»,
2183 1817 2262 1876 id.
2291 1818 2567 1895 interpres
2607 1821 2744 1879 divi-

328 1914 417 1952 nae
440 1897 755 1970 voluntates,
787 1895 887 1972 qui
914 1894 1010 1952 hic
1056 1892 1349 1951 inducitur
1395 1893 1615 1951 homini
1661 1905 2028 1971 peccatorum
2075 1916 2310 1956 suorum
2353 1907 2414 1957 et
2447 1918 2746 1975 poenarum

326 1993 395 2033 ac
448 1974 893 2051 castigationum
934 1973 1258 2032 divinarum
1308 1990 1481 2030 seusu
1522 1973 1766 2050 dejecto,
1811 1977 2166 2035 annuncians
2213 1998 2320 2036 nwe-
2366 1981 2748 2039 rectitudinem

326 2074 507 2129 suam,
538 2053 619 2113 id.
648 2053 899 2113 officiu'm
936 2053 1093 2130 quod
1134 2053 1297 2111 Deus
1342 2050 1417 2110 ab
1466 2071 1535 2110 eo
1580 2052 1784 2129 exigit,
1815 2062 1880 2113 ut
1907 2056 2138 2113 veniam
2167 2056 2441 2133 obtineat,
2474 2058 2744 2118 nimirum

327 2133 499 2193 fidem
528 2142 587 2193 et
614 2134 1085 2210 resipiscentiam,
1129 2151 1304 2209 quam
1346 2139 1619 2208 sequatur
1648 2132 1760 2191 Dei
1788 2134 2096 2209 miseratio,
2129 2144 2187 2194 et
2213 2137 2570 2195 melseo-abitur
2609 2142 2742 2214 eju-3,

327 2212 549 2272 scilicet
576 2213 625 2271 si
666 2213 990 2291 resipuerit,
1032 2210 1377 2271 remittendo
1420 2211 1475 2269 ei
1518 2219 1772 2289 peccata,
1821 2221 1881 2272 et
1921 2213 2222 2290 pristinam
2271 2216 2660 2275 valetudinem
2691 2218 2744 2275 ei

187 2272 201 2281 ’
326 2292 701 2369 restituendo,
731 2300 798 2351 ut
826 2292 1125 2369 sequentia
1151 2291 1464 2350 declarant.

408 2372 531 2431 XI.
572 2371 821 2448 Angelus
860 2372 979 2449 qui,
1024 2371 1269 2448 Apocal.
1299 2370 1421 2429 viii.
1452 2374 1507 2445 3,
1554 2370 1765 2430 dicitur
1809 2374 1846 2404 “
1874 2380 2024 2431 stare
2053 2380 2184 2431 ante
2213 2394 2372 2432 aram
2399 2394 2530 2433 cum
2559 2375 2743 2434 thuri-

327 2452 468 2513 bulo
495 2472 687 2529 antec,
718 2461 778 2511 et
804 2450 899 2511 cui
918 2450 1129 2510 dautur
1156 2449 1383 2509 suffitus
1408 2450 1593 2525 multi,
1624 2458 1690 2509 ut
1717 2449 1918 2510 offerat
1945 2470 2076 2511 cum
2103 2454 2370 2530 precibus
2403 2451 2742 2513 Sanctorum

325 2531 581 2591 omnium
608 2552 781 2610 super
808 2532 987 2591 altare
1014 2548 1251 2590 aureum
1266 2530 1424 2607 quod
1452 2539 1542 2588 est
1567 2537 1701 2588 ante
1719 2531 2074 2607 Thronum,’'
2105 2552 2222 2591 non
2247 2540 2439 2610 potest
2466 2553 2594 2593 esse
2614 2534 2738 2591 An-

326 2613 495 2690 gelus
522 2621 767 2690 creatus,
818 2610 923 2672 sed
964 2613 1271 2685 increatus,
1320 2609 1585 2669 Christus
1630 2609 1852 2670 scilicet
1894 2612 1994 2688 qui
2037 2613 2148 2671 hoc
2189 2633 2424 2672 munere
2462 2615 2741 2691 fungitur.

330 2695 383 2751 1.
427 2691 577 2767 Quia
604 2692 871 2770 Angelus
899 2692 1010 2750 iste
1038 2690 1415 2767 distinguitur
1430 2689 1505 2748 ab
1526 2689 1656 2747 aliis
1685 2698 1902 2766 septem
1919 2691 2188 2768 Angelis,
2207 2693 2280 2751 de
2309 2693 2520 2771 quibus
2548 2703 2740 2753 actum

324 2771 433 2831 fuit
460 2792 521 2831 v·
548 2776 603 2848 2,
636 2781 695 2832 et
720 2773 867 2831 alius
894 2791 1021 2832 esse
1049 2770 1260 2830 dieitur
1288 2789 1404 2828 non
1430 2778 1550 2828 tam
1577 2788 1833 2844 numero,
1865 2790 2038 2848 quam
2067 2772 2275 2848 specie,
2299 2774 2548 2832 maxime
2577 2774 2646 2849 si,
2678 2784 2744 2833 ut

326 2851 559 2929 Lyrano
616 2853 821 2929 placet,
882 2851 1206 2930 septenario
1260 2867 1501 2908 numero
1554 2848 1920 2926 Angelorum
1974 2851 2320 2929 intelligitur
2371 2852 2738 2914 universitas.

324 2934 381 2989 2.
405 2931 555 3006 Quia
581 2931 851 3010 Angelus
878 2933 988 2992 iste
1014 2929 1353 3008 proponitur
1378 2937 1447 2989 ut
1476 2929 1758 3000 Sacerdos
1779 2931 1881 3007 qui
1899 2930 2150 2991 suffitum
2171 2931 2338 2992 offert
2359 2955 2376 3008 ;
2408 2932 2494 2992 At
2511 2933 2740 2993 Christo

325 3010 435 3068 soli
460 3011 573 3070 hoc
600 3011 852 3071 officium
880 3010 1023 3069 alibi
1049 3010 1393 3085 vindicatur,
1427 3009 1609 3068 Hebr.
1642 3010 1724 3068 ix·
1755 3013 1852 3086 24,
1883 3019 2082 3090 utpote
2109 3012 2210 3089 qui
2237 3032 2388 3071 unus
2415 3023 2504 3072 est
2543 3022 2742 3073 noster

324 3087 479 3166 apud
524 3090 714 3149 Deum
760 3091 1053 3149 Mediator
1094 3099 1155 3149 ct
1180 3089 1543 3164 Advocatus,
1594 3092 1625 3146 1
1677 3089 1929 3150 Timoth.
1959 3091 2020 3150 ii.
2051 3093 2106 3166 5,
2141 3100 2199 3151 et
2231 3094 2262 3148 1
2303 3092 2347 3152 J
2350 3094 2560 3152 ohann.
2589 3093 2649 3152 ii.
2684 3097 2738 3153 1.

323 3171 379 3226 3.
424 3168 574 3242 Quia
601 3170 795 3246 agitur
822 3168 895 3228 de
922 3169 1191 3247 precibus
1233 3169 1475 3228 omnium
1502 3169 1858 3244 Sanctorum,
1902 3191 2032 3247 quoe
2060 3171 2134 3229 ab
2167 3170 2402 3248 Angelo
2431 3181 2623 3232 creato
2651 3173 2735 3231 of-

321 3248 456 3308 ferri
483 3255 794 3325 nequeunt.
878 3252 935 3307 4.
980 3248 1129 3322 Quia
1176 3247 1387 3307 dicitur
1424 3249 1716 3325 accepisse
1762 3250 2120 3309 thuribulum
2149 3259 2208 3310 et
2233 3251 2564 3328 implevisse
2593 3253 2740 3312 illud

321 3329 457 3406 igne
485 3328 699 3403 altaris,
748 3337 807 3388 et
833 3327 1147 3405 projecisse
1190 3327 1251 3384 in
1299 3335 1526 3402 terram,
1574 3329 1609 3360 ‘⁴
1637 3328 1793 3386 unde
1835 3328 1988 3388 facta
2015 3331 2131 3388 sint
2156 3331 2426 3406 tonitrua,
2459 3341 2516 3390 et
2544 3352 2738 3407 voces,

322 3416 381 3467 et
406 3415 573 3466 terrae
601 3409 853 3482 motuS,”
882 3427 941 3466 v.
962 3408 1017 3482 5,
1048 3405 1206 3483 quod
1234 3406 1465 3465 Christo
1493 3405 1725 3464 demum
1755 3408 2042 3481 convenit,
2073 3409 2174 3482 qui
2201 3408 2411 3468 dicitur
2442 3413 2477 3442 “
2506 3412 2736 3470 venisse

319 3488 599 3546 missurus
616 3486 885 3563 ignemin
904 3485 1173 3562 terram,''
1197 3486 1337 3544 Luc.
1356 3485 1460 3544 xii.
1482 3487 1579 3560 49,
1600 3487 1695 3560 51,
1726 3492 1959 3563 propter
1975 3486 2216 3545 dissidia
2235 3495 2293 3546 et
2321 3489 2734 3566 contentiones,

322 3586 451 3644 quse
478 3574 714 3643 propter
740 3566 1127 3644 Evangelium
1156 3585 1231 3623 ex
1259 3565 1555 3624 hominum
1582 3564 1806 3624 malitia
1830 3573 1982 3624 natae
2009 3573 2160 3640 sunt,
2180 3574 2246 3624 ut
2271 3566 2424 3624 idem
2452 3567 2606 3644 ignis
2633 3569 2735 3645 qui

321 3648 537 3706 electos
562 3645 723 3705 fovet
749 3654 809 3706 et
834 3654 1061 3723 purgat,
1104 3645 1303 3704 hostes
1346 3653 1568 3720 exurat,
1620 3653 1680 3704 ct
1723 3653 2039 3720 consumat,
2091 3645 2292 3704 eadem
2335 3665 2490 3704 mors
2519 3647 2734 3707 Christi

320 3727 451 3784 aliis
479 3725 647 3785 cedat
673 3727 736 3783 in
762 3727 1025 3801 salutem,
1046 3724 1175 3784 aliis
1202 3724 1263 3783 in
1290 3724 1846 3785 condemnationem.
1918 3724 2220 3784 Inducitur
2247 3745 2386 3802 ergo
2412 3726 2508 3784 hic
2537 3727 2730 3787 Chris-

319 3815 413 3865 tus
440 3825 689 3882 magnus
716 3805 815 3865 ille
840 3805 1127 3883 'Angelus
1172 3804 1423 3880 foederis,
1470 3811 1537 3862 ut
1563 3823 1822 3863 summus
1853 3803 2124 3864 Pontifex
2153 3805 2225 3864 N.
2255 3804 2432 3880 Test.,
2465 3805 2564 3882 qui
2613 3807 2729 3866 suf-

318 3885 425 3944 fitu
446 3905 567 3960 su0,
588 3885 667 3945 id.
696 3885 888 3945 meriti
916 3887 1005 3944 sui
1034 3883 1221 3962 εὐωδίᾳ,
1251 3904 1453 3962 preces
1478 3891 1708 3944 nostras
1735 3882 1902 3943 offert
1932 3885 2076 3960 Deo,
2107 3891 2168 3943 et
2191 3892 2458 3962 acceptas
2485 3885 2571 3943 illi
2599 3886 2728 3945 red-

318 3965 419 4040 dit,
451 3965 735 4058 allusione
760 3965 913 4025 facta
956 3965 1033 4024 ad
1063 3965 1433 4058 Sacerdotem
1468 3963 1730 4058 typicum
1759 3964 1895 4024 Vct.
1918 3963 2008 4040 Τ.,
2037 3965 2140 4042 qui
2166 3964 2583 4024 intercessurus
2622 3985 2729 4043 pro

316 4045 2302 4202 §.⁰¹33.⁰;:¹3.¹³{¹.¹{‚¹2¹1?t33‘²⁰1‹“0¹2pfl¹12?522},¹2{ffisspsslaepotzffi.
2325 4044 2728 4200 Bzssffiffi

316 4212 411 4263 tus
438 4224 733 4281 nunquam
761 4205 845 4264 ita
883 4205 1147 4264 obsolute
1177 4213 1449 4278 vocetur;
1495 4204 1859 4264 Contrarium
1887 4205 2040 4264 enim
2068 4211 2228 4280 patet
2253 4224 2329 4263 ex
2359 4205 2508 4264 Gen.
2539 4205 2728 4265 xlviii.

322 4286 415 4344 16.
498 4289 556 4342 2.
588 4284 758 4358 Quod
785 4285 1175 4361 distinguatur
1204 4283 1473 4360 Angelus
1496 4284 1603 4344 iste
1631 4284 1706 4342 ab
1733 4285 1901 4343 altari
1930 4303 2121 4359 aure0,
2153 4284 2311 4362 quod
2337 4285 2416 4344 sit
2443 4285 2724 4344 Christus.

316 4364 465 4438 Quia
492 4373 711 4422 certum
740 4373 830 4423 est
854 4365 1067 4424 multos
1094 4373 1267 4440 typos
1296 4364 1469 4422 simul
1496 4363 1571 4422 ad
1588 4364 1882 4422 Christum
1905 4365 2204 4442 respicere,
2227 4364 2310 4423 ita
2327 4372 2392 4423 ut
2411 4364 2726 4423 secundum

316 4445 507 4502 varias
534 4446 739 4519 σχίσας,
771 4452 829 4503 et
856 4465 959 4521 per
990 4442 1357 4502 Sacerdotem
1398 4443 1842 4517 thurificantem,
1879 4452 1937 4503 et
1963 4464 2066 4521 per
2093 4445 2316 4517 Altare,
2361 4452 2421 4503 et
2446 4463 2549 4521 per
2577 4443 2723 4502 Can-

198 4559 203 4564 ·
313 4523 629 4599 delabrum,
660 4533 719 4583 et
745 4543 848 4601 per
872 4543 1051 4601 panes
1078 4532 1421 4600 conspectus
1447 4509 1820 4582 adumbretur
1844 4545 1858 4582 τ
1901 4525 2178 4584 Sacerdos
2218 4531 2482 4599 respectu
2529 4541 2726 4598 perso·

318 4623 425 4680 nae,
456 4604 659 4664 Altare
700 4606 1147 4664 holocaustorum
1190 4604 1253 4662 in
1282 4603 1481 4680 Cruce,
1524 4603 1804 4677 sufflatum
1847 4604 1908 4660 in
1948 4603 2385 4678 Intercessione,
2441 4602 2721 4662 Candela-
