3300 5225
1152 672 1457 751 LOCUS
1536 673 1999 752 DECIMUS.

590 911 731 1000 DE
814 909 1247 1006 LIBERO
1321 912 1836 1008 HOMINIS
1934 914 2552 1010 ARBITRIO

1090 1171 1191 1246 IN
1248 1171 1563 1249 STATU
1618 1172 2058 1250 PEGCATI.

1208 1511 1597 1587 QUAEs'rIo
1640 1513 1934 1572 PRIMA.

361 1676 458 1734 An
480 1651 681 1732 'nomen
706 1671 903 1731 Lam-2·
924 1671 1168 1729 Arbitrii
1182 1692 1278 1730 seu
1298 1673 1605 1746 ...anama
1620 1673 1968 1732 retinendum
1987 1673 2062 1732 sce
2075 1675 2134 1732 in
2153 1673 2366 1734 schoa
2391 1669 2770 1734 Garamum

443 1755 637 1893 feta&
659 1773 830 1830 quam
852 1753 1191 1828 sactdtatem
1216 1753 1437 1830 animae,
1468 1754 1798 1813 intellectum
1823 1755 1912 1813 vel
1947 1757 2299 1831 volantatem,
2321 1755 2564 1832 proprie
2589 1751 2771 1830 perli-

447 1994 499 2052 Ι.
542 1992 773 2068 Quanta
813 2010 917 2069 per
960 1998 1262 2068 peccatum
1309 1991 1370 2049 in
1400 1991 1602 2051 Genus
1646 1992 1964 2052 humanum
2010 1992 2242 2052 invecta
2282 1993 2359 2053 sit
2400 1992 2689 2072 corruptio
2717 1992 2780 2050 in

364 2071 823 2152 praecedentibus
850 2071 1196 2148 aperuimus.
1279 2071 1550 2130 Vidimus
1577 2071 1718 2130 mali
1757 2071 1975 2132 fontem
2021 2072 2084 2130 in
2113 2073 2360 2132 Peccato
2389 2072 2674 2150 originali,
2720 2079 2780 2131 et

366 2155 525 2213 rivos
550 2151 867 2211 lutulentos
894 2149 1029 2210 inde
1058 2149 1303 2210 fluentes
1330 2149 1391 2208 in
1421 2151 1685 2210 Peccatis
1713 2149 2082 2211 ActualibuS.
2143 2152 2189 2212 J
2191 2171 2284 2210 am
2309 2154 2547 2230 propius
2573 2151 2774 2209 miser-

366 2235 547 2292 rimus
572 2231 823 2290 hominis
851 2237 1053 2305 status,
1085 2237 1144 2289 et
1170 2229 1463 2290 teterrima
1500 2230 1672 2288 liberi
1699 2230 1922 2290 arbitrii
1963 2231 2071 2291 sub
2098 2240 2335 2310 peccato
2380 2232 2631 2291 servitus
2673 2249 2773 2288 ex-

364 2311 672 2392 pendenda
698 2318 803 2369 est.
834 2310 1025 2370 Triste
1052 2309 1236 2369 fateor
1264 2307 1674 2386 spectaculum,
1707 2309 1810 2369 sed
1835 2311 2206 2370 utilissimum
2235 2320 2444 2387 tamen,
2467 2319 2525 2371 et
2552 2329 2776 2370 summe

364 2391 769 2465 necessarium,
800 2397 865 2449 ut
890 2389 1346 2467 magnitudinem
1374 2389 1621 2448 miseriae
1648 2399 1861 2450 nostrae
1887 2391 2118 2468 penitus
2145 2411 2543 2468 agnoscamus,
2566 2399 2624 2450 et
2644 2410 2774 2468 gra-

364 2474 461 2532 tiae
510 2469 871 2530 medicinalis
917 2469 1321 2540 necessitatem
1369 2470 1582 2529 certius
1630 2470 1924 2548 capiamus
1966 2479 2026 2531 et
2071 2470 2367 2530 ardentius
2415 2479 2775 2550 expetamus,

364 2553 565 2631 Atque
594 2571 663 2610 eo
691 2549 1028 2627 diligentius
1054 2549 1117 2606 id
1145 2548 1549 2627 exequendum
1576 2557 1666 2609 est
1692 2559 2113 2629 argumentum,
2137 2550 2294 2630 quod
2322 2550 2680 2630 gravissimis
2701 2550 2776 2609 ab

364 2634 523 2693 omni
569 2632 689 2692 fere
736 2650 864 2689 aevo
911 2651 946 2689 a
986 2630 1165 2688 variis
1191 2629 1565 2691 Adversariis
1613 2630 1768 2690 circa
1808 2632 1957 2691 illud
1996 2640 2168 2691 motae
2197 2633 2315 2692 sint
2357 2640 2417 2691 et
2458 2632 2774 2691 etiamnum

364 2714 538 2773 hodie
564 2718 907 2771 moveantur
936 2710 1373 2786 Controversiae,
1418 2729 1547 2787 quse
1575 2731 1790 2789 magna
1830 2711 2066 2789 ingenia
2105 2712 2350 2772 subinde
2392 2719 2776 2771 exercuerunt

364 2801 425 2853 et
452 2800 741 2853 exercent.
826 2791 906 2850 Et
932 2810 1006 2849 ne
1032 2790 1129 2849 hic
1158 2788 1641 2869 Philosophorum
1661 2791 1982 2851 Gentilium
2009 2811 2230 2851 errores
2250 2791 2596 2850 vanissimos
2617 2811 2771 2850 com-

364 2890 765 2948 memoremus,
796 2870 897 2948 qui
939 2878 1160 2929 naturae
1202 2870 1626 2947 corruptionem
1669 2870 2020 2948 ignorantes,
2049 2871 2343 2931 hominem
2380 2871 2625 2931 fortunae
2654 2890 2774 2931 suae

362 2954 592 3013 fabrum
619 2959 678 3011 et
705 2950 1083 3010 architectum
1110 2970 1238 3009 esse
1264 2970 1436 3027 posse
1453 2949 1894 3027 contendebant,
1914 2959 1972 3011 et
1992 2949 2256 3010 faciendo
2277 2952 2540 3011 homines
2559 2950 2775 3011 liberos

364 3034 655 3092 faciebant
682 3031 1034 3109 sacrilegos:
1078 3030 1222 3105 Quis
1261 3030 1447 3090 nescit
1476 3030 1922 3107 Pelagianorum
1963 3039 2022 3090 et
2053 3030 2644 3109 Semipelagianorum
2685 3031 2774 3108 gi—

366 3122 611 3189 ganteos
636 3112 747 3170 hae
774 3110 834 3167 in
861 3119 1025 3188 parte
1054 3117 1311 3186 conatae,
1340 3118 1408 3170 ut
1433 3119 1656 3169 naturae
1683 3110 2072 3190 impuritatem
2095 3111 2191 3170 vel
2217 3112 2449 3189 penitus
2475 3119 2773 3188 negarent,

366 3192 465 3250 vel
491 3192 701 3250 mirum
728 3199 1008 3268 quantum
1036 3198 1434 3265 extenuarent,
1466 3199 1524 3250 et
1549 3190 1721 3250 liberi
1747 3192 1970 3251 arbitrii
1996 3191 2151 3250 vires
2179 3190 2574 3251 extollerent?
2616 3191 2774 3266 Quos

366 3292 483 3329 non
530 3272 613 3329 ita
654 3270 753 3328 vel
802 3268 1190 3327 Conciliorum
1236 3269 1529 3327 variorum
1576 3270 1914 3345 authoritas,
1954 3271 2053 3329 vel
2100 3290 2454 3330 summorum
2495 3271 2776 3331 Ecclesiae

366 3350 695 3425 Luminum,
726 3348 1089 3425 Hieronymi,
1120 3347 1459 3424 Augustini,
1493 3348 1780 3425 Prosperi,
1813 3349 2045 3425 Hilarii,
2077 3350 2392 3428 Fulgentii,
2425 3357 2483 3409 et
2509 3352 2772 3429 aliorum,

362 3431 465 3509 qui
491 3430 628 3489 huic
670 3427 1142 3505 pestilentissimo
1186 3427 1363 3484 errori
1392 3446 1517 3485 sese
1547 3446 1835 3504 opponere
1864 3436 2213 3505 sategerunt,
2243 3430 2547 3506 diligentia
2589 3439 2648 3490 et
2687 3431 2774 3489 in-

366 3510 589 3570 dustria
615 3507 805 3584 fregit,
836 3506 978 3584 quin
1004 3505 1335 3565 labentibus
1363 3505 1635 3583 deinceps
1665 3506 1876 3566 seculis
1916 3506 2233 3565 identidem
2259 3517 2676 3568 renovarentur
2714 3520 2775 3570 et

364 3590 795 3668 repullularent,
826 3586 971 3645 adeo
1000 3593 1065 3645 ut
1111 3585 1494 3664 triumphatos
1520 3586 1717 3663 potius
1743 3606 1917 3664 quam
1957 3587 2126 3664 plene
2153 3586 2341 3646 victos
2372 3586 2548 3646 hosce
2575 3588 2775 3648 hostes

364 3692 401 3729 a
430 3669 702 3729 Patribus
730 3667 970 3726 diceres.
1054 3666 1178 3725 Nec
1206 3665 1366 3724 aliud
1392 3674 1575 3743 agunt
1600 3666 1775 3725 hodie
1802 3666 1848 3726 J
1850 3668 2072 3741 esuitae,
2107 3665 2400 3725 Sociniani
2433 3674 2491 3725 et
2520 3666 2772 3726 Remon-

366 3758 633 3824 strantes,
665 3767 839 3826 quam
866 3754 933 3806 ut
957 3746 1070 3805 hoc
1097 3746 1159 3804 in
1185 3745 1388 3822 capite,
1419 3753 1486 3804 ut
1514 3755 1571 3805 et
1598 3745 1660 3803 in
1687 3745 1866 3805 variis
1893 3746 2041 3821 aliis,
2074 3744 2563 3823 Pelagianismum
2593 3754 2650 3806 et
2671 3748 2773 3807 Se-

364 3828 943 3907 mipelagianismum‚
976 3826 1071 3884 vel
1100 3833 1295 3903 aperte
1321 3825 1420 3883 vel
1448 3824 1773 3885 clanculum
1802 3833 1861 3885 et
1885 3846 1991 3904 per
2031 3826 2345 3902 cuniculos,
2375 3824 2670 3903 reducant,
2715 3837 2775 3887 et

367 3910 601 3970 Idolum
626 3907 797 3967 liberi
824 3906 1072 3965 Arbitrii
1098 3906 1161 3963 in
1187 3924 1317 3964 arce
1346 3904 1650 3965 collocent.
1735 3906 1882 3965 Haec
1903 3912 1993 3965 est
2015 3904 2260 3982 Helena,
2279 3925 2455 3983 quam
2474 3914 2775 3985 tantopere

366 3990 699 4068 depereunt,
730 3994 789 4047 et
831 4005 936 4064 pro
981 4006 1097 4063 qua
1121 3994 1397 4063 tanquam
1438 4005 1545 4063 pro
1572 3986 1689 4043 aris
1733 3992 1792 4045 et
1817 3985 1964 4045 focis
2000 3984 2293 4044 decertare
2340 4006 2459 4045 non
2486 3985 2773 4047 dubitant.

366 4070 622 4129 Multum
650 4088 788 4145 ergo
817 4066 1007 4141 refert,
1051 4073 1117 4125 ut
1143 4065 1269 4125 veri
1296 4073 1355 4124 et
1395 4066 1633 4144 genuini
1663 4064 1880 4125 Gratiae
1925 4064 2227 4143 Discipuli,
2272 4064 2606 4125 exitialibus
2645 4066 2775 4127 istis

364 4150 655 4210 erroribus
684 4145 886 4206 sedulo
914 4166 976 4204 se
1004 4152 1313 4223 opponant,
1345 4154 1404 4204 et
1431 4146 1513 4205 ita
1539 4145 1792 4205 hominis
1818 4144 2108 4205 miseriam
2149 4152 2208 4205 et
2235 4146 2436 4223 gratiae
2464 4147 2773 4206 necessita-

364 4238 484 4289 tem
512 4228 829 4303 adstruant,
860 4232 926 4284 ut
952 4233 1075 4285 tota
1103 4225 1267 4285 exitii
1295 4245 1468 4285 causa
1494 4225 1556 4283 in
1581 4226 1893 4303 hominem,
1926 4234 2048 4285 tota
2074 4246 2213 4284 vero
2256 4226 2461 4285 salutis
2488 4226 2676 4303 gloria
2714 4228 2777 4285 in

365 4310 559 4371 Deum
588 4308 775 4367 solum
818 4305 1171 4365 refundatur.
1277 4304 1403 4379 Quo
1444 4305 1695 4383 pertinet
1737 4306 2018 4365 Doctrina
2058 4305 2131 4364 de
2159 4302 2364 4365 Libero
2401 4306 2671 4383 Arbitrio,
2702 4305 2798 4366 de‘

365 4410 482 4467 qua
508 4409 663 4449 nunc
690 4386 1069 4465 disputamus.

366 4504 559 4551 Nomen
599 4503 745 4549 liberi
776 4516 850 4547 ar-
974 4464 1061 4523 ΙΙ.
1107 4462 1256 4538 Quia
1280 4484 1420 4523 vero
1456 4464 1532 4523 lis
1573 4465 1795 4524 moveri
1834 4465 2004 4525 nobis
2047 4465 2194 4525 solet
2231 4465 2328 4524 hic
2369 4484 2405 4523 a
2434 4464 2772 4541 Pontificiis,

424 4562 565 4609 bitrii
604 4562 729 4608 unde
786 4560 853 4606 sit
892 4544 1060 4622 quasi
1086 4564 1297 4603 nomen
1344 4544 1514 4603 liberi
1540 4540 1766 4604 arbitrii
1790 4566 1908 4605 non
1936 4546 2128 4605 minus
2158 4566 2226 4604 ac
2267 4565 2388 4604 rem
2415 4545 2600 4622 ipsam
2627 4543 2776 4604 ferre

423 4624 601 4667 ortum.
888 4645 1007 4685 non
1033 4624 1340 4702 possimus,
1370 4645 1555 4703 pauca
1582 4624 1658 4685 de
1698 4626 1930 4687 nomine
1970 4624 2374 4705 praemittenda
2413 4632 2564 4685 sunt.
2635 4624 2776 4685 Vox
