<?xml version="1.0" encoding="UTF-8"?>
<!DOCTYPE html PUBLIC "-//W3C//DTD XHTML 1.0 Transitional//EN"
    "http://www.w3.org/TR/xhtml1/DTD/xhtml1-transitional.dtd">
<html xmlns="http://www.w3.org/1999/xhtml" xml:lang="en" lang="en">
 <head>
  <title>
</title>
<meta http-equiv="Content-Type" content="text/html;charset=utf-8" />
  <meta name='ocr-system' content='tesseract 3.04.00' />
  <meta name='ocr-capabilities' content='ocr_page ocr_carea ocr_par ocr_line ocrx_word'/>
</head>
<body>
  <div class='ocr_page' id='page_1' title='image "./institutiotheol00turrgoog_0401.png"; bbox 0 0 3300 5225; ppageno 0'>
   <div class='ocr_carea' id='block_1_1' title="bbox 315 350 2728 431">
    <p class='ocr_par' dir='ltr' id='par_1_1' title="bbox 315 350 2728 431">
     <span class='ocr_line' id='line_1_1' title="bbox 315 350 2728 431; baseline 0 -19"><span class='ocrx_word' id='word_1_1' title='bbox 315 372 537 422; x_wconf 64' lang='lat' dir='ltr'>QUAEST-</span> <span class='ocrx_word' id='word_1_2' title='bbox 571 350 702 431; x_wconf 55' lang='lat' dir='ltr'><strong>xxx]</strong></span> <span class='ocrx_word' id='word_1_3' title='bbox 1205 370 1290 408; x_wconf 75' lang='lat' dir='ltr'><strong>nn·</strong></span> <span class='ocrx_word' id='word_1_4' title='bbox 1315 364 1897 411; x_wconf 59' lang='lat' dir='ltr'><strong>ruffintsrmarlous.</strong></span> <span class='ocrx_word' id='word_1_5' title='bbox 2611 352 2728 413; x_wconf 80' lang='lat'><strong>349</strong></span> 
     </span>
    </p>
   </div>
   <div class='ocr_carea' id='block_1_2' title="bbox 309 504 2739 3703">
    <p class='ocr_par' dir='ltr' id='par_1_2' title="bbox 313 504 2739 2649">
     <span class='ocr_line' id='line_1_2' title="bbox 317 504 2734 591; baseline 0.001 -19"><span class='ocrx_word' id='word_1_6' title='bbox 317 512 725 591; x_wconf 83' lang='lat' dir='ltr'><strong>Evangelium.</strong></span> <span class='ocrx_word' id='word_1_7' title='bbox 827 510 1024 587; x_wconf 83' lang='lat' dir='ltr'><strong>Atque</strong></span> <span class='ocrx_word' id='word_1_8' title='bbox 1069 509 1150 569; x_wconf 87' lang='lat' dir='ltr'><strong>ita</strong></span> <span class='ocrx_word' id='word_1_9' title='bbox 1193 531 1300 569; x_wconf 91' lang='lat' dir='ltr'><strong>nec</strong></span> <span class='ocrx_word' id='word_1_10' title='bbox 1329 512 1612 588; x_wconf 82' lang='lat' dir='ltr'><strong>Gentiles,</strong></span> <span class='ocrx_word' id='word_1_11' title='bbox 1660 513 1897 587; x_wconf 78' lang='lat' dir='ltr'><strong>Turcas,</strong></span> <span class='ocrx_word' id='word_1_12' title='bbox 1930 520 2004 571; x_wconf 75' lang='lat' dir='ltr'><strong>‘et</strong></span> <span class='ocrx_word' id='word_1_13' title='bbox 2047 512 2210 588; x_wconf 87' lang='lat' dir='ltr'><strong>alios,</strong></span> <span class='ocrx_word' id='word_1_14' title='bbox 2262 514 2363 589; x_wconf 85' lang='lat' dir='ltr'><strong>qui</strong></span> <span class='ocrx_word' id='word_1_15' title='bbox 2400 504 2513 573; x_wconf 50' lang='lat' dir='ltr'><strong>&#39;nee</strong></span> <span class='ocrx_word' id='word_1_16' title='bbox 2540 518 2734 575; x_wconf 84' lang='lat' dir='ltr'><strong>vocati</strong></span> 
     </span>
     <span class='ocr_line' id='line_1_3' title="bbox 313 590 2731 670; baseline 0.001 -17"><span class='ocrx_word' id='word_1_17' title='bbox 313 600 454 653; x_wconf 86' lang='lat' dir='ltr'><strong>sunt</strong></span> <span class='ocrx_word' id='word_1_18' title='bbox 479 610 734 669; x_wconf 85' lang='lat' dir='ltr'><strong>unquam</strong></span> <span class='ocrx_word' id='word_1_19' title='bbox 763 609 867 668; x_wconf 89' lang='lat' dir='ltr'><strong>per</strong></span> <span class='ocrx_word' id='word_1_20' title='bbox 895 590 1298 669; x_wconf 87' lang='lat' dir='ltr'><strong>Evangelium,</strong></span> <span class='ocrx_word' id='word_1_21' title='bbox 1341 610 1447 651; x_wconf 88' lang='lat' dir='ltr'><strong>nec</strong></span> <span class='ocrx_word' id='word_1_22' title='bbox 1492 593 1564 651; x_wconf 90' lang='lat' dir='ltr'><strong>de</strong></span> <span class='ocrx_word' id='word_1_23' title='bbox 1595 593 1825 651; x_wconf 91' lang='lat' dir='ltr'><strong>Christo</strong></span> <span class='ocrx_word' id='word_1_24' title='bbox 1868 593 2181 669; x_wconf 86' lang='lat' dir='ltr'><strong>quicquam</strong></span> <span class='ocrx_word' id='word_1_25' title='bbox 2226 592 2592 670; x_wconf 85' lang='lat' dir='ltr'><strong>audiverunt,</strong></span> <span class='ocrx_word' id='word_1_26' title='bbox 2642 614 2731 655; x_wconf 88' lang='lat' dir='ltr'><strong>re·-</strong></span> 
     </span>
     <span class='ocr_line' id='line_1_4' title="bbox 317 670 2727 753; baseline 0.001 -22"><span class='ocrx_word' id='word_1_27' title='bbox 317 674 549 753; x_wconf 86' lang='lat' dir='ltr'><strong>probari</strong></span> <span class='ocrx_word' id='word_1_28' title='bbox 576 690 766 749; x_wconf 88' lang='lat' dir='ltr'><strong>posse.</strong></span> <span class='ocrx_word' id='word_1_29' title='bbox 853 670 950 731; x_wconf 87' lang='lat' dir='ltr'><strong>Sic</strong></span> <span class='ocrx_word' id='word_1_30' title='bbox 976 671 1138 729; x_wconf 88' lang='lat' dir='ltr'><strong>nulla</strong></span> <span class='ocrx_word' id='word_1_31' title='bbox 1163 680 1400 749; x_wconf 82' lang='lat' dir='ltr'><strong>peccata</strong></span> <span class='ocrx_word' id='word_1_32' title='bbox 1425 672 1614 733; x_wconf 88' lang='lat' dir='ltr'><strong>forent</strong></span> <span class='ocrx_word' id='word_1_33' title='bbox 1641 670 2010 748; x_wconf 79' lang='lat' dir='ltr'>damnabilia,</span> <span class='ocrx_word' id='word_1_34' title='bbox 2041 673 2156 732; x_wconf 87' lang='lat' dir='ltr'><strong>nisi</strong></span> <span class='ocrx_word' id='word_1_35' title='bbox 2204 693 2334 752; x_wconf 84' lang='lat' dir='ltr'><strong>quae</strong></span> <span class='ocrx_word' id='word_1_36' title='bbox 2361 675 2727 735; x_wconf 88' lang='lat' dir='ltr'><strong>committun-</strong></span> 
     </span>
     <span class='ocr_line' id='line_1_5' title="bbox 317 751 2735 831; baseline 0 -18"><span class='ocrx_word' id='word_1_37' title='bbox 317 763 415 813; x_wconf 87' lang='lat' dir='ltr'><strong>tur</strong></span> <span class='ocrx_word' id='word_1_38' title='bbox 441 752 720 813; x_wconf 82' lang='lat' dir='ltr'><strong>adversus</strong></span> <span class='ocrx_word' id='word_1_39' title='bbox 751 751 1175 828; x_wconf 82' lang='lat' dir='ltr'><strong>Evangelium:</strong></span> <span class='ocrx_word' id='word_1_40' title='bbox 1223 753 1318 811; x_wconf 82' lang='lat' dir='ltr'><strong>Sic</strong></span> <span class='ocrx_word' id='word_1_41' title='bbox 1345 772 1452 812; x_wconf 90' lang='lat' dir='ltr'><strong>nec</strong></span> <span class='ocrx_word' id='word_1_42' title='bbox 1488 754 1710 831; x_wconf 85' lang='lat' dir='ltr'><strong>peccati</strong></span> <span class='ocrx_word' id='word_1_43' title='bbox 1752 753 2053 831; x_wconf 84' lang='lat' dir='ltr'><strong>originalis</strong></span> <span class='ocrx_word' id='word_1_44' title='bbox 2093 763 2287 815; x_wconf 88' lang='lat' dir='ltr'><strong>reatus</strong></span> <span class='ocrx_word' id='word_1_45' title='bbox 2330 754 2617 815; x_wconf 87' lang='lat' dir='ltr'><strong>sufficiens</strong></span> <span class='ocrx_word' id='word_1_46' title='bbox 2660 756 2735 815; x_wconf 87' lang='lat' dir='ltr'><strong>ad</strong></span> 
     </span>
     <span class='ocr_line' id='line_1_6' title="bbox 319 833 2730 913; baseline 0.001 -20"><span class='ocrx_word' id='word_1_47' title='bbox 319 833 859 893; x_wconf 76' lang='lat' dir='ltr'><strong>condemnationem</strong></span> <span class='ocrx_word' id='word_1_48' title='bbox 887 839 1057 905; x_wconf 86' lang='lat' dir='ltr'><strong>esset,</strong></span> <span class='ocrx_word' id='word_1_49' title='bbox 1086 840 1321 909; x_wconf 88' lang='lat' dir='ltr'><strong>propter</strong></span> <span class='ocrx_word' id='word_1_50' title='bbox 1346 833 1502 909; x_wconf 92' lang='lat' dir='ltr'><strong>quod</strong></span> <span class='ocrx_word' id='word_1_51' title='bbox 1529 841 1724 891; x_wconf 74' lang='lat' dir='ltr'><strong>tamen</strong></span> <span class='ocrx_word' id='word_1_52' title='bbox 1752 834 2046 894; x_wconf 86' lang='lat' dir='ltr'><strong>nascimur</strong></span> <span class='ocrx_word' id='word_1_53' title='bbox 2071 834 2172 893; x_wconf 76' lang='lat' dir='ltr'><strong>irae</strong></span> <span class='ocrx_word' id='word_1_54' title='bbox 2200 835 2323 911; x_wconf 85' lang='lat' dir='ltr'><strong>filii,</strong></span> <span class='ocrx_word' id='word_1_55' title='bbox 2368 835 2519 913; x_wconf 90' lang='lat' dir='ltr'><strong>Eph.</strong></span> <span class='ocrx_word' id='word_1_56' title='bbox 2562 836 2623 895; x_wconf 91' lang='lat' dir='ltr'><strong>ii.</strong></span> <span class='ocrx_word' id='word_1_57' title='bbox 2675 840 2730 911; x_wconf 85' lang='lat'><strong>3,</strong></span> 
     </span>
     <span class='ocr_line' id='line_1_7' title="bbox 315 910 2734 992; baseline 0.001 -20"><span class='ocrx_word' id='word_1_58' title='bbox 315 923 380 974; x_wconf 86' lang='lat' dir='ltr'><strong>et</strong></span> <span class='ocrx_word' id='word_1_59' title='bbox 414 914 659 972; x_wconf 75' lang='lat' dir='ltr'><strong>dicimur</strong></span> <span class='ocrx_word' id='word_1_60' title='bbox 685 912 747 970; x_wconf 89' lang='lat' dir='ltr'><strong>in</strong></span> <span class='ocrx_word' id='word_1_61' title='bbox 777 910 1010 971; x_wconf 84' lang='lat' dir='ltr'><strong>Adamo</strong></span> <span class='ocrx_word' id='word_1_62' title='bbox 1036 911 1200 985; x_wconf 88' lang='lat' dir='ltr'><strong>mori,</strong></span> <span class='ocrx_word' id='word_1_63' title='bbox 1237 913 1265 969; x_wconf 97' lang='lat'>1</span> <span class='ocrx_word' id='word_1_64' title='bbox 1299 912 1430 972; x_wconf 85' lang='lat' dir='ltr'><strong>Cor.</strong></span> <span class='ocrx_word' id='word_1_65' title='bbox 1459 932 1562 971; x_wconf 83' lang='lat' dir='ltr'><strong>xv.</strong></span> <span class='ocrx_word' id='word_1_66' title='bbox 1591 917 1690 971; x_wconf 91' lang='lat'><strong>22.</strong></span> <span class='ocrx_word' id='word_1_67' title='bbox 1762 914 1883 972; x_wconf 90' lang='lat' dir='ltr'><strong>Nec</strong></span> <span class='ocrx_word' id='word_1_68' title='bbox 1911 923 2149 992; x_wconf 85' lang='lat' dir='ltr'><strong>peccata</strong></span> <span class='ocrx_word' id='word_1_69' title='bbox 2176 916 2427 975; x_wconf 78' lang='lat' dir='ltr'><strong>actualia</strong></span> <span class='ocrx_word' id='word_1_70' title='bbox 2454 916 2734 975; x_wconf 87' lang='lat' dir='ltr'><strong>adversus</strong></span> 
     </span>
     <span class='ocr_line' id='line_1_8' title="bbox 324 989 2732 1071; baseline 0.002 -21"><span class='ocrx_word' id='word_1_71' title='bbox 324 994 542 1071; x_wconf 87' lang='lat' dir='ltr'><strong>Legem</strong></span> <span class='ocrx_word' id='word_1_72' title='bbox 562 1000 783 1052; x_wconf 77' lang='lat' dir='ltr'><strong>naturae</strong></span> <span class='ocrx_word' id='word_1_73' title='bbox 811 1000 870 1050; x_wconf 91' lang='lat' dir='ltr'><strong>et</strong></span> <span class='ocrx_word' id='word_1_74' title='bbox 899 989 1102 1066; x_wconf 89' lang='lat' dir='ltr'><strong>Mosis,</strong></span> <span class='ocrx_word' id='word_1_75' title='bbox 1134 1010 1273 1049; x_wconf 86' lang='lat' dir='ltr'><strong>vera</strong></span> <span class='ocrx_word' id='word_1_76' title='bbox 1301 1010 1475 1051; x_wconf 88' lang='lat' dir='ltr'><strong>causa</strong></span> <span class='ocrx_word' id='word_1_77' title='bbox 1515 1001 1713 1051; x_wconf 87' lang='lat' dir='ltr'><strong>essent</strong></span> <span class='ocrx_word' id='word_1_78' title='bbox 1756 993 2158 1070; x_wconf 74' lang='lat' dir='ltr'><strong>damnationiS,</strong></span> <span class='ocrx_word' id='word_1_79' title='bbox 2208 1003 2413 1054; x_wconf 90' lang='lat' dir='ltr'><strong>contra</strong></span> <span class='ocrx_word' id='word_1_80' title='bbox 2459 995 2587 1054; x_wconf 88' lang='lat' dir='ltr'><strong>loca</strong></span> <span class='ocrx_word' id='word_1_81' title='bbox 2628 1016 2732 1057; x_wconf 85' lang='lat' dir='ltr'><strong>ex—</strong></span> 
     </span>
     <span class='ocr_line' id='line_1_9' title="bbox 320 1069 2731 1151; baseline 0.002 -20"><span class='ocrx_word' id='word_1_82' title='bbox 320 1090 521 1150; x_wconf 85' lang='lat' dir='ltr'><strong>pressa</strong></span> <span class='ocrx_word' id='word_1_83' title='bbox 553 1072 880 1149; x_wconf 75' lang='lat' dir='ltr'><strong>Scripturas,</strong></span> <span class='ocrx_word' id='word_1_84' title='bbox 911 1090 1044 1148; x_wconf 75' lang='lat' dir='ltr'><strong>quae</strong></span> <span class='ocrx_word' id='word_1_85' title='bbox 1071 1069 1428 1130; x_wconf 79' lang='lat' dir='ltr'><strong>damnationi</strong></span> <span class='ocrx_word' id='word_1_86' title='bbox 1456 1072 1709 1149; x_wconf 85' lang='lat' dir='ltr'><strong>subjicit,</strong></span> <span class='ocrx_word' id='word_1_87' title='bbox 1740 1079 1859 1131; x_wconf 88' lang='lat' dir='ltr'><strong>tam</strong></span> <span class='ocrx_word' id='word_1_88' title='bbox 1890 1074 2171 1151; x_wconf 82' lang='lat' dir='ltr'><strong>Gentiles,</strong></span> <span class='ocrx_word' id='word_1_89' title='bbox 2202 1077 2305 1151; x_wconf 91' lang='lat' dir='ltr'><strong>qui</strong></span> <span class='ocrx_word' id='word_1_90' title='bbox 2332 1075 2613 1135; x_wconf 87' lang='lat' dir='ltr'><strong>adversus</strong></span> <span class='ocrx_word' id='word_1_91' title='bbox 2641 1096 2731 1135; x_wconf 90' lang='lat' dir='ltr'><strong>so·</strong></span> 
     </span>
     <span class='ocr_line' id='line_1_10' title="bbox 320 1150 2733 1232; baseline 0.002 -22"><span class='ocrx_word' id='word_1_92' title='bbox 320 1154 444 1212; x_wconf 88' lang='lat' dir='ltr'><strong>lum</strong></span> <span class='ocrx_word' id='word_1_93' title='bbox 471 1162 690 1212; x_wconf 83' lang='lat' dir='ltr'><strong>naturae</strong></span> <span class='ocrx_word' id='word_1_94' title='bbox 717 1151 914 1210; x_wconf 86' lang='lat' dir='ltr'><strong>lumen</strong></span> <span class='ocrx_word' id='word_1_95' title='bbox 943 1150 1066 1209; x_wconf 88' lang='lat' dir='ltr'><strong>sine</strong></span> <span class='ocrx_word' id='word_1_96' title='bbox 1097 1150 1256 1226; x_wconf 87' lang='lat' dir='ltr'><strong>Lege</strong></span> <span class='ocrx_word' id='word_1_97' title='bbox 1285 1151 1472 1211; x_wconf 88' lang='lat' dir='ltr'><strong>Mosis</strong></span> <span class='ocrx_word' id='word_1_98' title='bbox 1499 1160 1827 1229; x_wconf 88' lang='lat' dir='ltr'><strong>peccarunt,</strong></span> <span class='ocrx_word' id='word_1_99' title='bbox 1860 1153 1997 1212; x_wconf 84' lang='lat' dir='ltr'><strong>Act.</strong></span> <span class='ocrx_word' id='word_1_100' title='bbox 2027 1154 2148 1212; x_wconf 86' lang='lat' dir='ltr'><strong>xiv.</strong></span> <span class='ocrx_word' id='word_1_101' title='bbox 2184 1158 2275 1229; x_wconf 87' lang='grc'><strong>16,</strong></span> <span class='ocrx_word' id='word_1_102' title='bbox 2330 1156 2498 1214; x_wconf 86' lang='lat' dir='ltr'><strong>Rom.</strong></span> <span class='ocrx_word' id='word_1_103' title='bbox 2528 1156 2588 1215; x_wconf 90' lang='lat' dir='ltr'><strong>ii.</strong></span> <span class='ocrx_word' id='word_1_104' title='bbox 2640 1160 2733 1232; x_wconf 92' lang='lat'>12,</span> 
     </span>
     <span class='ocr_line' id='line_1_11' title="bbox 319 1230 2735 1309; baseline 0 -17"><span class='ocrx_word' id='word_1_105' title='bbox 319 1242 382 1293; x_wconf 74' lang='lat' dir='ltr'><strong>,et</strong></span> <span class='ocrx_word' id='word_1_106' title='bbox 409 1232 490 1291; x_wconf 90' lang='lat' dir='ltr'><strong>iii.</strong></span> <span class='ocrx_word' id='word_1_107' title='bbox 524 1235 616 1308; x_wconf 89' lang='grc'><strong>19,</strong></span> <span class='ocrx_word' id='word_1_108' title='bbox 647 1239 708 1289; x_wconf 88' lang='lat' dir='ltr'><strong>et</strong></span> <span class='ocrx_word' id='word_1_109' title='bbox 735 1250 793 1290; x_wconf 86' lang='lat' dir='ltr'><strong>v.</strong></span> <span class='ocrx_word' id='word_1_110' title='bbox 829 1234 920 1306; x_wconf 89' lang='lat'>12,</span> <span class='ocrx_word' id='word_1_111' title='bbox 944 1250 1116 1307; x_wconf 87' lang='lat' dir='ltr'><strong>quam</strong></span> <span class='ocrx_word' id='word_1_112' title='bbox 1146 1230 1408 1306; x_wconf 75' lang='lat' dir='ltr'><strong>Judaeos,</strong></span> <span class='ocrx_word' id='word_1_113' title='bbox 1439 1231 1540 1309; x_wconf 90' lang='lat' dir='ltr'><strong>qui</strong></span> <span class='ocrx_word' id='word_1_114' title='bbox 1568 1250 1701 1289; x_wconf 91' lang='lat' dir='ltr'><strong>cum</strong></span> <span class='ocrx_word' id='word_1_115' title='bbox 1745 1232 1905 1309; x_wconf 88' lang='lat' dir='ltr'><strong>Lege</strong></span> <span class='ocrx_word' id='word_1_116' title='bbox 1944 1244 2273 1309; x_wconf 86' lang='lat' dir='ltr'><strong>peccarunt.</strong></span> <span class='ocrx_word' id='word_1_117' title='bbox 2360 1236 2601 1295; x_wconf 77' lang='lat' dir='ltr'><strong>Frustra</strong></span> <span class='ocrx_word' id='word_1_118' title='bbox 2640 1236 2735 1294; x_wconf 89' lang='lat' dir='ltr'><strong>hic</strong></span> 
     </span>
     <span class='ocr_line' id='line_1_12' title="bbox 321 1310 2733 1390; baseline 0.001 -19"><span class='ocrx_word' id='word_1_119' title='bbox 321 1313 625 1390; x_wconf 81' lang='lat' dir='ltr'><strong>excipitur,</strong></span> <span class='ocrx_word' id='word_1_120' title='bbox 659 1311 778 1370; x_wconf 89' lang='lat' dir='ltr'><strong>Eos</strong></span> <span class='ocrx_word' id='word_1_121' title='bbox 806 1310 1018 1388; x_wconf 87' lang='lat' dir='ltr'><strong>quibus</strong></span> <span class='ocrx_word' id='word_1_122' title='bbox 1043 1310 1417 1387; x_wconf 71' lang='lat' dir='ltr'><strong>praedicatum</strong></span> <span class='ocrx_word' id='word_1_123' title='bbox 1447 1332 1562 1371; x_wconf 90' lang='lat' dir='ltr'><strong>non</strong></span> <span class='ocrx_word' id='word_1_124' title='bbox 1591 1310 1707 1369; x_wconf 82' lang='lat' dir='ltr'><strong>fuit</strong></span> <span class='ocrx_word' id='word_1_125' title='bbox 1736 1312 2141 1389; x_wconf 87' lang='lat' dir='ltr'><strong>Evangelium,</strong></span> <span class='ocrx_word' id='word_1_126' title='bbox 2171 1314 2545 1374; x_wconf 87' lang='lat' dir='ltr'><strong>nihilominus</strong></span> <span class='ocrx_word' id='word_1_127' title='bbox 2572 1316 2733 1373; x_wconf 87' lang='lat' dir='ltr'><strong>dam—</strong></span> 
     </span>
     <span class='ocr_line' id='line_1_13' title="bbox 321 1390 2734 1469; baseline 0.002 -20"><span class='ocrx_word' id='word_1_128' title='bbox 321 1401 521 1457; x_wconf 80' lang='lat' dir='ltr'><strong>natum</strong></span> <span class='ocrx_word' id='word_1_129' title='bbox 549 1392 620 1449; x_wconf 90' lang='lat' dir='ltr'><strong>iri</strong></span> <span class='ocrx_word' id='word_1_130' title='bbox 687 1399 882 1467; x_wconf 88' lang='lat' dir='ltr'><strong>ropter</strong></span> <span class='ocrx_word' id='word_1_131' title='bbox 907 1391 1036 1467; x_wconf 90' lang='lat' dir='ltr'><strong>ejus</strong></span> <span class='ocrx_word' id='word_1_132' title='bbox 1057 1398 1467 1467; x_wconf 77' lang='lat' dir='ltr'><strong>contemptum,</strong></span> <span class='ocrx_word' id='word_1_133' title='bbox 1499 1390 1636 1468; x_wconf 87' lang='lat' dir='ltr'><strong>quia</strong></span> <span class='ocrx_word' id='word_1_134' title='bbox 1664 1410 1727 1451; x_wconf 88' lang='lat' dir='ltr'><strong>se</strong></span> <span class='ocrx_word' id='word_1_135' title='bbox 1764 1410 1869 1468; x_wconf 89' lang='lat' dir='ltr'><strong>per</strong></span> <span class='ocrx_word' id='word_1_136' title='bbox 1897 1393 2111 1469; x_wconf 81' lang='lat' dir='ltr'><strong>Legem</strong></span> <span class='ocrx_word' id='word_1_137' title='bbox 2158 1401 2377 1453; x_wconf 82' lang='lat' dir='ltr'><strong>naturae</strong></span> <span class='ocrx_word' id='word_1_138' title='bbox 2418 1395 2493 1453; x_wconf 88' lang='lat' dir='ltr'><strong>ad</strong></span> <span class='ocrx_word' id='word_1_139' title='bbox 2538 1396 2734 1453; x_wconf 87' lang='lat' dir='ltr'><strong>Evan—</strong></span> 
     </span>
     <span class='ocr_line' id='line_1_14' title="bbox 321 1469 2738 1553; baseline 0.002 -24"><span class='ocrx_word' id='word_1_140' title='bbox 321 1472 538 1548; x_wconf 88' lang='lat' dir='ltr'><strong>gelium</strong></span> <span class='ocrx_word' id='word_1_141' title='bbox 567 1491 642 1529; x_wconf 88' lang='lat' dir='ltr'><strong>au</strong></span> <span class='ocrx_word' id='word_1_142' title='bbox 686 1470 918 1529; x_wconf 83' lang='lat' dir='ltr'><strong>‘endum</strong></span> <span class='ocrx_word' id='word_1_143' title='bbox 945 1488 1064 1527; x_wconf 89' lang='lat' dir='ltr'><strong>non</strong></span> <span class='ocrx_word' id='word_1_144' title='bbox 1091 1469 1514 1548; x_wconf 87' lang='lat' dir='ltr'><strong>disposuerunt.</strong></span> <span class='ocrx_word' id='word_1_145' title='bbox 1601 1471 1751 1529; x_wconf 86' lang='lat' dir='ltr'><strong>Nam</strong></span> <span class='ocrx_word' id='word_1_146' title='bbox 1780 1472 2124 1549; x_wconf 79' lang='lat' dir='ltr'><strong>supponitur</strong></span> <span class='ocrx_word' id='word_1_147' title='bbox 2149 1474 2331 1550; x_wconf 85' lang='lat' dir='ltr'><strong>gratis</strong></span> <span class='ocrx_word' id='word_1_148' title='bbox 2358 1474 2419 1532; x_wconf 89' lang='lat' dir='ltr'><strong>id</strong></span> <span class='ocrx_word' id='word_1_149' title='bbox 2447 1474 2603 1553; x_wconf 86' lang='lat' dir='ltr'><strong>quod</strong></span> <span class='ocrx_word' id='word_1_150' title='bbox 2648 1483 2738 1534; x_wconf 86' lang='lat' dir='ltr'><strong>est</strong></span> 
     </span>
     <span class='ocr_line' id='line_1_15' title="bbox 321 1550 2737 1631; baseline 0.002 -23"><span class='ocrx_word' id='word_1_151' title='bbox 321 1551 382 1609; x_wconf 87' lang='lat' dir='ltr'><strong>in</strong></span> <span class='ocrx_word' id='word_1_152' title='bbox 410 1551 745 1628; x_wconf 72' lang='lat' dir='ltr'><strong>quaestione,</strong></span> <span class='ocrx_word' id='word_1_153' title='bbox 775 1550 1048 1609; x_wconf 84' lang='lat' dir='ltr'><strong>nimirum</strong></span> <span class='ocrx_word' id='word_1_154' title='bbox 1076 1568 1178 1609; x_wconf 88' lang='lat' dir='ltr'><strong>eos</strong></span> <span class='ocrx_word' id='word_1_155' title='bbox 1205 1551 1617 1628; x_wconf 78' lang='lat' dir='ltr'><strong>contempsisse</strong></span> <span class='ocrx_word' id='word_1_156' title='bbox 1647 1550 2054 1627; x_wconf 88' lang='lat' dir='ltr'><strong>Evangelium,</strong></span> <span class='ocrx_word' id='word_1_157' title='bbox 2086 1554 2297 1630; x_wconf 89' lang='lat' dir='ltr'><strong>quibus</strong></span> <span class='ocrx_word' id='word_1_158' title='bbox 2324 1573 2621 1631; x_wconf 87' lang='lat' dir='ltr'><strong>nunquam</strong></span> <span class='ocrx_word' id='word_1_159' title='bbox 2647 1556 2737 1613; x_wconf 89' lang='lat' dir='ltr'><strong>in·</strong></span> 
     </span>
     <span class='ocr_line' id='line_1_16' title="bbox 322 1629 2731 1711; baseline 0.002 -23"><span class='ocrx_word' id='word_1_160' title='bbox 322 1630 528 1690; x_wconf 87' lang='lat' dir='ltr'><strong>notuit.</strong></span> <span class='ocrx_word' id='word_1_161' title='bbox 615 1629 734 1689; x_wconf 84' lang='lat' dir='ltr'><strong>Sed</strong></span> <span class='ocrx_word' id='word_1_162' title='bbox 761 1629 812 1688; x_wconf 90' lang='lat' dir='ltr'><strong>si</strong></span> <span class='ocrx_word' id='word_1_163' title='bbox 839 1649 915 1688; x_wconf 84' lang='lat' dir='ltr'><strong>ex</strong></span> <span class='ocrx_word' id='word_1_164' title='bbox 944 1629 1231 1706; x_wconf 89' lang='lat' dir='ltr'><strong>Apostolo</strong></span> <span class='ocrx_word' id='word_1_165' title='bbox 1261 1629 1384 1689; x_wconf 91' lang='lat' dir='ltr'><strong>sine</strong></span> <span class='ocrx_word' id='word_1_166' title='bbox 1415 1630 1574 1707; x_wconf 87' lang='lat' dir='ltr'><strong>Lege</strong></span> <span class='ocrx_word' id='word_1_167' title='bbox 1601 1630 1889 1707; x_wconf 88' lang='lat' dir='ltr'><strong>peribunt,</strong></span> <span class='ocrx_word' id='word_1_168' title='bbox 1921 1632 2021 1708; x_wconf 89' lang='lat' dir='ltr'><strong>qui</strong></span> <span class='ocrx_word' id='word_1_169' title='bbox 2050 1633 2174 1691; x_wconf 88' lang='lat' dir='ltr'><strong>sine</strong></span> <span class='ocrx_word' id='word_1_170' title='bbox 2216 1633 2375 1710; x_wconf 87' lang='lat' dir='ltr'><strong>Lege</strong></span> <span class='ocrx_word' id='word_1_171' title='bbox 2401 1643 2731 1711; x_wconf 87' lang='lat' dir='ltr'><strong>peccarunt,</strong></span> 
     </span>
     <span class='ocr_line' id='line_1_17' title="bbox 323 1708 2739 1789; baseline 0.001 -20"><span class='ocrx_word' id='word_1_172' title='bbox 323 1710 526 1787; x_wconf 89' lang='lat' dir='ltr'><strong>quidni</strong></span> <span class='ocrx_word' id='word_1_173' title='bbox 553 1710 728 1769; x_wconf 87' lang='lat' dir='ltr'><strong>etiam</strong></span> <span class='ocrx_word' id='word_1_174' title='bbox 756 1709 873 1767; x_wconf 88' lang='lat' dir='ltr'><strong>dici</strong></span> <span class='ocrx_word' id='word_1_175' title='bbox 899 1708 1073 1769; x_wconf 86' lang='lat' dir='ltr'><strong>debet</strong></span> <span class='ocrx_word' id='word_1_176' title='bbox 1114 1728 1218 1769; x_wconf 90' lang='lat' dir='ltr'><strong>eos</strong></span> <span class='ocrx_word' id='word_1_177' title='bbox 1255 1710 1380 1769; x_wconf 89' lang='lat' dir='ltr'><strong>sine</strong></span> <span class='ocrx_word' id='word_1_178' title='bbox 1423 1710 1749 1787; x_wconf 85' lang='lat' dir='ltr'><strong>Evangelio</strong></span> <span class='ocrx_word' id='word_1_179' title='bbox 1788 1712 1995 1787; x_wconf 89' lang='lat' dir='ltr'><strong>perire,</strong></span> <span class='ocrx_word' id='word_1_180' title='bbox 2045 1711 2147 1789; x_wconf 88' lang='lat' dir='ltr'><strong>qui</strong></span> <span class='ocrx_word' id='word_1_181' title='bbox 2192 1713 2581 1789; x_wconf 84' lang='lat' dir='ltr'><strong>Evangelium</strong></span> <span class='ocrx_word' id='word_1_182' title='bbox 2620 1733 2739 1773; x_wconf 89' lang='lat' dir='ltr'><strong>non</strong></span> 
     </span>
     <span class='ocr_line' id='line_1_18' title="bbox 323 1788 2737 1872; baseline 0.001 -24"><span class='ocrx_word' id='word_1_183' title='bbox 323 1790 702 1850; x_wconf 87' lang='lat' dir='ltr'><strong>audiverunt:</strong></span> <span class='ocrx_word' id='word_1_184' title='bbox 737 1789 888 1847; x_wconf 87' lang='lat' dir='ltr'><strong>Nam</strong></span> <span class='ocrx_word' id='word_1_185' title='bbox 914 1788 1073 1866; x_wconf 90' lang='lat' dir='ltr'><strong>quod</strong></span> <span class='ocrx_word' id='word_1_186' title='bbox 1099 1789 1348 1865; x_wconf 86' lang='lat' dir='ltr'><strong>additur,</strong></span> <span class='ocrx_word' id='word_1_187' title='bbox 1379 1809 1480 1849; x_wconf 91' lang='lat' dir='ltr'><strong>eos</strong></span> <span class='ocrx_word' id='word_1_188' title='bbox 1507 1810 1636 1849; x_wconf 85' lang='lat' dir='ltr'><strong>reos</strong></span> <span class='ocrx_word' id='word_1_189' title='bbox 1665 1790 1869 1867; x_wconf 87' lang='lat' dir='ltr'><strong>peragi</strong></span> <span class='ocrx_word' id='word_1_190' title='bbox 1897 1791 2208 1868; x_wconf 85' lang='lat' dir='ltr'><strong>Evangelii</strong></span> <span class='ocrx_word' id='word_1_191' title='bbox 2238 1794 2569 1872; x_wconf 85' lang='lat' dir='ltr'><strong>contempti,</strong></span> <span class='ocrx_word' id='word_1_192' title='bbox 2600 1794 2737 1871; x_wconf 78' lang='lat' dir='ltr'><strong>quia</strong></span> 
     </span>
     <span class='ocr_line' id='line_1_19' title="bbox 323 1868 2732 1950; baseline 0.002 -23"><span class='ocrx_word' id='word_1_193' title='bbox 323 1889 440 1929; x_wconf 88' lang='lat' dir='ltr'><strong>non</strong></span> <span class='ocrx_word' id='word_1_194' title='bbox 467 1889 528 1929; x_wconf 87' lang='lat' dir='ltr'><strong>se</strong></span> <span class='ocrx_word' id='word_1_195' title='bbox 557 1870 966 1947; x_wconf 88' lang='lat' dir='ltr'><strong>disposuerunt</strong></span> <span class='ocrx_word' id='word_1_196' title='bbox 990 1886 1095 1945; x_wconf 88' lang='lat' dir='ltr'><strong>per</strong></span> <span class='ocrx_word' id='word_1_197' title='bbox 1119 1869 1314 1945; x_wconf 90' lang='lat' dir='ltr'><strong>legem</strong></span> <span class='ocrx_word' id='word_1_198' title='bbox 1341 1877 1562 1929; x_wconf 71' lang='lat' dir='ltr'><strong>naturae</strong></span> <span class='ocrx_word' id='word_1_199' title='bbox 1590 1868 1668 1928; x_wconf 88' lang='lat' dir='ltr'><strong>ad</strong></span> <span class='ocrx_word' id='word_1_200' title='bbox 1694 1869 1842 1929; x_wconf 87' lang='lat' dir='ltr'><strong>illud</strong></span> <span class='ocrx_word' id='word_1_201' title='bbox 1869 1869 2238 1948; x_wconf 86' lang='lat' dir='ltr'><strong>audiendum,</strong></span> <span class='ocrx_word' id='word_1_202' title='bbox 2284 1873 2511 1950; x_wconf 85' lang='lat' dir='ltr'><strong>reponit</strong></span> <span class='ocrx_word' id='word_1_203' title='bbox 2550 1892 2732 1932; x_wconf 87' lang='lat' dir='ltr'><strong>cram·</strong></span> 
     </span>
     <span class='ocr_line' id='line_1_20' title="bbox 323 1947 2736 2030; baseline 0.002 -22"><span class='ocrx_word' id='word_1_204' title='bbox 323 1951 454 2008; x_wconf 90' lang='lat' dir='ltr'><strong>bem</strong></span> <span class='ocrx_word' id='word_1_205' title='bbox 485 1949 859 2026; x_wconf 86' lang='lat' dir='ltr'><strong>Pelagianam</strong></span> <span class='ocrx_word' id='word_1_206' title='bbox 886 1947 960 2007; x_wconf 93' lang='lat' dir='ltr'><strong>de</strong></span> <span class='ocrx_word' id='word_1_207' title='bbox 987 1948 1464 2025; x_wconf 80' lang='lat' dir='ltr'><strong>dispositionibus</strong></span> <span class='ocrx_word' id='word_1_208' title='bbox 1509 1950 1873 2009; x_wconf 89' lang='lat' dir='ltr'><strong>naturalibus</strong></span> <span class='ocrx_word' id='word_1_209' title='bbox 1918 1950 1995 2009; x_wconf 85' lang='lat' dir='ltr'><strong>ad</strong></span> <span class='ocrx_word' id='word_1_210' title='bbox 2036 1950 2272 2025; x_wconf 89' lang='lat' dir='ltr'><strong>bonum,</strong></span> <span class='ocrx_word' id='word_1_211' title='bbox 2322 1972 2467 2030; x_wconf 86' lang='lat' dir='ltr'><strong>quas</strong></span> <span class='ocrx_word' id='word_1_212' title='bbox 2518 1952 2736 2013; x_wconf 88' lang='lat' dir='ltr'><strong>Paulus</strong></span> 
     </span>
     <span class='ocr_line' id='line_1_21' title="bbox 323 2027 2735 2109; baseline 0.001 -20"><span class='ocrx_word' id='word_1_213' title='bbox 323 2030 495 2090; x_wconf 88' lang='lat' dir='ltr'><strong>toties</strong></span> <span class='ocrx_word' id='word_1_214' title='bbox 521 2028 748 2106; x_wconf 80' lang='lat' dir='ltr'><strong>rejicit3</strong></span> <span class='ocrx_word' id='word_1_215' title='bbox 792 2036 851 2086; x_wconf 90' lang='lat' dir='ltr'><strong>et</strong></span> <span class='ocrx_word' id='word_1_216' title='bbox 879 2027 1081 2087; x_wconf 83' lang='lat' dir='ltr'><strong>statuit</strong></span> <span class='ocrx_word' id='word_1_217' title='bbox 1106 2048 1422 2105; x_wconf 86' lang='lat' dir='ltr'><strong>perperam,</strong></span> <span class='ocrx_word' id='word_1_218' title='bbox 1451 2029 1743 2089; x_wconf 88' lang='lat' dir='ltr'><strong>hominem</strong></span> <span class='ocrx_word' id='word_1_219' title='bbox 1766 2030 1951 2088; x_wconf 89' lang='lat' dir='ltr'><strong>teneri</strong></span> <span class='ocrx_word' id='word_1_220' title='bbox 1978 2049 2039 2089; x_wconf 89' lang='lat' dir='ltr'><strong>se</strong></span> <span class='ocrx_word' id='word_1_221' title='bbox 2068 2031 2372 2109; x_wconf 87' lang='lat' dir='ltr'><strong>disponere</strong></span> <span class='ocrx_word' id='word_1_222' title='bbox 2400 2033 2475 2091; x_wconf 90' lang='lat' dir='ltr'><strong>ad</strong></span> <span class='ocrx_word' id='word_1_223' title='bbox 2502 2032 2563 2090; x_wconf 88' lang='lat' dir='ltr'><strong>id</strong></span> <span class='ocrx_word' id='word_1_224' title='bbox 2590 2034 2735 2092; x_wconf 87' lang='lat' dir='ltr'><strong>reci-</strong></span> 
     </span>
     <span class='ocr_line' id='line_1_22' title="bbox 321 2107 2734 2187; baseline 0.002 -20"><span class='ocrx_word' id='word_1_225' title='bbox 321 2109 613 2187; x_wconf 89' lang='lat' dir='ltr'><strong>piendum,</strong></span> <span class='ocrx_word' id='word_1_226' title='bbox 645 2108 717 2167; x_wconf 89' lang='lat' dir='ltr'><strong>de</strong></span> <span class='ocrx_word' id='word_1_227' title='bbox 745 2126 861 2184; x_wconf 87' lang='lat' dir='ltr'><strong>quo</strong></span> <span class='ocrx_word' id='word_1_228' title='bbox 888 2107 1036 2165; x_wconf 91' lang='lat' dir='ltr'><strong>nihil</strong></span> <span class='ocrx_word' id='word_1_229' title='bbox 1061 2126 1318 2185; x_wconf 90' lang='lat' dir='ltr'><strong>unquam</strong></span> <span class='ocrx_word' id='word_1_230' title='bbox 1346 2108 1588 2184; x_wconf 84' lang='lat' dir='ltr'><strong>audivit,</strong></span> <span class='ocrx_word' id='word_1_231' title='bbox 1618 2128 1728 2167; x_wconf 90' lang='lat' dir='ltr'><strong>nec</strong></span> <span class='ocrx_word' id='word_1_232' title='bbox 1770 2108 2074 2168; x_wconf 85' lang='lat' dir='ltr'><strong>auditurus</strong></span> <span class='ocrx_word' id='word_1_233' title='bbox 2114 2120 2222 2171; x_wconf 85' lang='lat' dir='ltr'><strong>est.</strong></span> <span class='ocrx_word' id='word_1_234' title='bbox 2328 2111 2460 2170; x_wconf 89' lang='lat' dir='ltr'><strong>Non</strong></span> <span class='ocrx_word' id='word_1_235' title='bbox 2506 2110 2734 2171; x_wconf 87' lang='lat' dir='ltr'><strong>felicius</strong></span> 
     </span>
     <span class='ocr_line' id='line_1_23' title="bbox 319 2184 2732 2267; baseline 0 -19"><span class='ocrx_word' id='word_1_236' title='bbox 319 2208 384 2249; x_wconf 90' lang='lat' dir='ltr'><strong>se</strong></span> <span class='ocrx_word' id='word_1_237' title='bbox 409 2188 730 2267; x_wconf 81' lang='lat' dir='ltr'><strong>expediunt</strong></span> <span class='ocrx_word' id='word_1_238' title='bbox 755 2206 833 2245; x_wconf 87' lang='grc'><strong>01(</strong></span> <span class='ocrx_word' id='word_1_239' title='bbox 859 2186 970 2245; x_wconf 84' lang='lat' dir='ltr'><strong>hac</strong></span> <span class='ocrx_word' id='word_1_240' title='bbox 1011 2184 1366 2263; x_wconf 86' lang='lat' dir='ltr'><strong>difficultate,</strong></span> <span class='ocrx_word' id='word_1_241' title='bbox 1409 2190 1510 2265; x_wconf 89' lang='lat' dir='ltr'><strong>qui</strong></span> <span class='ocrx_word' id='word_1_242' title='bbox 1551 2189 1917 2247; x_wconf 86' lang='lat' dir='ltr'><strong>vocationem</strong></span> <span class='ocrx_word' id='word_1_243' title='bbox 1958 2188 2033 2247; x_wconf 84' lang='lat' dir='ltr'><strong>sd</strong></span> <span class='ocrx_word' id='word_1_244' title='bbox 2075 2192 2320 2267; x_wconf 86' lang='lat' dir='ltr'><strong>gratiam</strong></span> <span class='ocrx_word' id='word_1_245' title='bbox 2363 2200 2631 2267; x_wconf 71' lang='lat' dir='ltr'><strong>quaerunt</strong></span> <span class='ocrx_word' id='word_1_246' title='bbox 2670 2193 2732 2249; x_wconf 79' lang='lat' dir='ltr'><strong>in</strong></span> 
     </span>
     <span class='ocr_line' id='line_1_24' title="bbox 318 2265 2730 2347; baseline 0 -19"><span class='ocrx_word' id='word_1_247' title='bbox 318 2267 674 2329; x_wconf 80' lang='lat' dir='ltr'><strong>revelatione</strong></span> <span class='ocrx_word' id='word_1_248' title='bbox 689 2266 956 2341; x_wconf 82' lang='lat' dir='ltr'><strong>naturali,</strong></span> <span class='ocrx_word' id='word_1_249' title='bbox 979 2265 1114 2343; x_wconf 88' lang='lat' dir='ltr'><strong>quia</strong></span> <span class='ocrx_word' id='word_1_250' title='bbox 1139 2268 1251 2326; x_wconf 88' lang='lat' dir='ltr'><strong>hoc</strong></span> <span class='ocrx_word' id='word_1_251' title='bbox 1279 2275 1370 2327; x_wconf 88' lang='lat' dir='ltr'><strong>est</strong></span> <span class='ocrx_word' id='word_1_252' title='bbox 1386 2266 1737 2327; x_wconf 87' lang='lat' dir='ltr'><strong>confundere</strong></span> <span class='ocrx_word' id='word_1_253' title='bbox 1753 2273 1809 2326; x_wconf 70' lang='grc' dir='ltr'><strong>τὶ</strong></span> <span class='ocrx_word' id='word_1_254' title='bbox 1824 2273 2056 2345; x_wconf 56' lang='grc' dir='ltr'><strong>γνωστὴ,</strong></span> <span class='ocrx_word' id='word_1_255' title='bbox 2082 2278 2141 2329; x_wconf 89' lang='lat' dir='ltr'><strong>et</strong></span> <span class='ocrx_word' id='word_1_256' title='bbox 2159 2275 2215 2329; x_wconf 62' lang='lat' dir='ltr'><strong>vt»</strong></span> <span class='ocrx_word' id='word_1_257' title='bbox 2236 2276 2427 2345; x_wconf 60' lang='lat' dir='ltr'><strong>morbo,</strong></span> <span class='ocrx_word' id='word_1_258' title='bbox 2448 2279 2730 2347; x_wconf 86' lang='lat' dir='ltr'><strong>naturam,</strong></span> 
     </span>
     <span class='ocr_line' id='line_1_25' title="bbox 319 2345 2731 2427; baseline 0.001 -19"><span class='ocrx_word' id='word_1_259' title='bbox 319 2357 378 2408; x_wconf 85' lang='lat' dir='ltr'><strong>et</strong></span> <span class='ocrx_word' id='word_1_260' title='bbox 407 2349 670 2425; x_wconf 85' lang='lat' dir='ltr'><strong>gratiam,</strong></span> <span class='ocrx_word' id='word_1_261' title='bbox 701 2357 760 2407; x_wconf 92' lang='lat' dir='ltr'><strong>et</strong></span> <span class='ocrx_word' id='word_1_262' title='bbox 787 2345 936 2405; x_wconf 81' lang='lat' dir='ltr'><strong>male</strong></span> <span class='ocrx_word' id='word_1_263' title='bbox 969 2346 1186 2406; x_wconf 86' lang='lat' dir='ltr'><strong>Paulus</strong></span> <span class='ocrx_word' id='word_1_264' title='bbox 1225 2347 1442 2407; x_wconf 85' lang='lat' dir='ltr'><strong>diceret</strong></span> <span class='ocrx_word' id='word_1_265' title='bbox 1485 2348 1675 2407; x_wconf 89' lang='lat' dir='ltr'><strong>Deum</strong></span> <span class='ocrx_word' id='word_1_266' title='bbox 1716 2348 2019 2426; x_wconf 86' lang='lat' dir='ltr'><strong>reliquisse</strong></span> <span class='ocrx_word' id='word_1_267' title='bbox 2062 2358 2265 2426; x_wconf 84' lang='lat' dir='ltr'><strong>gentes</strong></span> <span class='ocrx_word' id='word_1_268' title='bbox 2306 2350 2389 2410; x_wconf 89' lang='lat' dir='ltr'><strong>ire</strong></span> <span class='ocrx_word' id='word_1_269' title='bbox 2430 2351 2545 2409; x_wconf 85' lang='lat' dir='ltr'><strong>viis</strong></span> <span class='ocrx_word' id='word_1_270' title='bbox 2593 2351 2731 2427; x_wconf 87' lang='lat' dir='ltr'><strong>suis,</strong></span> 
     </span>
     <span class='ocr_line' id='line_1_26' title="bbox 319 2427 2731 2508; baseline 0.002 -22"><span class='ocrx_word' id='word_1_271' title='bbox 319 2427 442 2487; x_wconf 89' lang='lat' dir='ltr'><strong>Act</strong></span> <span class='ocrx_word' id='word_1_272' title='bbox 467 2428 593 2487; x_wconf 84' lang='lat' dir='ltr'><strong>xiv.</strong></span> <span class='ocrx_word' id='word_1_273' title='bbox 627 2429 718 2502; x_wconf 89' lang='lat'>16,</span> <span class='ocrx_word' id='word_1_274' title='bbox 748 2434 809 2485; x_wconf 92' lang='lat' dir='ltr'><strong>et</strong></span> <span class='ocrx_word' id='word_1_275' title='bbox 842 2445 942 2485; x_wconf 89' lang='lat' dir='ltr'><strong>eas</strong></span> <span class='ocrx_word' id='word_1_276' title='bbox 968 2444 1096 2485; x_wconf 86' lang='lat' dir='ltr'><strong>esse</strong></span> <span class='ocrx_word' id='word_1_277' title='bbox 1122 2428 1324 2504; x_wconf 88' lang='lat' dir='ltr'><strong>procul</strong></span> <span class='ocrx_word' id='word_1_278' title='bbox 1351 2447 1388 2485; x_wconf 88' lang='lat' dir='ltr'><strong>a</strong></span> <span class='ocrx_word' id='word_1_279' title='bbox 1413 2427 1746 2503; x_wconf 58' lang='lat' dir='ltr'><strong>foederibus,</strong></span> <span class='ocrx_word' id='word_1_280' title='bbox 1778 2436 1837 2487; x_wconf 90' lang='lat' dir='ltr'><strong>et</strong></span> <span class='ocrx_word' id='word_1_281' title='bbox 1865 2428 1987 2487; x_wconf 90' lang='lat' dir='ltr'><strong>sine</strong></span> <span class='ocrx_word' id='word_1_282' title='bbox 2020 2429 2147 2489; x_wconf 90' lang='lat' dir='ltr'><strong>Deo</strong></span> <span class='ocrx_word' id='word_1_283' title='bbox 2184 2430 2244 2488; x_wconf 89' lang='lat' dir='ltr'><strong>in</strong></span> <span class='ocrx_word' id='word_1_284' title='bbox 2292 2431 2526 2508; x_wconf 89' lang='lat' dir='ltr'><strong>mundo,</strong></span> <span class='ocrx_word' id='word_1_285' title='bbox 2580 2430 2731 2508; x_wconf 89' lang='lat' dir='ltr'><strong>Eph.</strong></span> 
     </span>
     <span class='ocr_line' id='line_1_27' title="bbox 315 2504 2734 2587; baseline 0.002 -21"><span class='ocrx_word' id='word_1_286' title='bbox 315 2509 377 2567; x_wconf 88' lang='lat' dir='ltr'><strong>ii.</strong></span> <span class='ocrx_word' id='word_1_287' title='bbox 414 2512 505 2584; x_wconf 92' lang='lat'>12,</span> <span class='ocrx_word' id='word_1_288' title='bbox 539 2508 590 2567; x_wconf 88' lang='lat' dir='ltr'><strong>si</strong></span> <span class='ocrx_word' id='word_1_289' title='bbox 615 2504 968 2585; x_wconf 74' lang='lat' dir='ltr'><strong>praeconium</strong></span> <span class='ocrx_word' id='word_1_290' title='bbox 997 2506 1310 2585; x_wconf 80' lang='lat' dir='ltr'><strong>Evangelii</strong></span> <span class='ocrx_word' id='word_1_291' title='bbox 1335 2526 1440 2585; x_wconf 87' lang='lat' dir='ltr'><strong>per</strong></span> <span class='ocrx_word' id='word_1_292' title='bbox 1467 2508 1775 2567; x_wconf 81' lang='lat' dir='ltr'><strong>Creaturas</strong></span> <span class='ocrx_word' id='word_1_293' title='bbox 1809 2508 2001 2586; x_wconf 89' lang='lat' dir='ltr'><strong>potuit</strong></span> <span class='ocrx_word' id='word_1_294' title='bbox 2027 2528 2371 2587; x_wconf 89' lang='lat' dir='ltr'><strong>quocunque</strong></span> <span class='ocrx_word' id='word_1_295' title='bbox 2398 2510 2571 2570; x_wconf 90' lang='lat' dir='ltr'><strong>modo</strong></span> <span class='ocrx_word' id='word_1_296' title='bbox 2614 2510 2734 2570; x_wconf 88' lang='lat' dir='ltr'><strong>illis</strong></span> 
     </span>
     <span class='ocr_line' id='line_1_28' title="bbox 317 2589 696 2649; baseline 0.003 -3"><span class='ocrx_word' id='word_1_297' title='bbox 317 2589 696 2649; x_wconf 81' lang='lat' dir='ltr'><strong>innotescere.</strong></span> 
     </span>
    </p>

    <p class='ocr_par' dir='ltr' id='par_1_3' title="bbox 309 2666 2733 3523">
     <span class='ocr_line' id='line_1_29' title="bbox 925 2666 2729 2748; baseline 0.004 -24"><span class='ocrx_word' id='word_1_298' title='bbox 925 2666 1108 2726; x_wconf 89' lang='lat' dir='ltr'><strong>VIII.</strong></span> <span class='ocrx_word' id='word_1_299' title='bbox 1154 2667 1344 2742; x_wconf 84' lang='lat' dir='ltr'><strong>Quum</strong></span> <span class='ocrx_word' id='word_1_300' title='bbox 1375 2668 1594 2727; x_wconf 88' lang='lat' dir='ltr'><strong>Paulus</strong></span> <span class='ocrx_word' id='word_1_301' title='bbox 1622 2669 1707 2727; x_wconf 87' lang='lat' dir='ltr'><strong>ait</strong></span> <span class='ocrx_word' id='word_1_302' title='bbox 1750 2669 1921 2727; x_wconf 87' lang='lat' dir='ltr'><strong>Rom.</strong></span> <span class='ocrx_word' id='word_1_303' title='bbox 1966 2669 2027 2728; x_wconf 88' lang='lat' dir='ltr'><strong>ii.</strong></span> <span class='ocrx_word' id='word_1_304' title='bbox 2082 2671 2173 2745; x_wconf 92' lang='lat'>16,</span> <span class='ocrx_word' id='word_1_305' title='bbox 2222 2673 2407 2730; x_wconf 80' lang='lat' dir='ltr'><strong>Deum</strong></span> <span class='ocrx_word' id='word_1_306' title='bbox 2438 2673 2729 2748; x_wconf 51' lang='lat' dir='ltr'><strong>judicatu*</strong></span> 
     </span>
     <span class='ocr_line' id='line_1_30' title="bbox 839 2748 2733 2829; baseline 0.003 -25"><span class='ocrx_word' id='word_1_307' title='bbox 839 2765 969 2804; x_wconf 78' lang='lat' dir='ltr'><strong>rum</strong></span> <span class='ocrx_word' id='word_1_308' title='bbox 1013 2748 1256 2806; x_wconf 75' lang='lat' dir='ltr'><strong>homines</strong></span> <span class='ocrx_word' id='word_1_309' title='bbox 1298 2751 1600 2807; x_wconf 77' lang='lat' dir='ltr'><strong>secundum</strong></span> <span class='ocrx_word' id='word_1_310' title='bbox 1646 2750 2022 2826; x_wconf 74' lang='lat' dir='ltr'><strong>Ewnyelium</strong></span> <span class='ocrx_word' id='word_1_311' title='bbox 2070 2769 2247 2825; x_wconf 79' lang='lat' dir='ltr'><strong>suum,</strong></span> <span class='ocrx_word' id='word_1_312' title='bbox 2294 2769 2409 2809; x_wconf 86' lang='lat' dir='ltr'><strong>non</strong></span> <span class='ocrx_word' id='word_1_313' title='bbox 2464 2752 2733 2829; x_wconf 88' lang='lat' dir='ltr'><strong>proponit</strong></span> 
     </span>
     <span class='ocr_line' id='line_1_31' title="bbox 844 2826 2729 2908; baseline 0.003 -24"><span class='ocrx_word' id='word_1_314' title='bbox 844 2826 1231 2904; x_wconf 87' lang='lat' dir='ltr'><strong>Evangelium</strong></span> <span class='ocrx_word' id='word_1_315' title='bbox 1260 2828 1418 2906; x_wconf 89' lang='lat' dir='ltr'><strong>quod</strong></span> <span class='ocrx_word' id='word_1_316' title='bbox 1445 2827 1812 2906; x_wconf 71' lang='lat' dir='ltr'><strong>praedicabat,</strong></span> <span class='ocrx_word' id='word_1_317' title='bbox 1859 2837 1927 2888; x_wconf 90' lang='lat' dir='ltr'><strong>ut</strong></span> <span class='ocrx_word' id='word_1_318' title='bbox 1962 2847 2222 2888; x_wconf 90' lang='lat' dir='ltr'><strong>normam</strong></span> <span class='ocrx_word' id='word_1_319' title='bbox 2245 2830 2455 2908; x_wconf 87' lang='lat' dir='ltr'><strong>judicii</strong></span> <span class='ocrx_word' id='word_1_320' title='bbox 2500 2832 2729 2890; x_wconf 85' lang='lat' dir='ltr'><strong>univer·</strong></span> 
     </span>
     <span class='ocr_line' id='line_1_32' title="bbox 315 2903 2731 2988; baseline 0.003 -25"><span class='ocrx_word' id='word_1_321' title='bbox 315 2904 474 2981; x_wconf 88' lang='lat' dir='ltr'><strong>salis,</strong></span> <span class='ocrx_word' id='word_1_322' title='bbox 505 2903 664 2982; x_wconf 88' lang='lat' dir='ltr'><strong>quod</strong></span> <span class='ocrx_word' id='word_1_323' title='bbox 689 2905 816 2964; x_wconf 85' lang='lat' dir='ltr'><strong>fieri</strong></span> <span class='ocrx_word' id='word_1_324' title='bbox 843 2905 1017 2966; x_wconf 86' lang='lat' dir='ltr'><strong>debet</strong></span> <span class='ocrx_word' id='word_1_325' title='bbox 1059 2907 1133 2966; x_wconf 90' lang='lat' dir='ltr'><strong>de</strong></span> <span class='ocrx_word' id='word_1_326' title='bbox 1169 2907 1438 2966; x_wconf 90' lang='lat' dir='ltr'><strong>omnibus</strong></span> <span class='ocrx_word' id='word_1_327' title='bbox 1479 2917 1542 2967; x_wconf 85' lang='lat' dir='ltr'><strong>et</strong></span> <span class='ocrx_word' id='word_1_328' title='bbox 1591 2908 1838 2986; x_wconf 88' lang='lat' dir='ltr'><strong>singulis</strong></span> <span class='ocrx_word' id='word_1_329' title='bbox 1880 2909 2231 2986; x_wconf 88' lang='lat' dir='ltr'><strong>hominibus,</strong></span> <span class='ocrx_word' id='word_1_330' title='bbox 2278 2929 2409 2970; x_wconf 91' lang='lat' dir='ltr'><strong>cum</strong></span> <span class='ocrx_word' id='word_1_331' title='bbox 2457 2929 2731 2988; x_wconf 82' lang='lat' dir='ltr'><strong>expresse</strong></span> 
     </span>
     <span class='ocr_line' id='line_1_33' title="bbox 313 2984 2732 3068; baseline 0.003 -26"><span class='ocrx_word' id='word_1_332' title='bbox 313 2984 566 3045; x_wconf 87' lang='lat' dir='ltr'><strong>dixisset</strong></span> <span class='ocrx_word' id='word_1_333' title='bbox 592 3005 650 3045; x_wconf 90' lang='lat' dir='ltr'><strong>v.</strong></span> <span class='ocrx_word' id='word_1_334' title='bbox 685 2988 777 3062; x_wconf 87' lang='lat'><strong>12,</strong></span> <span class='ocrx_word' id='word_1_335' title='bbox 809 2987 932 3044; x_wconf 78' lang='lat' dir='ltr'><strong>Eos</strong></span> <span class='ocrx_word' id='word_1_336' title='bbox 959 2987 1060 3064; x_wconf 78' lang='lat' dir='ltr'><strong>qui</strong></span> <span class='ocrx_word' id='word_1_337' title='bbox 1076 2997 1388 3063; x_wconf 80' lang='lat' dir='ltr'><strong>peccarunt</strong></span> <span class='ocrx_word' id='word_1_338' title='bbox 1411 2989 1529 3047; x_wconf 72' lang='lat' dir='ltr'><strong>sine</strong></span> <span class='ocrx_word' id='word_1_339' title='bbox 1555 2991 1723 3064; x_wconf 64' lang='lat' dir='ltr'><strong>Lege,</strong></span> <span class='ocrx_word' id='word_1_340' title='bbox 1748 2990 2037 3065; x_wconf 76' lang='lat' dir='ltr'><strong>perituros</strong></span> <span class='ocrx_word' id='word_1_341' title='bbox 2062 2991 2181 3050; x_wconf 76' lang='lat' dir='ltr'><strong>sine</strong></span> <span class='ocrx_word' id='word_1_342' title='bbox 2206 2993 2374 3067; x_wconf 74' lang='lat' dir='ltr'><strong>Leye,</strong></span> <span class='ocrx_word' id='word_1_343' title='bbox 2406 2999 2461 3049; x_wconf 80' lang='lat' dir='ltr'><strong>et</strong></span> <span class='ocrx_word' id='word_1_344' title='bbox 2484 2992 2585 3068; x_wconf 74' lang='lat' dir='ltr'><strong>qui</strong></span> <span class='ocrx_word' id='word_1_345' title='bbox 2606 3010 2732 3049; x_wconf 80' lang='lat' dir='ltr'><strong>cum</strong></span> 
     </span>
     <span class='ocr_line' id='line_1_34' title="bbox 313 3065 2729 3143; baseline 0.003 -20"><span class='ocrx_word' id='word_1_346' title='bbox 313 3066 470 3142; x_wconf 64' lang='lat' dir='ltr'><strong>Lege</strong></span> <span class='ocrx_word' id='word_1_347' title='bbox 487 3065 815 3141; x_wconf 63' lang='lat' dir='ltr'><strong>peccarunt,</strong></span> <span class='ocrx_word' id='word_1_348' title='bbox 845 3084 922 3124; x_wconf 72' lang='lat' dir='ltr'><strong>ex</strong></span> <span class='ocrx_word' id='word_1_349' title='bbox 948 3067 1101 3143; x_wconf 71' lang='lat' dir='ltr'><strong>Leye</strong></span> <span class='ocrx_word' id='word_1_350' title='bbox 1112 3069 1459 3143; x_wconf 74' lang='lat' dir='ltr'><strong>judicandos</strong></span> <span class='ocrx_word' id='word_1_351' title='bbox 1485 3088 1601 3127; x_wconf 77' lang='lat' dir='ltr'><strong>esse</strong></span> <span class='ocrx_word' id='word_1_352' title='bbox 1615 3093 1640 3142; x_wconf 88' lang='lat'><strong>,·</strong></span> <span class='ocrx_word' id='word_1_353' title='bbox 1684 3068 1789 3128; x_wconf 86' lang='lat' dir='ltr'><strong>sed</strong></span> <span class='ocrx_word' id='word_1_354' title='bbox 1816 3070 2056 3128; x_wconf 82' lang='lat' dir='ltr'><strong>arcessit</strong></span> <span class='ocrx_word' id='word_1_355' title='bbox 2091 3067 2487 3130; x_wconf 84' lang='lat' dir='ltr'><strong>futuritionem</strong></span> <span class='ocrx_word' id='word_1_356' title='bbox 2514 3077 2729 3130; x_wconf 84' lang='lat' dir='ltr'><strong>certam</strong></span> 
     </span>
     <span class='ocr_line' id='line_1_35' title="bbox 309 3145 2729 3226; baseline 0.002 -23"><span class='ocrx_word' id='word_1_357' title='bbox 309 3145 538 3222; x_wconf 80' lang='lat' dir='ltr'><strong>judicii,</strong></span> <span class='ocrx_word' id='word_1_358' title='bbox 569 3155 630 3202; x_wconf 87' lang='lat' dir='ltr'><strong>et</strong></span> <span class='ocrx_word' id='word_1_359' title='bbox 655 3145 784 3221; x_wconf 88' lang='lat' dir='ltr'><strong>ejus</strong></span> <span class='ocrx_word' id='word_1_360' title='bbox 811 3146 1072 3206; x_wconf 86' lang='lat' dir='ltr'><strong>authoris</strong></span> <span class='ocrx_word' id='word_1_361' title='bbox 1104 3147 1178 3205; x_wconf 91' lang='lat' dir='ltr'><strong>ab</strong></span> <span class='ocrx_word' id='word_1_362' title='bbox 1219 3146 1510 3206; x_wconf 82' lang='lat' dir='ltr'><strong>infallibili</strong></span> <span class='ocrx_word' id='word_1_363' title='bbox 1549 3148 1681 3225; x_wconf 88' lang='lat' dir='ltr'><strong>ejus</strong></span> <span class='ocrx_word' id='word_1_364' title='bbox 1723 3147 2127 3226; x_wconf 83' lang='lat' dir='ltr'><strong>declaratione,</strong></span> <span class='ocrx_word' id='word_1_365' title='bbox 2171 3149 2319 3226; x_wconf 67' lang='lat' dir='ltr'><strong>quae&#39;</strong></span> <span class='ocrx_word' id='word_1_366' title='bbox 2343 3150 2497 3210; x_wconf 83' lang='lat' dir='ltr'><strong>facta</strong></span> <span class='ocrx_word' id='word_1_367' title='bbox 2536 3158 2626 3209; x_wconf 89' lang='lat' dir='ltr'><strong>est</strong></span> <span class='ocrx_word' id='word_1_368' title='bbox 2665 3149 2729 3208; x_wconf 89' lang='lat' dir='ltr'><strong>in</strong></span> 
     </span>
     <span class='ocr_line' id='line_1_36' title="bbox 318 3223 2731 3306; baseline 0.003 -25"><span class='ocrx_word' id='word_1_369' title='bbox 318 3223 662 3300; x_wconf 85' lang='lat' dir='ltr'><strong>Evangelio,</strong></span> <span class='ocrx_word' id='word_1_370' title='bbox 693 3225 862 3300; x_wconf 88' lang='lat' dir='ltr'><strong>cujus</strong></span> <span class='ocrx_word' id='word_1_371' title='bbox 888 3233 1013 3283; x_wconf 86' lang='lat' dir='ltr'><strong>erat</strong></span> <span class='ocrx_word' id='word_1_372' title='bbox 1042 3226 1327 3285; x_wconf 83' lang='lat' dir='ltr'><strong>Minister.</strong></span> <span class='ocrx_word' id='word_1_373' title='bbox 1414 3227 1509 3284; x_wconf 86' lang='lat' dir='ltr'><strong>Ita</strong></span> <span class='ocrx_word' id='word_1_374' title='bbox 1535 3227 1811 3304; x_wconf 85' lang='lat' dir='ltr'><strong>innuitur,</strong></span> <span class='ocrx_word' id='word_1_375' title='bbox 1840 3247 1958 3286; x_wconf 89' lang='lat' dir='ltr'><strong>non</strong></span> <span class='ocrx_word' id='word_1_376' title='bbox 1985 3233 2285 3288; x_wconf 76' lang='lat' dir='ltr'><strong>secundum</strong></span> <span class='ocrx_word' id='word_1_377' title='bbox 2312 3231 2463 3306; x_wconf 80' lang='lat' dir='ltr'><strong>quid,</strong></span> <span class='ocrx_word' id='word_1_378' title='bbox 2496 3230 2599 3289; x_wconf 88' lang='lat' dir='ltr'><strong>sed</strong></span> <span class='ocrx_word' id='word_1_379' title='bbox 2617 3249 2731 3306; x_wconf 82' lang='lat' dir='ltr'><strong>per</strong></span> 
     </span>
     <span class='ocr_line' id='line_1_37' title="bbox 318 3301 2727 3386; baseline 0.003 -26"><span class='ocrx_word' id='word_1_380' title='bbox 318 3323 482 3379; x_wconf 79' lang='lat' dir='ltr'><strong>quem</strong></span> <span class='ocrx_word' id='word_1_381' title='bbox 509 3303 585 3361; x_wconf 88' lang='lat' dir='ltr'><strong>sit</strong></span> <span class='ocrx_word' id='word_1_382' title='bbox 603 3301 968 3381; x_wconf 86' lang='lat' dir='ltr'><strong>judicaturus</strong></span> <span class='ocrx_word' id='word_1_383' title='bbox 998 3305 1176 3380; x_wconf 83' lang='lat' dir='ltr'><strong>Deus,</strong></span> <span class='ocrx_word' id='word_1_384' title='bbox 1207 3323 1412 3382; x_wconf 88' lang='lat' dir='ltr'><strong>nempe</strong></span> <span class='ocrx_word' id='word_1_385' title='bbox 1439 3324 1544 3382; x_wconf 86' lang='lat' dir='ltr'><strong>per</strong></span> <span class='ocrx_word' id='word_1_386' title='bbox 1589 3305 1972 3367; x_wconf 81' lang='lat' dir='ltr'><strong>Mediatorem</strong></span> <span class='ocrx_word' id='word_1_387' title='bbox 2012 3316 2287 3386; x_wconf 85' lang='lat' dir='ltr'><strong>tanquam</strong></span> <span class='ocrx_word' id='word_1_388' title='bbox 2337 3310 2382 3369; x_wconf 91' lang='lat' dir='ltr'><strong>J</strong></span> <span class='ocrx_word' id='word_1_389' title='bbox 2382 3309 2610 3368; x_wconf 86' lang='lat' dir='ltr'><strong>udicem</strong></span> <span class='ocrx_word' id='word_1_390' title='bbox 2638 3309 2727 3367; x_wconf 89' lang='lat' dir='ltr'><strong>vi-</strong></span> 
     </span>
     <span class='ocr_line' id='line_1_38' title="bbox 317 3381 2727 3520; baseline 0.003 -80"><span class='ocrx_word' id='word_1_391' title='bbox 317 3381 578 3441; x_wconf 85' lang='lat' dir='ltr'><strong>ventium</strong></span> <span class='ocrx_word' id='word_1_392' title='bbox 603 3390 1064 3520; x_wconf 47' lang='grc' dir='ltr'><strong>αξιοι-1110111111,</strong></span> <span class='ocrx_word' id='word_1_393' title='bbox 1095 3383 1254 3462; x_wconf 89' lang='lat' dir='ltr'><strong>quod</strong></span> <span class='ocrx_word' id='word_1_394' title='bbox 1279 3403 1414 3464; x_wconf 51' lang='lat' dir='ltr'><strong>⁹non</strong></span> <span class='ocrx_word' id='word_1_395' title='bbox 1439 3383 1502 3442; x_wconf 91' lang='grc'><strong>111</strong></span> <span class='ocrx_word' id='word_1_396' title='bbox 1530 3385 1707 3463; x_wconf 87' lang='lat' dir='ltr'><strong>Lege,</strong></span> <span class='ocrx_word' id='word_1_397' title='bbox 1741 3386 1845 3445; x_wconf 89' lang='lat' dir='ltr'><strong>sed</strong></span> <span class='ocrx_word' id='word_1_398' title='bbox 1870 3387 1933 3444; x_wconf 90' lang='lat' dir='ltr'><strong>in</strong></span> <span class='ocrx_word' id='word_1_399' title='bbox 1961 3387 2287 3464; x_wconf 88' lang='lat' dir='ltr'><strong>Evangelio</strong></span> <span class='ocrx_word' id='word_1_400' title='bbox 2326 3388 2583 3466; x_wconf 87' lang='lat' dir='ltr'><strong>docetur,</strong></span> <span class='ocrx_word' id='word_1_401' title='bbox 2628 3390 2673 3449; x_wconf 87' lang='lat' dir='ltr'><strong>J</strong></span> <span class='ocrx_word' id='word_1_402' title='bbox 2674 3383 2727 3448; x_wconf 77' lang='lat' dir='ltr'><strong>o.</strong></span> 
     </span>
     <span class='ocr_line' id='line_1_39' title="bbox 319 3462 1099 3523; baseline 0.001 -4"><span class='ocrx_word' id='word_1_403' title='bbox 319 3481 378 3519; x_wconf 87' lang='lat' dir='ltr'><strong>v.</strong></span> <span class='ocrx_word' id='word_1_404' title='bbox 407 3465 484 3520; x_wconf 87' lang='lat'><strong>22</strong></span> <span class='ocrx_word' id='word_1_405' title='bbox 535 3465 609 3520; x_wconf 85' lang='grc'><strong>27</strong></span> <span class='ocrx_word' id='word_1_406' title='bbox 724 3469 800 3521; x_wconf 86' lang='lat' dir='ltr'><strong>ct.</strong></span> <span class='ocrx_word' id='word_1_407' title='bbox 829 3462 973 3523; x_wconf 82' lang='lat' dir='ltr'><strong>xvii.</strong></span> <span class='ocrx_word' id='word_1_408' title='bbox 1003 3465 1099 3521; x_wconf 87' lang='lat'><strong>31.</strong></span> 
     </span>
    </p>

    <p class='ocr_par' dir='ltr' id='par_1_4' title="bbox 321 3505 2730 3703">
     <span class='ocr_line' id='line_1_40' title="bbox 403 3505 2726 3625; baseline 0.003 -25"><span class='ocrx_word' id='word_1_409' title='bbox 403 3505 524 3600; x_wconf 85' lang='lat' dir='ltr'>IX’.</span> <span class='ocrx_word' id='word_1_410' title='bbox 570 3507 735 3601; x_wconf 75' lang='lat' dir='ltr'><strong>Licet</strong></span> <span class='ocrx_word' id='word_1_411' title='bbox 763 3541 1150 3619; x_wconf 86' lang='lat' dir='ltr'><strong>Evangelium</strong></span> <span class='ocrx_word' id='word_1_412' title='bbox 1178 3539 1468 3601; x_wconf 81' lang='lat' dir='ltr'><strong>n&#39;eminem</strong></span> <span class='ocrx_word' id='word_1_413' title='bbox 1509 3542 1741 3602; x_wconf 82' lang='lat' dir='ltr'><strong>addicat</strong></span> <span class='ocrx_word' id='word_1_414' title='bbox 1782 3543 2138 3604; x_wconf 86' lang='lat' dir='ltr'><strong>damnationi</strong></span> <span class='ocrx_word' id='word_1_415' title='bbox 2179 3547 2255 3605; x_wconf 88' lang='lat' dir='ltr'><strong>ob</strong></span> <span class='ocrx_word' id='word_1_416' title='bbox 2296 3547 2481 3606; x_wconf 82' lang='lat' dir='ltr'><strong>solum</strong></span> <span class='ocrx_word' id='word_1_417' title='bbox 2524 3567 2726 3625; x_wconf 86' lang='lat' dir='ltr'><strong>pecca-</strong></span> 
     </span>
     <span class='ocr_line' id='line_1_41' title="bbox 321 3621 2730 3703; baseline 0.002 -23"><span class='ocrx_word' id='word_1_418' title='bbox 321 3629 446 3680; x_wconf 88' lang='lat' dir='ltr'><strong>tum</strong></span> <span class='ocrx_word' id='word_1_419' title='bbox 483 3621 800 3699; x_wconf 88' lang='lat' dir='ltr'><strong>originale;</strong></span> <span class='ocrx_word' id='word_1_420' title='bbox 845 3622 901 3681; x_wconf 90' lang='lat' dir='ltr'>N</span> <span class='ocrx_word' id='word_1_421' title='bbox 903 3641 979 3681; x_wconf 90' lang='lat' dir='ltr'><strong>on</strong></span> <span class='ocrx_word' id='word_1_422' title='bbox 1029 3622 1290 3700; x_wconf 85' lang='lat' dir='ltr'><strong>sequitur</strong></span> <span class='ocrx_word' id='word_1_423' title='bbox 1333 3641 1442 3681; x_wconf 88' lang='lat' dir='ltr'><strong>nec</strong></span> <span class='ocrx_word' id='word_1_424' title='bbox 1492 3623 1681 3682; x_wconf 88' lang='lat' dir='ltr'><strong>Deum</strong></span> <span class='ocrx_word' id='word_1_425' title='bbox 1730 3641 2078 3700; x_wconf 88' lang='lat' dir='ltr'><strong>quemquam</strong></span> <span class='ocrx_word' id='word_1_426' title='bbox 2114 3625 2191 3682; x_wconf 93' lang='lat' dir='ltr'><strong>ob</strong></span> <span class='ocrx_word' id='word_1_427' title='bbox 2236 3624 2383 3684; x_wconf 87' lang='lat' dir='ltr'><strong>illud</strong></span> <span class='ocrx_word' id='word_1_428' title='bbox 2423 3627 2730 3703; x_wconf 82' lang='lat' dir='ltr'><strong>reprobare</strong></span> 
     </span>
    </p>
   </div>
   <div class='ocr_carea' id='block_1_3' title="bbox 397 2733 739 2838">
    <p class='ocr_par' dir='ltr' id='par_1_5' title="bbox 397 2733 739 2838">
     <span class='ocr_line' id='line_1_42' title="bbox 397 2733 739 2780; baseline -0.006 0"><span class='ocrx_word' id='word_1_429' title='bbox 397 2733 580 2780; x_wconf 79' lang='lat' dir='ltr'><strong>Fontes</strong></span> <span class='ocrx_word' id='word_1_430' title='bbox 601 2733 739 2780; x_wconf 84' lang='lat' dir='ltr'><strong>Solu-</strong></span> 
     </span>
     <span class='ocr_line' id='line_1_43' title="bbox 455 2793 661 2838; baseline -0.01 0"><span class='ocrx_word' id='word_1_431' title='bbox 455 2793 661 2838; x_wconf 84' lang='lat' dir='ltr'><strong>tionum.</strong></span> 
     </span>
    </p>
   </div>
   <div class='ocr_carea' id='block_1_4' title="bbox 322 3701 2844 3782">
    <p class='ocr_par' dir='ltr' id='par_1_6' title="bbox 322 3701 2844 3782">
     <span class='ocr_line' id='line_1_44' title="bbox 322 3701 2844 3782; baseline 0.004 -23"><span class='ocrx_word' id='word_1_432' title='bbox 322 3719 492 3778; x_wconf 88' lang='lat' dir='ltr'><strong>posse</strong></span> <span class='ocrx_word' id='word_1_433' title='bbox 515 3722 530 3776; x_wconf 92' lang='lat'>;</span> <span class='ocrx_word' id='word_1_434' title='bbox 574 3702 685 3760; x_wconf 87' lang='lat' dir='ltr'><strong>hoc</strong></span> <span class='ocrx_word' id='word_1_435' title='bbox 713 3701 866 3760; x_wconf 89' lang='lat' dir='ltr'><strong>enim</strong></span> <span class='ocrx_word' id='word_1_436' title='bbox 893 3721 1011 3760; x_wconf 91' lang='lat' dir='ltr'><strong>non</strong></span> <span class='ocrx_word' id='word_1_437' title='bbox 1038 3703 1170 3762; x_wconf 91' lang='lat' dir='ltr'><strong>ideo</strong></span> <span class='ocrx_word' id='word_1_438' title='bbox 1198 3702 1280 3779; x_wconf 88' lang='lat' dir='ltr'><strong>fit,</strong></span> <span class='ocrx_word' id='word_1_439' title='bbox 1310 3701 1478 3779; x_wconf 89' lang='lat' dir='ltr'><strong>quasi</strong></span> <span class='ocrx_word' id='word_1_440' title='bbox 1504 3721 1677 3761; x_wconf 88' lang='lat' dir='ltr'><strong>nemo</strong></span> <span class='ocrx_word' id='word_1_441' title='bbox 1703 3702 2009 3763; x_wconf 84' lang='lat' dir='ltr'><strong>damnetur</strong></span> <span class='ocrx_word' id='word_1_442' title='bbox 2033 3711 2265 3782; x_wconf 90' lang='lat' dir='ltr'><strong>propter</strong></span> <span class='ocrx_word' id='word_1_443' title='bbox 2291 3713 2591 3781; x_wconf 87' lang='lat' dir='ltr'><strong>peccatum</strong></span> <span class='ocrx_word' id='word_1_444' title='bbox 2619 3707 2731 3765; x_wconf 77' lang='lat' dir='ltr'><strong>ori·</strong></span> <span class='ocrx_word' id='word_1_445' title='bbox 2834 3760 2844 3768; x_wconf 88' lang='lat'><em>.</em></span> 
     </span>
    </p>
   </div>
   <div class='ocr_carea' id='block_1_5' title="bbox 325 3779 2735 4659">
    <p class='ocr_par' dir='ltr' id='par_1_7' title="bbox 325 3779 2729 3938">
     <span class='ocr_line' id='line_1_45' title="bbox 325 3779 2729 3863; baseline 0.002 -24"><span class='ocrx_word' id='word_1_446' title='bbox 325 3781 534 3858; x_wconf 84' lang='lat' dir='ltr'><strong>ginale,</strong></span> <span class='ocrx_word' id='word_1_447' title='bbox 567 3781 670 3840; x_wconf 84' lang='lat' dir='ltr'><strong>sed</strong></span> <span class='ocrx_word' id='word_1_448' title='bbox 697 3779 837 3858; x_wconf 85' lang='lat' dir='ltr'><strong>quia</strong></span> <span class='ocrx_word' id='word_1_449' title='bbox 860 3781 1021 3841; x_wconf 83' lang='lat' dir='ltr'><strong>aliud</strong></span> <span class='ocrx_word' id='word_1_450' title='bbox 1047 3791 1138 3842; x_wconf 88' lang='lat' dir='ltr'><strong>est</strong></span> <span class='ocrx_word' id='word_1_451' title='bbox 1165 3782 1414 3842; x_wconf 89' lang='lat' dir='ltr'><strong>officium</strong></span> <span class='ocrx_word' id='word_1_452' title='bbox 1445 3782 1772 3859; x_wconf 77' lang='lat' dir='ltr'><strong>Evangelii,</strong></span> <span class='ocrx_word' id='word_1_453' title='bbox 1804 3784 1848 3843; x_wconf 86' lang='lat' dir='ltr'>J</span> <span class='ocrx_word' id='word_1_454' title='bbox 1850 3802 1903 3841; x_wconf 90' lang='lat'><strong>0.</strong></span> <span class='ocrx_word' id='word_1_455' title='bbox 1949 3781 2031 3842; x_wconf 89' lang='lat' dir='ltr'><strong>iii.</strong></span> <span class='ocrx_word' id='word_1_456' title='bbox 2079 3787 2174 3861; x_wconf 84' lang='lat'><strong>36,</strong></span> <span class='ocrx_word' id='word_1_457' title='bbox 2220 3793 2280 3844; x_wconf 90' lang='lat' dir='ltr'><strong>et</strong></span> <span class='ocrx_word' id='word_1_458' title='bbox 2324 3784 2481 3844; x_wconf 90' lang='lat' dir='ltr'><strong>aliud</strong></span> <span class='ocrx_word' id='word_1_459' title='bbox 2533 3785 2729 3863; x_wconf 87' lang='lat' dir='ltr'><strong>Legis,</strong></span> 
     </span>
     <span class='ocr_line' id='line_1_46' title="bbox 328 3860 1168 3938; baseline 0.004 -19"><span class='ocrx_word' id='word_1_460' title='bbox 328 3861 499 3920; x_wconf 89' lang='lat' dir='ltr'><strong>Rom.</strong></span> <span class='ocrx_word' id='word_1_461' title='bbox 525 3860 608 3919; x_wconf 88' lang='lat' dir='ltr'><strong>iii.</strong></span> <span class='ocrx_word' id='word_1_462' title='bbox 643 3862 736 3937; x_wconf 91' lang='lat'><strong>18,</strong></span> <span class='ocrx_word' id='word_1_463' title='bbox 772 3863 864 3938; x_wconf 86' lang='lat'>19,</span> <span class='ocrx_word' id='word_1_464' title='bbox 895 3869 956 3921; x_wconf 88' lang='lat' dir='ltr'><strong>et</strong></span> <span class='ocrx_word' id='word_1_465' title='bbox 981 3862 1040 3921; x_wconf 91' lang='lat' dir='ltr'><strong>ii.</strong></span> <span class='ocrx_word' id='word_1_466' title='bbox 1075 3866 1168 3923; x_wconf 91' lang='lat'>12.</span> 
     </span>
    </p>

    <p class='ocr_par' dir='ltr' id='par_1_8' title="bbox 326 3939 2735 4659">
     <span class='ocr_line' id='line_1_47' title="bbox 419 3939 2733 4021; baseline 0.002 -24"><span class='ocrx_word' id='word_1_467' title='bbox 419 3939 503 3998; x_wconf 88' lang='lat' dir='ltr'><strong>X.</strong></span> <span class='ocrx_word' id='word_1_468' title='bbox 549 3941 826 4015; x_wconf 84' lang='lat' dir='ltr'><strong>Quamvis</strong></span> <span class='ocrx_word' id='word_1_469' title='bbox 881 3961 1081 4001; x_wconf 86' lang='lat' dir='ltr'><strong>omnes</strong></span> <span class='ocrx_word' id='word_1_470' title='bbox 1135 3943 1328 4002; x_wconf 90' lang='lat' dir='ltr'><strong>vocati</strong></span> <span class='ocrx_word' id='word_1_471' title='bbox 1381 3943 1483 4020; x_wconf 91' lang='lat' dir='ltr'><strong>qui</strong></span> <span class='ocrx_word' id='word_1_472' title='bbox 1535 3941 1813 4002; x_wconf 82' lang='lat' dir='ltr'><strong>resistunt</strong></span> <span class='ocrx_word' id='word_1_473' title='bbox 1859 3943 2166 4020; x_wconf 87' lang='lat' dir='ltr'><strong>vocationi,</strong></span> <span class='ocrx_word' id='word_1_474' title='bbox 2222 3952 2284 4003; x_wconf 91' lang='lat' dir='ltr'><strong>et</strong></span> <span class='ocrx_word' id='word_1_475' title='bbox 2330 3943 2574 4020; x_wconf 70' lang='lat' dir='ltr'><strong>gratiam</strong></span> <span class='ocrx_word' id='word_1_476' title='bbox 2628 3963 2733 4021; x_wconf 89' lang='lat' dir='ltr'><strong>per</strong></span> 
     </span>
     <span class='ocr_line' id='line_1_48' title="bbox 327 4020 2728 4102; baseline 0.002 -24"><span class='ocrx_word' id='word_1_477' title='bbox 327 4020 717 4098; x_wconf 85' lang='lat' dir='ltr'><strong>Evangelium</strong></span> <span class='ocrx_word' id='word_1_478' title='bbox 771 4021 1024 4081; x_wconf 81' lang='lat' dir='ltr'><strong>oblatam</strong></span> <span class='ocrx_word' id='word_1_479' title='bbox 1079 4031 1374 4101; x_wconf 87' lang='lat' dir='ltr'><strong>respuunt,</strong></span> <span class='ocrx_word' id='word_1_480' title='bbox 1443 4030 1680 4100; x_wconf 87' lang='lat' dir='ltr'><strong>propter</strong></span> <span class='ocrx_word' id='word_1_481' title='bbox 1734 4021 2196 4082; x_wconf 84' lang='lat' dir='ltr'><strong>incredulitatem</strong></span> <span class='ocrx_word' id='word_1_482' title='bbox 2258 4021 2728 4102; x_wconf 88' lang='lat' dir='ltr'><strong>condemnentur,</strong></span> 
     </span>
     <span class='ocr_line' id='line_1_49' title="bbox 326 4101 2731 4180; baseline 0.002 -21"><span class='ocrx_word' id='word_1_483' title='bbox 326 4119 442 4178; x_wconf 89' lang='lat' dir='ltr'><strong>quo</strong></span> <span class='ocrx_word' id='word_1_484' title='bbox 471 4119 646 4160; x_wconf 86' lang='lat' dir='ltr'><strong>sensu</strong></span> <span class='ocrx_word' id='word_1_485' title='bbox 671 4101 854 4160; x_wconf 80' lang='lat' dir='ltr'><strong>verbe</strong></span> <span class='ocrx_word' id='word_1_486' title='bbox 881 4101 1096 4161; x_wconf 86' lang='lat' dir='ltr'><strong>Christi</strong></span> <span class='ocrx_word' id='word_1_487' title='bbox 1140 4110 1276 4162; x_wconf 87' lang='lat' dir='ltr'><strong>sunt</strong></span> <span class='ocrx_word' id='word_1_488' title='bbox 1315 4101 1711 4180; x_wconf 87' lang='lat' dir='ltr'><strong>intelligenda,</strong></span> <span class='ocrx_word' id='word_1_489' title='bbox 1742 4102 1786 4163; x_wconf 84' lang='lat' dir='ltr'><strong>J</strong></span> <span class='ocrx_word' id='word_1_490' title='bbox 1790 4122 1842 4161; x_wconf 89' lang='lat'><strong>0.</strong></span> <span class='ocrx_word' id='word_1_491' title='bbox 1873 4101 1953 4160; x_wconf 90' lang='lat' dir='ltr'><strong>iii.</strong></span> <span class='ocrx_word' id='word_1_492' title='bbox 1990 4105 2080 4178; x_wconf 90' lang='lat'>18,</span> <span class='ocrx_word' id='word_1_493' title='bbox 2115 4106 2210 4179; x_wconf 83' lang='lat'><strong>36,</strong></span> <span class='ocrx_word' id='word_1_494' title='bbox 2241 4122 2359 4162; x_wconf 91' lang='lat' dir='ltr'><strong>non</strong></span> <span class='ocrx_word' id='word_1_495' title='bbox 2406 4103 2579 4164; x_wconf 88' lang='lat' dir='ltr'><strong>infert</strong></span> <span class='ocrx_word' id='word_1_496' title='bbox 2620 4104 2731 4164; x_wconf 89' lang='lat' dir='ltr'><strong>hoc</strong></span> 
     </span>
     <span class='ocr_line' id='line_1_50' title="bbox 327 4181 2730 4262; baseline 0.002 -24"><span class='ocrx_word' id='word_1_497' title='bbox 327 4189 538 4256; x_wconf 86' lang='lat' dir='ltr'><strong>tamen,</strong></span> <span class='ocrx_word' id='word_1_498' title='bbox 570 4181 858 4240; x_wconf 86' lang='lat' dir='ltr'><strong>neminem</strong></span> <span class='ocrx_word' id='word_1_499' title='bbox 886 4182 1182 4258; x_wconf 88' lang='lat' dir='ltr'><strong>reprobari</strong></span> <span class='ocrx_word' id='word_1_500' title='bbox 1207 4182 1322 4242; x_wconf 90' lang='lat' dir='ltr'><strong>nisi</strong></span> <span class='ocrx_word' id='word_1_501' title='bbox 1341 4203 1458 4260; x_wconf 88' lang='lat' dir='ltr'><strong>qua</strong></span> <span class='ocrx_word' id='word_1_502' title='bbox 1483 4182 1879 4258; x_wconf 82' lang='lat' dir='ltr'><strong>incredulum3</strong></span> <span class='ocrx_word' id='word_1_503' title='bbox 1926 4181 2076 4258; x_wconf 86' lang='lat' dir='ltr'><strong>Quia</strong></span> <span class='ocrx_word' id='word_1_504' title='bbox 2104 4183 2217 4242; x_wconf 85' lang='lat' dir='ltr'><strong>alia</strong></span> <span class='ocrx_word' id='word_1_505' title='bbox 2242 4191 2334 4242; x_wconf 89' lang='lat' dir='ltr'><strong>est</strong></span> <span class='ocrx_word' id='word_1_506' title='bbox 2360 4184 2507 4243; x_wconf 89' lang='lat' dir='ltr'><strong>ratio</strong></span> <span class='ocrx_word' id='word_1_507' title='bbox 2534 4205 2730 4262; x_wconf 79' lang='lat' dir='ltr'><strong>repro-</strong></span> 
     </span>
     <span class='ocr_line' id='line_1_51' title="bbox 328 4260 2729 4342; baseline 0.002 -23"><span class='ocrx_word' id='word_1_508' title='bbox 328 4260 596 4336; x_wconf 78' lang='lat' dir='ltr'><strong>bationis,</strong></span> <span class='ocrx_word' id='word_1_509' title='bbox 627 4261 743 4319; x_wconf 87' lang='lat' dir='ltr'><strong>alia</strong></span> <span class='ocrx_word' id='word_1_510' title='bbox 767 4261 1154 4320; x_wconf 85' lang='lat' dir='ltr'><strong>damnationis</strong></span> <span class='ocrx_word' id='word_1_511' title='bbox 1173 4285 1187 4338; x_wconf 71' lang='grc' dir='ltr'><strong><em>ς</em></strong></span> <span class='ocrx_word' id='word_1_512' title='bbox 1227 4262 1342 4321; x_wconf 86' lang='lat' dir='ltr'><strong>alia</strong></span> <span class='ocrx_word' id='word_1_513' title='bbox 1361 4271 1699 4323; x_wconf 86' lang='lat' dir='ltr'><strong>vocatorum</strong></span> <span class='ocrx_word' id='word_1_514' title='bbox 1716 4282 1823 4340; x_wconf 90' lang='lat' dir='ltr'><strong>per</strong></span> <span class='ocrx_word' id='word_1_515' title='bbox 1844 4263 2247 4342; x_wconf 86' lang='lat' dir='ltr'><strong>Evangelium,</strong></span> <span class='ocrx_word' id='word_1_516' title='bbox 2278 4263 2394 4322; x_wconf 89' lang='lat' dir='ltr'><strong>alia</strong></span> <span class='ocrx_word' id='word_1_517' title='bbox 2420 4283 2537 4323; x_wconf 89' lang='lat' dir='ltr'><strong>non</strong></span> <span class='ocrx_word' id='word_1_518' title='bbox 2557 4285 2729 4326; x_wconf 87' lang='lat' dir='ltr'><strong>voca-</strong></span> 
     </span>
     <span class='ocr_line' id='line_1_52' title="bbox 327 4341 2734 4422; baseline 0.002 -23"><span class='ocrx_word' id='word_1_519' title='bbox 327 4349 535 4417; x_wconf 87' lang='lat' dir='ltr'><strong>torum,</strong></span> <span class='ocrx_word' id='word_1_520' title='bbox 565 4341 670 4418; x_wconf 86' lang='lat' dir='ltr'><strong>qui</strong></span> <span class='ocrx_word' id='word_1_521' title='bbox 709 4359 826 4399; x_wconf 88' lang='lat' dir='ltr'><strong>non</strong></span> <span class='ocrx_word' id='word_1_522' title='bbox 867 4349 1112 4418; x_wconf 88' lang='lat' dir='ltr'><strong>possunt</strong></span> <span class='ocrx_word' id='word_1_523' title='bbox 1138 4342 1398 4402; x_wconf 87' lang='lat' dir='ltr'><strong>damnari</strong></span> <span class='ocrx_word' id='word_1_524' title='bbox 1437 4351 1674 4421; x_wconf 91' lang='lat' dir='ltr'><strong>propter</strong></span> <span class='ocrx_word' id='word_1_525' title='bbox 1698 4343 2070 4422; x_wconf 87' lang='lat' dir='ltr'><strong>rejectionem</strong></span> <span class='ocrx_word' id='word_1_526' title='bbox 2100 4343 2313 4404; x_wconf 87' lang='lat' dir='ltr'><strong>Christi</strong></span> <span class='ocrx_word' id='word_1_527' title='bbox 2342 4345 2415 4404; x_wconf 89' lang='lat' dir='ltr'><strong>de</strong></span> <span class='ocrx_word' id='word_1_528' title='bbox 2443 4363 2558 4422; x_wconf 88' lang='lat' dir='ltr'><strong>quo</strong></span> <span class='ocrx_word' id='word_1_529' title='bbox 2585 4345 2734 4403; x_wconf 85' lang='lat' dir='ltr'><strong>nihil</strong></span> 
     </span>
     <span class='ocr_line' id='line_1_53' title="bbox 327 4420 2735 4519; baseline 0.002 -41"><span class='ocrx_word' id='word_1_530' title='bbox 327 4439 585 4514; x_wconf 71' lang='lat' dir='ltr'><strong>unquam</strong></span> <span class='ocrx_word' id='word_1_531' title='bbox 633 4420 998 4482; x_wconf 85' lang='lat' dir='ltr'><strong>audiverunt.</strong></span> <span class='ocrx_word' id='word_1_532' title='bbox 1050 4501 1064 4516; x_wconf 50' lang='lat'><strong>·</strong></span> <span class='ocrx_word' id='word_1_533' title='bbox 1097 4423 1220 4482; x_wconf 87' lang='lat' dir='ltr'><strong>Nec</strong></span> <span class='ocrx_word' id='word_1_534' title='bbox 1269 4423 1320 4482; x_wconf 90' lang='lat' dir='ltr'><strong>si</strong></span> <span class='ocrx_word' id='word_1_535' title='bbox 1363 4423 1644 4482; x_wconf 86' lang='lat' dir='ltr'><strong>increduli</strong></span> <span class='ocrx_word' id='word_1_536' title='bbox 1692 4421 1965 4483; x_wconf 88' lang='lat' dir='ltr'><strong>dicuntur</strong></span> <span class='ocrx_word' id='word_1_537' title='bbox 2010 4423 2450 4519; x_wconf 67' lang='lat' dir='ltr'><strong>condemnandi,</strong></span> <span class='ocrx_word' id='word_1_538' title='bbox 2499 4425 2735 4519; x_wconf 74' lang='lat' dir='ltr'><strong>ponitur</strong></span> 
     </span>
     <span class='ocr_line' id='line_1_54' title="bbox 327 4499 2733 4659; baseline 0.002 -99"><span class='ocrx_word' id='word_1_539' title='bbox 327 4499 824 4659; x_wconf 50' lang='grc' dir='ltr'><strong>ῗῖιξθιιέιαῗέῗᾶῃῖζ</strong></span> <span class='ocrx_word' id='word_1_540' title='bbox 845 4501 1304 4642; x_wconf 51' lang='grc' dir='ltr'><strong>101ξὲιέῖέἕοεο</strong></span> <span class='ocrx_word' id='word_1_541' title='bbox 1331 4502 1834 4580; x_wconf 85' lang='lat' dir='ltr'><strong>condemnandos,</strong></span> <span class='ocrx_word' id='word_1_542' title='bbox 1866 4504 2148 4582; x_wconf 81' lang='lat' dir='ltr'><strong>Nuspiam</strong></span> <span class='ocrx_word' id='word_1_543' title='bbox 2168 4523 2322 4564; x_wconf 88' lang='lat' dir='ltr'><strong>emm</strong></span> <span class='ocrx_word' id='word_1_544' title='bbox 2346 4505 2733 4581; x_wconf 86' lang='lat' dir='ltr'><strong>Evangelmm</strong></span> 
     </span>
    </p>
   </div>
   <div class='ocr_carea' id='block_1_6' title="bbox 412 4661 2869 4741">
    <p class='ocr_par' dir='ltr' id='par_1_9' title="bbox 412 4661 2869 4741">
     <span class='ocr_line' id='line_1_55' title="bbox 412 4661 2869 4741; baseline 0.003 -23"><span class='ocrx_word' id='word_1_545' title='bbox 412 4661 532 4719; x_wconf 88' lang='lat' dir='ltr'><strong>XI.</strong></span> <span class='ocrx_word' id='word_1_546' title='bbox 579 4661 744 4720; x_wconf 87' lang='lat' dir='ltr'><strong>Licet</strong></span> <span class='ocrx_word' id='word_1_547' title='bbox 785 4661 1048 4721; x_wconf 85' lang='lat' dir='ltr'><strong>doctrina</strong></span> <span class='ocrx_word' id='word_1_548' title='bbox 1076 4663 1396 4722; x_wconf 84' lang='lat' dir='ltr'><strong>Electionis</strong></span> <span class='ocrx_word' id='word_1_549' title='bbox 1423 4681 1498 4721; x_wconf 85' lang='lat' dir='ltr'><strong>ex</strong></span> <span class='ocrx_word' id='word_1_550' title='bbox 1529 4662 1653 4722; x_wconf 88' lang='lat' dir='ltr'><strong>solo</strong></span> <span class='ocrx_word' id='word_1_551' title='bbox 1682 4663 2007 4741; x_wconf 88' lang='lat' dir='ltr'><strong>Evangelio</strong></span> <span class='ocrx_word' id='word_1_552' title='bbox 2048 4663 2298 4741; x_wconf 86' lang='lat' dir='ltr'><strong>petenda</strong></span> <span class='ocrx_word' id='word_1_553' title='bbox 2326 4663 2417 4741; x_wconf 87' lang='lat' dir='ltr'><strong>sit,</strong></span> <span class='ocrx_word' id='word_1_554' title='bbox 2451 4663 2587 4741; x_wconf 87' lang='lat' dir='ltr'><strong>quia</strong></span> <span class='ocrx_word' id='word_1_555' title='bbox 2612 4670 2737 4722; x_wconf 82' lang='lat' dir='ltr'><strong>tota</strong></span> <span class='ocrx_word' id='word_1_556' title='bbox 2858 4715 2869 4725; x_wconf 95' lang='grc'><strong>,</strong></span> 
     </span>
    </p>
   </div>
  </div>
 </body>
</html>
