3300 5225
610 223 727 281 468
1588 236 1772 279 Locus
1801 233 2042 277 senus.
2637 211 2970 295 [Qum.
3015 228 3142 269 vm

614 430 850 482 Secundo.
928 430 1098 477 Provi-

672 663 1085 709 terminationem.

612 1096 787 1155 minis
814 1116 850 1155 a
874 1106 1113 1174 peccato
1140 1095 1459 1169 avocandO,
1490 1095 1649 1173 quod
1676 1095 1960 1172 exemplis
1990 1093 2264 1169 Labanis,
2309 1094 2506 1169 Esavi,
2553 1094 2834 1167 Bileami,
2909 1093 3080 1152 Sen-

610 1175 925 1313 gacheribi,
954 1185 1016 1237 et
1041 1176 1285 1236 aliorum
1310 1176 1564 1255 plurium
1591 1184 1856 1235 constare
1882 1182 2090 1253 potest,
2119 1174 2383 1253 inprimis
2409 1192 2484 1233 ex
2519 1174 2770 1233 historia
2795 1174 2852 1233 J
2853 1174 2984 1232 obi
3013 1182 3079 1231 et

660 1256 847 1315 hristi.

612 1358 798 1413 Tertio.
850 1360 981 1405 circa.
1037 1361 1095 1405 fi·
1191 1335 1348 1395 XX.
1380 1334 1647 1413 Denique
1668 1335 1862 1413 quoad
1869 1337 2066 1414 finem,
2086 1334 2148 1393 in
2173 1334 2304 1412 ejus
2328 1334 2572 1411 sapienti
2586 1334 2984 1393 ordinatione
3003 1342 3066 1391 et

667 1433 781 1465 nem
822 1434 911 1478 per
942 1418 1096 1465 direc-
1134 1416 1454 1490 directione,
1484 1414 1621 1474 dum
1648 1424 1861 1492 praeter
1897 1414 2123 1493 peccati
2161 1422 2444 1489 naturam,
2487 1421 2549 1473 et
2593 1413 2917 1492 peccantis
2949 1434 3060 1471 vo-

669 1482 867 1523 ²²⁰¹¹⁰¹¹¹·
1134 1495 1435 1571 luntatem,
1466 1514 1571 1572 pro
1599 1494 1884 1573 sapientia
1909 1504 1970 1554 et
1994 1494 2256 1573 potentia
2283 1514 2388 1553 sua
2423 1493 2640 1553 malum
2692 1494 2754 1552 in
2807 1494 3056 1552 bonum

612 1576 916 1650 convertit,
946 1582 1007 1634 et
1032 1574 1109 1634 ad
1134 1575 1351 1633 bonum
1378 1574 1553 1633 finem
1581 1574 1782 1651 dirigit
1809 1584 1868 1635 et
1895 1574 2149 1634 deducit.
2242 1576 2352 1633 Vos
2379 1574 2772 1650 coyitaveratss
2802 1574 2868 1631 in
2915 1594 3052 1631 ma-

612 1658 745 1729 lum,
776 1654 967 1732 inquit
992 1654 1035 1714 J
1040 1655 1310 1731 osephus,
1342 1654 1492 1713 Gen.
1534 1654 1575 1713 1.
1606 1656 1703 1729 20,
1732 1656 1837 1713 sed
1858 1657 2019 1714 Deus
2058 1654 2322 1733 coyitavit
2343 1655 2405 1713 in
2441 1656 2661 1729 bonum,
2691 1651 2810 1711 &c.
2861 1654 3050 1729 cujus

613 1735 801 1793 simile
830 1734 1161 1811 exemplum
1188 1742 1352 1792 extat
1382 1733 1498 1793 Isa.
1528 1753 1589 1792 x.
1619 1736 1678 1807 5,
1707 1736 1764 1809 6,
1796 1738 1829 1793 7
1853 1756 1868 1811 ;
1912 1734 2053 1795 Job.
2080 1734 2121 1793 i.
2151 1737 2248 1811 20,
2293 1736 2392 1809 21,
2431 1737 2530 1808 22,
2579 1742 2640 1793 et
2684 1732 2746 1791 ii.
2795 1735 2860 1807 9,
2925 1736 3047 1805 10;

613 1814 752 1873 Ac't.
781 1813 862 1872 iii.
898 1814 990 1889 13,
1025 1817 1119 1889 14,
1152 1814 1247 1873 15.
1332 1812 1633 1873 Ordinatio
1655 1822 1850 1873 autem
1877 1814 2006 1889 ista,
2035 1834 2077 1873 a
2093 1815 2406 1890 posteriori
2425 1832 2545 1871 non
2571 1821 2662 1872 est
2686 1812 3046 1889 intelligen-

612 1893 705 1969 da,
736 1892 903 1970 quasi
933 1894 1095 1953 Deus
1120 1892 1369 1971 praevisa
1395 1892 1706 1952 existentia
1741 1894 1966 1972 peccati
2012 1895 2295 1972 cogitaret
2331 1893 2406 1953 de
2451 1892 2566 1951 fine
2593 1893 2786 1967 illius;
2839 1893 2974 1952 Sed
3003 1914 3049 1950 a

603 1974 812 2051 priori,
842 1993 947 2051 per
972 1993 1147 2051 quam
1177 1974 1339 2032 Deus
1368 1972 1481 2031 sibi
1522 1974 1794 2051 proponit
1827 1973 2020 2049 finem,
2049 1993 2224 2050 quem
2268 1993 2374 2052 per
2413 1980 2763 2049 peccatores,
2817 1981 2885 2031 et
2933 1992 3044 2031 ac-

610 2053 799 2113 tiones
835 2054 1266 2131 peccaminosas
1306 2053 1437 2111 vult
1475 2071 1801 2130 procurare,
1845 2053 1921 2111 ad
1957 2072 2130 2130 quem
2171 2053 2347 2112 etism
2386 2052 2520 2112 illas
2562 2072 2668 2111 sua
2705 2052 3042 2128 providen-

610 2133 695 2193 tia
716 2132 951 2272 ‘girigin
982 2133 1119 2211 quia
1144 2133 1289 2192 alias
1318 2132 1605 2192 ordinatio
1643 2132 1760 2193 ista
1783 2132 1918 2193 finis
1955 2131 2107 2192 foret
2139 2140 2368 2193 tantum
2393 2126 2792 2208 occasionalis,
2831 2139 2898 2191 et
2923 2152 3042 2209 per

610 2233 733 2273 acm
776 2232 897 2273 ens.

693 2293 882 2351 XXI.
916 2293 1346 2371 Qualiscunque
1372 2313 1513 2353 vero
1542 2293 1618 2353 sit
1647 2294 1762 2353 Dei
1788 2294 1939 2353 actio
1965 2293 2120 2353 cirea
2143 2300 2398 2372 peccata,
2423 2297 2619 2352 manet
2643 2300 2840 2351 tamen
2869 2310 3034 2350 sem-

610 2392 715 2450 per
744 2372 1121 2432 Providentia
1148 2381 1349 2432 sancta
1372 2382 1434 2432 et
1454 2374 1728 2433 immunis
1755 2374 1830 2433 ab
1857 2374 2014 2433 omni
2041 2374 2230 2452 culpe,
2259 2382 2326 2432 ut
2351 2373 2498 2431 radii
2539 2373 2754 2431 solares
2781 2390 2904 2430 non
2931 2372 3032 2429 in-

610 2452 901 2527 ficiuntur,
929 2453 1067 2512 licet
1092 2454 1155 2511 in
1184 2452 1383 2512 sordes
1426 2461 1528 2512 aut
1554 2452 1807 2512 cadaver
1845 2452 2107 2513 influant.
2192 2454 2272 2512 Et
2311 2452 2361 2511 si
2401 2452 2634 2529 quando
2672 2451 2828 2509 idem
2871 2472 3030 2529 opus

610 2532 758 2605 De0,
792 2532 1059 2604 Diabolo,
1089 2542 1150 2592 et
1178 2532 1371 2610 impiis
1399 2533 1690 2606 tribuitur,
1721 2541 1788 2592 ut
1814 2532 1857 2592 J
1861 2533 2064 2612 osephi
2089 2532 2368 2607 venditio,
2417 2531 2708 2591 induratio
2759 2532 3023 2589 Pharao-

610 2612 718 2686 nis,
749 2610 794 2672 J
796 2610 894 2670 obi
922 2612 1237 2688 calamitas,
1270 2613 1534 2690 deceptio
1563 2613 1813 2688 Achabi,
1843 2614 2165 2673 numeratio
2193 2613 2410 2692 populi,
2449 2633 2606 2672 mors
2649 2612 2880 2686 Christi,
2926 2613 3020 2670 di-

608 2691 936 2751 versimode
962 2701 1157 2752 tamen
1182 2692 1445 2770 utrisque
1473 2693 1837 2769 adscribitur,
1873 2693 2000 2752 Deo
2019 2694 2272 2770 quidem,
2303 2701 2370 2751 ut
2397 2692 2821 2751 sanctissimum
2847 2711 3014 2768 opus,

608 2773 747 2849 quia
773 2791 811 2831 a
836 2771 991 2831 bono
1019 2772 1321 2850 principio,
1350 2771 1427 2830 ad
1468 2772 1686 2831 bonum
1712 2772 1887 2831 finem
1914 2773 2102 2832 tendit
2125 2796 2139 2846 3
2186 2773 2540 2832 Hominibus
2566 2791 2725 2846 vero,
2769 2779 2836 2830 ut
2879 2791 3012 2848 pes-

609 2852 839 2927 simum,
869 2853 1007 2927 quia
1033 2870 1069 2909 a
1095 2851 1249 2909 malo
1278 2850 1577 2928 principio,
1606 2852 1778 2910 malis
1803 2852 2028 2927 mediis,
2059 2853 2136 2911 ad
2161 2852 2376 2912 malum
2404 2851 2580 2910 finem
2608 2850 2868 2910 tendunt.
2913 2851 3012 2908 Sic

609 2949 772 3008 opus,
809 2930 968 3006 quod
1008 2928 1201 2988 Assur
1244 2929 1373 2988 Deo
1413 2930 1724 2990 mandente
1764 2939 2100 3007 peracturus
2141 2941 2265 2990 erat
2305 2932 2366 2990 in
2407 2931 2755 2991 abductione
2793 2931 3004 3008 populi,

607 3009 827 3068 bonum
854 3007 964 3067 fuit
984 3016 1251 3084 respectu
1280 3008 1409 3082 Dei,
1439 3010 1541 3086 qui
1568 3011 1678 3069 hac
1703 3011 1927 3069 ratione
1954 3011 2143 3070 voluit
2181 3012 2460 3089 populum
2501 3031 2670 3070 suum
2711 3009 3004 3086 castigare,

608 3088 743 3146 ideo
772 3087 983 3147 dicitur
1008 3088 1175 3163 virya
1198 3089 1429 3162 ficrom‘s
1456 3088 1587 3164 Dei,
1618 3090 1714 3149 cui
1749 3093 2081 3150 mandatum
2107 3101 2192 3150 eet
2214 3093 2286 3150 ab
2311 3092 2435 3167 ipso
2475 3101 2541 3149 ut
2576 3091 2776 3168 spoliet
2811 3091 3004 3166 spolia,

608 3165 738 3241 &c.,
772 3166 876 3226 sed
903 3175 1166 3245 respectu
1196 3167 1431 3244 Assyrii
1457 3169 1693 3246 malum,
1723 3170 1862 3247 quia
1885 3189 2004 3230 non
2045 3171 2222 3231 alium
2249 3171 2424 3229 finem
2465 3169 2580 3228 sibi
2617 3171 3006 3247 propositurus

607 3255 749 3321 erat,
779 3251 953 3324 quam
982 3246 1180 3325 populi
1208 3247 1517 3324 excidium,
1548 3259 1609 3310 et
1634 3250 1968 3328 cupiditatis
2015 3269 2136 3309 suoe
2177 3251 2584 3328 expletionem,
2633 3249 2749 3308 Isa.
2777 3269 2836 3306 x.
2865 3253 2917 3324 6,
2947 3253 3000 3324 7,

611 3326 779 3385 “Ad
808 3335 1041 3404 gentem
1083 3327 1322 3406 impiam
1364 3329 1587 3389 mittam
1632 3332 1824 3404 eum,”
1855 3329 1965 3390 διο.
2012 3333 2048 3364 “
2077 3331 2214 3407 Ipse
2259 3339 2469 3404 autem,
2517 3349 2635 3389 non
2685 3329 2768 3388 sic
2811 3327 3002 3386 existi·

604 3406 807 3484 mabit,
837 3427 944 3466 nec
973 3428 1074 3467 cor
1100 3408 1229 3486 ejus
1256 3409 1337 3468 ita
1364 3409 1672 3487 reputabit,
1704 3409 1808 3469 sed
1835 3410 1910 3468 ed
1977 3409 2296 3468 erdendum
2323 3427 2386 3468 se
2413 3409 2656 3468 missum
2695 3407 2915 3486 putabit
2942 3408 3003 3464 in

606 3487 780 3547 corde
810 3507 915 3547 suo
938 3488 996 3548 :”
1042 3487 1127 3548 Ut
1154 3507 1294 3566 ergo
1321 3488 1366 3549 J
1368 3489 1526 3548 udex
1554 3490 1821 3549 leonibus
1849 3499 1910 3548 et
1957 3490 2071 3548 eris
2099 3489 2175 3547 ad
2199 3507 2432 3566 poenam
2461 3508 2706 3563 reorum,
2749 3487 3002 3546 Medicus

604 3565 973 3626 hirudinibus
1000 3575 1061 3627 et
1088 3567 1477 3644 sanguisugis,
1518 3569 1635 3628 imo
1675 3577 1738 3628 et
1775 3568 1919 3646 ipsis
1957 3569 2176 3646 viperis
2216 3568 2292 3626 ad
2331 3568 2688 3628 curationem
2731 3585 3000 3644 aegrorum

604 3655 761 3706 recte
788 3648 1004 3722 utitur3
1050 3647 1145 3706 Ita
1170 3647 1230 3704 in
1258 3667 1329 3706 eo
1358 3648 1848 3725 sapientissimum
1878 3647 1992 3706 Dei
2019 3646 2341 3723 consilium,
2373 3656 2434 3707 et
2460 3647 2648 3706 virtus
2689 3648 2804 3706 Dei
2830 3645 2998 3704 admi-

602 3725 805 3784 rabilis
833 3726 1038 3802 elucet,
1078 3724 1237 3802 quod
1280 3735 1670 3786 creaturarum
1713 3728 1965 3806 peccatis
2011 3735 2222 3805 praeter
2267 3747 2466 3786 earum
2511 3725 2884 3786 intentionem
2925 3725 2997 3783 sd

600 3803 820 3863 bonum
846 3804 1023 3862 finem
1048 3805 1269 3878 utitur3
1310 3824 1431 3864 non
1475 3806 1742 3866 faciendo
1783 3807 1967 3866 malas
2013 3815 2404 3866 creaturarum
2433 3807 2768 3865 voluntates
2794 3805 2882 3864 vel
2905 3823 2992 3862 ac·

602 3882 809 3958 tiones,
842 3883 947 3942 sed
982 3902 1082 3942 eas
1124 3882 1202 3942 ad
1243 3883 1461 3942 bonum
1508 3885 1684 3943 finem
1731 3885 2070 3945 ordinando.
2155 3886 2242 3946 Ut
2267 3905 2408 3946 vero
2459 3884 2848 3944 Providentia
2891 3884 2992 3942 Dei

604 3967 920 4020 concursus
964 3981 1083 4020 non
1126 3971 1370 4022 excusat
1450 3972 1734 4037 eccantes,
1776 3965 1916 4040 quia
1953 3985 2063 4025 nec
2101 3965 2430 4024 libertatem
2471 3973 2532 4024 et
2571 3991 2617 4024 π·
2645 3967 2858 4045 euleu-ev,
2895 3983 2991 4022 nec

602 4040 1086 4116 spontaneitatem
1130 4041 1312 4115 tollit;
1420 4049 1481 4100 te.
1519 4061 1627 4100 nec
1669 4051 1862 4119 potest
1906 4044 2098 4103 Deum
2145 4046 2367 4122 peccati
2411 4064 2574 4104 reum
2642 4063 2824 4120 acere,
2870 4043 2990 4120 quia

600 4137 829 4194 semper
856 4117 1217 4176 sanctissime
1237 4128 1506 4178 versatur
1530 4120 1592 4178 in
1618 4121 1886 4198 pessimis
1917 4123 2217 4182 hominum
2247 4124 2534 4202 operibus,
2579 4133 2640 4182 et
2678 4124 2756 4182 ad
2797 4125 2988 4182 bonum

600 4195 813 4256 finemx
856 4195 1074 4255 Notum
1120 4205 1315 4256 autem
1357 4218 1561 4260 causas
1602 4201 1945 4278 impulsives
1985 4211 2046 4262 et
2083 4203 2289 4263 finales
2330 4204 2518 4263 facere
2557 4203 2849 4262 actionum
2883 4199 2986 4260 dis-

601 4276 857 4350 crimina,
902 4284 961 4335 et
987 4276 1221 4352 quando
1248 4277 1508 4355 ejusdem
1548 4279 1790 4341 effectus
1829 4283 2026 4360 plures
2065 4301 2256 4342 causes
2298 4291 2449 4359 sunt,
2481 4283 2610 4342 alise
2652 4282 2835 4357 bonae,
2875 4281 2984 4339 aliae

597 4355 783 4433 malae,
812 4353 1079 4416 effectum
1118 4355 1285 4416 illum
1327 4367 1591 4436 respectu
1631 4380 1934 4421 causarum
1975 4363 2256 4422 bonerum
2298 4363 2515 4423 bonum
2557 4381 2704 4436 esse,
2749 4370 2982 4438 respectu

598 4437 879 4499 malarum
918 4435 1153 4496 malum.
1241 4438 1279 4471 ‘⁴
1308 4438 1453 4497 Cum
1496 4439 1672 4499 Pater
1711 4441 2015 4502 tradiderit
2055 4441 2290 4519 Filium,
2335 4451 2396 4503 et
2436 4442 2479 4502 J
2483 4441 2628 4502 udas
2672 4441 2971 4514 Dominum,

1261 376 1451 438 XIX.
1498 377 1597 438 Sic
1642 378 1748 436 iila
1773 376 1929 437 circa
1960 377 2189 455 peccati
2225 376 2443 436 initium
2467 382 2752 435 versatur
2785 396 2810 434 =
2869 371 3134 447 Quoad

672 490 841 534 dentis
875 491 1100 535 versatur
1130 475 1499 535 progressum
1524 458 1701 518 etiam
1735 474 1862 517 sese
1891 457 2079 516 exerit
2103 476 2210 535 per
2245 463 2542 535 potentem
2585 456 2722 534 ejus
2771 454 3129 512 termina-

673 548 804 591 cirea
881 560 1101 617 progrea-
1143 539 1362 614 tionem,
1392 537 1532 597 dum
1558 538 1648 596 illi
1674 537 1889 595 limites
1921 537 2103 615 ponit,
2134 545 2260 596 tum
2303 535 2641 612 intensionis,
2693 554 2780 593 ne
2843 534 2932 592 in
2995 532 3122 590 im-

672 618 780 649 ’ω
800 608 999 674 peccam,
1016 619 1103 663 90¹·
1140 624 1405 677 mensum
1434 627 1749 692 excrescat,
1778 625 1905 676 tum
1931 617 2282 691 extensionis,
2311 636 2386 676 ne
2426 616 2604 675 latius
2644 621 2908 692 serpat,
2969 622 3120 671 tum

1141 697 1474 772 durationis,
1504 716 1579 755 ne
1606 695 1826 756 diutius
1853 696 2040 772 duret,
2071 705 2132 755 et
2158 696 2242 755 sic
2269 704 2329 755 et
2347 695 2638 774 peccatori
2664 695 2794 772 ipsi
2833 702 2920 752 et
2951 692 3114 751 aliis

612 776 801 854 magis
826 786 1067 853 noceat3
1110 776 1269 854 quod
1295 777 1449 851 facit,
1481 776 1597 836 Vel
1624 776 1854 851 interne,
1884 783 2138 835 mentem
2173 775 2571 850 illuminando,
2601 783 2669 834 ut
2716 772 3104 850 turpitudi-

612 876 747 915 nem
774 857 929 933 mali,
960 867 1019 916 et
1045 876 1345 935 poenarum
1381 855 1529 915 illud
1572 856 2048 933 subsequentium
2093 855 2553 933 magnitudinem
2595 854 2950 933 percipiat,
2989 852 3100 910 vel

608 936 960 1014 cupiditates
1006 955 1218 1015 pravas
1267 936 1591 995 cohibendo
1639 944 1700 996 et
1745 934 2144 1012 refraenand03
2208 936 2324 994 Vel
2378 944 2622 1011 externe,
2677 934 2964 993 Satanae
3027 945 3096 991 et

612 1016 817 1075 mundi
842 1016 1066 1076 furores
1093 1015 1475 1094 reprimendO,
1506 1016 1840 1076 occasiones
1865 1014 2006 1074 mali
2033 1014 2375 1090 amovendO,
2421 1013 2714 1073 mandatis
2763 1014 2990 1073 etiam
3021 1021 3090 1071 et

3233 97 3252 242 Ι
