3300 5225
517 338 630 398 128
1440 352 1622 398 Locus
1653 352 1972 398 succubus·
2515 334 2709 417 [cuais
2711 354 2765 396 r.
2797 349 2920 398 xvi.

512 497 884 577 Scripturam,
914 498 1051 575 quia
1077 496 1321 575 quaestio
1348 498 1575 575 proprie
1602 518 1721 558 non
1747 506 1838 557 est
1863 496 1936 557 de
1984 496 2305 573 Principiis,
2353 495 2456 555 sed
2499 458 2573 555 de
2601 495 2921 574 Rineipia-

509 579 579 636 tie
594 602 618 650 ;
662 577 760 635 An
788 579 977 655 posita
1016 598 1189 655 quam
1230 577 1511 637 habemus
1556 578 1868 657 Scriptura,
1914 597 2059 656 opus
2101 578 2178 636 sit
2217 596 2334 634 non
2363 577 2590 654 scriptis
2631 577 2924 672 aliquibus

507 658 914 717 traditionibus
942 658 1017 716 ad
1044 658 1173 735 ejus
1215 657 1569 734 supplendos
1616 657 1918 717 defectus
1902 677 1962 714 ιιι
1989 657 2161 716 rebus
2189 656 2263 714 ad
2291 647 2535 715 salutem
2563 659 2920 717 necessariis.

510 737 737 797 Deinde
764 738 1024 797 Traditio
1051 739 1164 797 ista
1189 745 1280 796 est
1305 737 1563 796 formalis
1589 746 1649 796 et
1677 737 1884 812 activa,
1915 756 2088 814 quam
2127 736 2514 812 concedimus,
2544 736 2682 813 quia
2721 748 2781 797 et
2810 738 2920 795 Ec-

508 817 699 875 clesiae
748 826 883 876 sunt
911 818 1217 876 commissa
1260 816 1508 877 Oracula
1552 817 1681 892 Dei,
1731 824 1798 875 ut
1840 835 2038 874 eorum
2083 816 2160 875 sit
2202 816 2400 873 Praeco
2429 825 2488 876 et
2516 816 2758 891 Custos3
2803 836 2920 875 non

509 917 649 955 vero
675 897 989 956 materialis
1016 906 1074 956 et
1100 896 1349 974 passiva,
1380 915 1511 973 quse
1550 895 1872 955 doctrinam
1913 896 2165 972 aliquam
2204 895 2476 954 traditam
2517 904 2682 954 extra
2727 862 2917 975 Scrip-

508 985 714 1054 turam‚
758 996 931 1054 quam
972 996 1268 1055 negamus,
1315 984 1493 1034 notet.
1578 976 1674 1033 Ita
1703 975 2056 1051 Scripturam
2096 975 2376 1034 habemus
2403 993 2508 1052 per
2531 975 2916 1052 traditionem,

510 1076 628 1114 non
655 1075 785 1133 quas
804 1057 881 1115 sit
895 1056 1239 1134 principium
1260 1055 1347 1112 illi
1364 1054 1656 1131 credendi,
1677 1050 1782 1113 sed
1798 1062 2072 1131 tanquam
2089 1053 2342 1113 medium
2365 1064 2424 1114 et
2445 1055 2910 1131 instrumentum,

509 1154 626 1211 quo
653 1136 755 1193 illa
783 1135 859 1194 ad
886 1155 1091 1193 manus
1117 1143 1345 1193 nostras
1371 1100 1690 1211 pervenia’t.

594 1214 913 1274 XXXIV.
960 1214 1257 1292 Scriptura
1282 1212 1535 1291 perfecta
1563 1213 1790 1288 dicitur,
1814 1232 1933 1271 non
1961 1232 2188 1290 semper
2213 1212 2513 1290 adaequate
2541 1212 2616 1271 ad
2631 1214 2912 1291 objectum,

508 1294 675 1371 quasi
703 1295 979 1372 mysteria
1006 1294 1199 1352 omnia
1199 1313 1354 1386 quaa
1394 1292 1574 1352 tradit
1598 1294 1850 1371 perfecte
1891 1294 2176 1371 explicet·
2217 1293 2402 1352 multa
2442 1292 2596 1352 enim
2625 1302 2762 1353 sunt
2787 1314 2916 1371 quae

508 1392 625 1431 non
652 1382 895 1451 possunt
906 1373 1169 1467 exprimi
1196 1374 1261 1431 in
1286 1392 1348 1432 se
1376 1372 1696 1465 adaequate,
1739 1381 1806 1431 ιιι
1835 1373 2012 1447 Deus,
2043 1372 2314 1448 Trinitas,
2347 1370 2455 1432 ἀρ.
2485 1371 2590 1431 sed
2616 1372 2916 1450 adaequate

507 1456 792 1591 ffifinem,
822 1453 961 1530 quia
986 1454 1070 1513 ita
1094 1453 1197 1513 illa
1238 1452 1510 1532 proponit
1554 1460 1623 1512 ιιι
1648 1472 1684 1511 a
1709 1452 1880 1511 nobis
1924 1453 2144 1530 percipi
2189 1452 2415 1530 possint
2455 1452 2803 1513 sufficienter
2839 1452 2917 1512 ad

596 1541 773 1593 utem.

592 1611 879 1674 XXXV.
925 1612 1114 1688 Quum
1146 1612 1502 1689 Scripturam
1529 1611 1777 1671 dicimus
1816 1610 2126 1689 perfectam
2167 1612 2228 1669 in
2255 1630 2384 1671 esse
2411 1610 2645 1689 regulus,
2675 1612 2787 1671 hoc
2826 1612 2912 1670 in-

507 1692 826 1769 telligimus
850 1692 1045 1769 quoad
1072 1701 1245 1751 totam
1270 1692 1629 1769 Scripturam
1655 1692 1975 1768 collective,
1999 1710 2117 1751 non
2136 1711 2275 1750 vero
2303 1691 2496 1769 quoad
2523 1700 2695 1751 totum
2719 1693 2912 1767 Serip-

508 1780 655 1831 turae
680 1772 1047 1831 distributive
1074 1772 1155 1831 id.
1185 1772 1445 1849 singulas
1472 1772 1601 1849 ejus
1627 1772 1838 1849 pai-tce,
1867 1780 1936 1831 ιιι
1960 1790 2068 1831 nec
2093 1772 2155 1829 in
2183 1770 2386 1849 regula
2424 1771 2723 1848 materiali,
2754 1772 2912 1849 quic-

508 1851 651 1929 quid
678 1861 767 1912 est
794 1853 1027 1930 regulae,
1058 1852 1213 1911 idem
1240 1858 1330 1911 est
1354 1851 1575 1928 regula.

591 1931 913 1991 XXXVI.
959 1932 1124 1991 Licet
1166 1950 1319 2009 saepe
1362 1930 1762 1990 Traditionum
1807 1930 2010 1990 Patres
2071 1930 2450 2006 meminerint,
2497 1949 2614 1990 non
2658 1930 2916 2007 sequitur

508 2011 707 2071 statim
732 2030 833 2071 eos
862 2011 1225 2070 Traditiones
1251 2011 1459 2091 ἅγςιίφο
1434 2036 1515 2076 ους
1543 2010 1976 2069 Pontificiorum
2004 2009 2323 2086 admisisse,
2367 2010 2504 2088 quia
2529 2010 2916 2070 diversimode

508 2090 583 2149 de
610 2090 729 2150 illis
752 2092 1107 2168 loquuntur.
1154 2090 1489 2169 Aliquando
1533 2090 1794 2149 Traditio
1839 2090 1914 2149 ab
1961 2090 2104 2168 ipsis
2149 2098 2460 2168 usurpatur
2499 2109 2607 2169 pro
2634 2099 2766 2149 actu
2791 2100 2910 2149 tra-

506 2172 691 2244 dendi,
722 2190 839 2265 quo
880 2170 1015 2229 libri
1063 2170 1210 2229 sacri
1256 2190 1552 2247 nunquam
1594 2171 1916 2263 interrupta
1959 2171 2106 2229 serie
2148 2178 2488 2247 temporum,
2535 2178 2594 2229 et
2639 2178 2916 2264 perpetua

504 2252 869 2309 successione
924 2250 999 2309 ab
1054 2250 1319 2309 Bedesis
1372 2258 1507 2309 sunt
1560 2249 1888 2309 conservati
1941 2260 2002 2309 et
2053 2249 2130 2309 ad
2183 2259 2445 2327 posteros
2497 2249 2729 2325 traditi3
2784 2268 2912 2327 quse

509 2331 766 2389 Traditio
794 2338 883 2390 est
894 2330 1182 2407 formala,
1206 2350 1321 2408 quo
1351 2348 1525 2389 sensu
1554 2329 1838 2406 Origenes
1857 2328 2000 2389 dicit
2027 2348 2089 2389 se
2109 2349 2214 2423 per
2237 2330 2618 2389 staditionem
2639 2294 2909 2405 didicisse,

504 2413 659 2504 quod
708 2420 955 2487 quatuor
998 2412 1319 2487 Evangelia
1364 2411 1425 2469 in
1470 2410 1730 2469 Ecclesia
1773 2410 2036 2468 universa
2075 2410 2190 2469 sint
2231 2410 2558 2469 indubitata.
2645 2409 2912 2469 Secundo

506 2490 755 2549 sumitur
781 2508 933 2568 saepe
960 2510 1065 2568 pro
1092 2489 1357 2549 doctrina
1382 2490 1611 2568 scripta,
1656 2490 1786 2566 qius
1813 2488 2000 2566 primo
2027 2489 2166 2547 viva
2191 2508 2336 2549 voce
2375 2498 2509 2567 post
2537 2490 2748 2567 scripto
2777 2509 2914 2549 con

506 2570 737 2647 signata
752 2579 857 2646 est,
880 2570 963 2629 sic
981 2569 1251 2647 Cyprian.
1273 2588 1363 2647 ep.
1389 2572 1483 2647 74,
1508 2569 1583 2629 ad
1603 2568 1958 2663 Pompeium,
1977 2570 2087 2630 Si·
2061 2590 2122 2628 m
2136 2570 2448 2646 Evangelio
2463 2570 2799 2648 proeetpitur
2813 2578 2918 2629 aut

506 2651 565 2707 in
590 2651 989 2726 Apostolorum
1014 2649 1299 2726 Epi-stolis,
1339 2659 1443 2708 aut
1464 2650 1694 2709 Actibus
1719 2650 2010 2726 invenitur,
2043 2651 2357 2709 observetur
2381 2652 2549 2710 etiam
2574 2652 2692 2709 hoee
2715 2659 2913 2709 sancta

510 2731 788 2788 Traditio.
871 2729 1067 2789 Tertio
1095 2748 1199 2807 pro
1236 2728 1498 2788 doctrina
1524 2749 1656 2806 quae
1684 2728 1924 2789 totidem
1952 2729 2190 2789 verbis⁰
2174 2749 2234 2788 m
2265 2730 2560 2808 Scriptura
2586 2749 2703 2789 non
2730 2738 2909 2806 extat,

504 2809 611 2870 sed
639 2829 743 2888 per
768 2809 1087 2886 legitimam
1114 2817 1175 2868 et
1199 2809 1582 2868 necessariam
1622 2809 2091 2886 consequentiam
2131 2809 2268 2868 inde
2307 2809 2588 2886 educitur,
2631 2810 2912 2870 adversus

504 2907 605 2948 eos
622 2889 724 2966 qui
750 2909 1027 2967 expressa
1042 2887 1222 2948 verba
1242 2889 1551 2966 Scripturas
1566 2888 1858 2967 petebant,
1889 2909 2048 2948 neco
2023 2885 2246 2965 sputu.
2223 2915 2270 2947 οι
2297 2889 2598 2949 admittere
2615 2890 2907 2965 volebant,

502 2969 641 3046 quia
668 2971 727 3027 in
760 2968 1057 3047 Scriptura
1080 2969 1367 3028 verbatim
1392 2987 1510 3028 non
1537 2968 1891 3028 occurrebat.
1955 2970 2050 3028 Ita
2079 2969 2280 3028 Basili.
2309 2969 2382 3028 de
2414 2969 2632 3047 Spiritu
2663 2969 2723 3028 S.
2742 2989 2792 3028 c.
2812 2973 2909 3045 2⁷,

502 3049 689 3127 ipsam
717 3049 852 3109 fidei
879 3049 1293 3127 professionem
1320 3067 1437 3126 qua
1462 3049 1750 3108 credimus
1794 3049 1855 3106 in
1906 3048 2154 3125 Patrem,
2187 3049 2420 3126 Filium,
2451 3057 2511 3108 et
2540 3049 2816 3128 Spiritum
2849 3049 2909 3108 S.

507 3149 541 3188 e
588 3129 900 3208 Scripturis
939 3129 1140 3188 haberi
1180 3148 1351 3208 posse
1399 3137 1594 3206 negat,
1644 3127 1988 3206 Symbolum
2030 3129 2426 3205 intelligendo,
2475 3129 2641 3206 cujus
2684 3129 2912 3188 articuli

502 3217 703 3268 tamen
730 3209 924 3286 quoad
952 3229 1184 3269 sensum
1210 3208 1540 3268 habentur‘
1522 3228 1585 3266 m
1616 3207 1946 3285 Scripturis.
2031 3209 2249 3283 Quarto
2275 3229 2380 3286 pro
2409 3208 2670 3267 doctrina
2697 3209 2910 3268 rituum

501 3297 562 3348 et
588 3289 1055 3348 caeremoniarum
1082 3309 1213 3366 quae
1240 3288 1453 3348 dicitur
1482 3287 1742 3346 Traditio
1769 3288 2007 3348 ήιιιαὶιζς.
2051 3289 2268 3363 Quinto
2284 3307 2389 3366 pro
2405 3289 2783 3348 concensione
2810 3307 2912 3347 ve

500 3375 688 3428 terum
718 3368 995 3427 Ecclesiae
1025 3367 1387 3428 Doctorum
1368 3387 1431 3425 ιιι
1472 3367 1832 3446 expositione
1872 3368 1986 3426 loci
2015 3368 2260 3446 alicujus
2292 3367 2617 3445 Scripturas,
2660 3387 2835 3445 quam
2875 3387 2914 3427 a

502 3447 827 3525 Maioribus
868 3455 1161 3527 acceptam
1188 3467 1307 3506 non
1334 3447 1457 3506 sine
1484 3447 1748 3506 modesta
1772 3447 2142 3506 veneratione
2183 3447 2542 3525 antiquitatis
2567 3447 2909 3524 retinebant,

500 3527 638 3604 quia
666 3547 796 3586 cum
829 3526 1139 3606 Scripturis
1166 3527 1565 3622 conspirabat3
1596 3545 1726 3604 quoe
1752 3535 1948 3604 potest
1973 3527 2088 3586 dici
2111 3528 2367 3586 Traditio
2393 3547 2580 3586 semus
2596 3526 2692 3585 vel
2709 3527 2912 3604 exegi·

497 3607 631 3682 tica,
652 3607 725 3666 de
753 3627 869 3685 qua
898 3609 1049 3667 Iren.
1079 3607 1140 3666 li.
1171 3607 1250 3666 iii.
1271 3627 1321 3666 c.
1342 3610 1378 3666 3
1385 3606 1678 3683 ,loquitur
1692 3614 1754 3666 et
1778 3607 2020 3666 Tertull.
2039 3608 2248 3684 saepel.
2267 3607 2340 3666 de
2367 3605 2682 3684 praescript.
2729 3607 2910 3666 Sexto

498 3687 825 3747 traditionis
852 3707 995 3746 voce
1022 3695 1264 3747 utuntur
1289 3686 1365 3745 ad
1399 3687 1708 3762 hominem,
1755 3685 2104 3764 disputando
2131 3694 2330 3746 contra
2355 3685 2656 3746 haereticos
2683 3687 2784 3765 qui
2811 3705 2912 3746 eas

502 3767 805 3844 urgebant,
838 3787 955 3826 non
983 3767 1141 3844 quod
1182 3785 1251 3825 ea
1292 3787 1421 3844 quse
1462 3765 1801 3844 probabant,
1845 3765 2038 3824 minus
2078 3765 2483 3825 haberentur
2465 3786 2528 3824 m
2573 3765 2698 3824 Scri
2698 3773 2908 3843 p3tura

500 3845 605 3903 sed
630 3847 767 3921 quia
794 3846 1049 3905 haeretici
1076 3843 1421 3940 quibuscum
1448 3845 1824 3924 disputabant
1847 3845 2173 3922 Scripturas
2199 3864 2316 3903 non
2345 3845 2743 3921 admittebant,
2775 3865 2907 3905 cum

498 3943 575 3982 ex
599 3925 912 4000 Scriptmis
938 3945 997 3990 se
1021 3925 1237 3984 reuinci
1257 3925 1501 3983 sentiunt
1516 3926 1576 3984 in
1602 3925 2012 3984 accusationem
2039 3934 2435 3984 convertuntur
2454 3925 2904 4001 Scripturarum,

498 4010 565 4060 ut
607 4002 689 4061 ait
739 4003 943 4061 Irenae.
1030 4003 1346 4080 Disputant
1392 4023 1531 4079 ergo
1580 4005 1633 4062 ἔκ
1673 4027 1784 4084 mee
1769 4003 1914 4070 ‘Am‘
1959 4023 2036 4063 ex
2083 4023 2368 4064 consensu
2395 4004 2748 4063 Traditionis
2775 4023 2906 4064 cum

502 4081 815 4158 Scriptura,
844 4090 910 4140 ut
936 4101 1041 4140 nos
1069 4082 1236 4141 fere·
1210 4101 1335 4158 Jam
1363 4082 1724 4159 disputamus
1751 4103 1826 4141 ex
1857 4083 2126 4143 Patribus
2147 4093 2346 4143 contra
2367 4083 2770 4158 Adversarios,
2803 4083 2906 4142 sed

496 4179 615 4218 non
662 4181 731 4220 eo
780 4161 987 4235 anim0,
1037 4172 1104 4221 ut
1151 4160 1543 4220 Traditionem
1574 4162 1976 4238 Dogmaticam
2017 4172 2184 4222 extra
2228 4162 2580 4257 Scripturam
2609 4163 2902 4239 recipiant,

496 4240 663 4299 testis
694 4239 893 4299 Hiero.
934 4241 997 4298 in
1028 4241 1184 4316 Hag.
1233 4242 1284 4297 1.
1334 4241 1477 4306 Quoe
1522 4241 1731 4318 absque
1775 4243 2114 4301 authoritate
2155 4253 2210 4302 et
2247 4243 2552 4301 testimonio
2593 4243 2904 4318 Scripturas

495 4322 665 4398 quasi
694 4320 1020 4378 Traditione
1046 4319 1371 4396 Apostolica
1410 4329 1605 4396 sponte
1644 4329 1902 4395 repetunt
1939 4330 1992 4380 et
2031 4323 2360 4400 confinqunt,
2397 4321 2645 4397 percutit
2676 4319 2902 4396 yladius

494 4401 628 4459 Dei.
