3300 5225
332 387 564 437 Quszsr.
594 363 708 448 un]
1223 387 1302 426 nr:
1332 386 1543 426 menno
1573 384 1872 426 siun-raro.
2215 382 2222 390 ·
2629 363 2746 422 611

328 530 409 588 Et
438 529 607 588 Matt.
638 527 741 588 xii.
772 531 869 587 34.
902 528 941 562 ‘⁴
963 527 1267 604 Quomodo
1314 528 1557 606 potestis
1604 529 1754 588 bene
1793 526 1972 605 loqui,
2005 543 2134 586 cum
2167 525 2294 586 sitis
2318 521 2458 584 mali
2475 523 2542 583 ?”
2641 521 2739 582 Sic

326 610 373 670 J
377 610 471 668 oh.
500 609 580 668 vi.
610 611 708 667 44.
756 611 793 642 “
817 609 1003 668 Nemo
1050 617 1245 686 potest
1290 609 1489 668 venire
1535 609 1615 666 ad
1661 629 1770 685 me,
1827 607 1942 666 nisi
1987 607 2162 666 Pater
2199 607 2442 668 traxerit
2488 603 2738 682 ipsum.”

326 689 617 764 Quorsum
644 709 785 748 vero
826 689 1001 748 toties
1032 689 1282 766 Spiritus
1310 690 1561 750 Sanctus
1602 689 1762 748 illam
1803 687 2202 766 impotentiam
2241 693 2490 780 urgeret,
2521 685 2636 744 nisi
2675 691 2742 742 ut

326 769 551 828 homini
576 769 733 828 vires
761 789 961 828 omnes
988 770 1066 828 ad
1093 770 1308 829 bonum
1336 769 1682 846 adimantur,
1713 777 1773 828 et
1800 767 1911 828 soli
1937 768 2140 848 gratiae
2169 767 2372 828 saluus
2401 775 2460 826 et
2499 781 2740 844 regene-

328 851 571 908 rationis
598 869 744 927 opus
770 850 832 907 in
860 849 1110 909 solidum
1138 849 1425 910 tribuatur
1438 852 1469 908 Ρ

410 929 665 988 XVIII.
710 931 1017 1008 Perpetem
1044 930 1142 990 hic
1169 929 1396 997 dicitur,
1446 933 1499 990 1.
1538 933 1597 988 τὶ
1632 949 1748 988 non
1781 947 1949 1006 posse
1985 947 2104 988 non
2146 947 2372 1008 semper
2396 935 2600 986 notare
2639 923 2740 983 sb-

328 1009 581 1069 solutam
624 1007 914 1086 ἇῖυιαμίιν,
947 1010 1052 1070 sed
1090 1017 1317 1069 tantum
1358 1010 1489 1088 ejus
1528 1010 1912 1087 insolentiam,
1944 1009 2025 1069 id.
2067 1027 2190 1068 rem
2230 1027 2351 1066 non
2392 1007 2576 1066 solere
2613 1004 2741 1064 fieri

326 1089 635 1167 ordinarie,
666 1092 765 1149 vel
802 1111 919 1149 non
958 1090 1129 1150 facile
1165 1089 1309 1149 fieri.
1394 1091 1467 1148 R.
1510 1089 1664 1164 Quia
1699 1089 1832 1149 loca
1869 1091 1998 1167 ipsa
2036 1090 2314 1148 evincunt
2353 1088 2592 1146 totalem
2633 1085 2739 1142 im-

326 1171 643 1248 potentiam
673 1170 982 1248 designari‚
1014 1179 1074 1230 et
1100 1189 1273 1248 quam
1302 1189 1419 1228 non
1445 1170 1633 1247 magis
1655 1170 1932 1248 possibile
1953 1171 2030 1229 sit
2048 1169 2270 1228 homini
2290 1168 2540 1242 vincere,
2563 1180 2756 1243 quam‘

324 1258 555 1310 mortuo
583 1251 837 1329 seipsum
878 1251 1175 1328 suscitare,
1206 1251 1477 1330 AEthiopi
1518 1251 1748 1328 pellem,
1779 1259 1839 1310 et
1881 1250 2072 1310 Pardo
2107 1249 2366 1310 maculas
2405 1256 2646 1322 mutare,
2679 1251 2741 1304 et

328 1331 525 1390 arbori
550 1331 720 1390 malae
746 1332 931 1391 bonos
957 1331 1180 1390 fructus
1206 1331 1413 1391 facere.
1496 1331 1668 1390 Alias
1696 1331 1746 1390 si
1767 1330 2162 1391 difficultatem
2183 1337 2408 1388 tantum
2429 1327 2512 1386 rei
2539 1335 2742 1386 notare

326 1411 611 1472 voluisset
642 1411 891 1490 Spiritus
923 1411 1207 1488 Sanctus;
1240 1411 1359 1470 Cur
1382 1431 1501 1470 non
1528 1411 1709 1470 semel
1729 1420 1831 1472 aut
1856 1413 2066 1471 iterum
2091 1410 2204 1469 hoc
2226 1409 2393 1484 dixit,
2416 1406 2737 1485 praesertim

326 1491 431 1550 nbi
458 1491 725 1550 absoluta
750 1492 1025 1569 potentia
1052 1493 1287 1569 negatio
1314 1492 1623 1551 videbatur
1659 1493 1898 1570 injicere
1941 1491 2290 1569 scrupulum,
2321 1497 2384 1549 et
2422 1487 2601 1546 errori
2641 1505 2737 1544 oc—

328 1573 622 1630 casionem
648 1571 905 1652 praebere
920 1575 951 1631 ἰ’
1018 1572 1135 1630 Cur
1160 1591 1278 1630 non
1300 1573 1441 1632 satis
1455 1573 1662 1632 habuit
1688 1591 1944 1632 asserere
1968 1571 2261 1630 hominem
2289 1568 2596 1629 animalem
2621 1583 2741 1626 non

328 1669 539 1730 capere
566 1672 635 1710 ea
662 1672 792 1729 quse
821 1661 957 1711 sunt
987 1651 1115 1729 Dei,
1148 1651 1253 1711 sed
1280 1652 1445 1711 addit
1470 1652 1684 1728 statim,
1713 1662 1771 1712 et
1793 1673 1906 1711 non
1923 1671 2106 1730 posse,
2137 1669 2368 1711 carnem
2409 1669 2527 1710 non
2565 1645 2741 1706 modo

332 1731 483 1809 Legi
524 1752 641 1790 non
690 1732 917 1809 subjici,
951 1733 1054 1791 sed
1101 1749 1175 1791 ne
1222 1733 1288 1790 id
1313 1751 1483 1809 posse
1522 1733 1762 1810 quidem,
1794 1741 1854 1792 et
1897 1731 2122 1807 similia,
2153 1751 2284 1808 quae
2311 1731 2465 1789 clare
2491 1729 2742 1786 innuunt

332 1811 581 1870 Paulum
628 1831 748 1870 non
790 1812 963 1871 modo
1011 1821 1221 1887 actum,
1252 1813 1357 1872 sed
1394 1821 1454 1872 et
1492 1813 1811 1891 potentiam
1852 1812 2037 1892 ipsam
2077 1809 2477 1872 benefaciendi
2519 1806 2744 1868 homini

334 1891 563 1952 auferre
583 1895 613 1950 P

415 1970 608 2030 XIX.
652 1971 775 2031 Nec
802 1972 1011 2031 melius
1038 1973 1359 2048 elabuntur,
1392 1972 1493 2050 qui
1529 1972 1882 2050 pertendunt
1919 1973 2301 2049 impotentiam
2340 1972 2512 2029 istam
2551 1988 2738 2029 mora-

329 2055 439 2110 lem
468 2071 613 2129 esse,
644 2071 761 2110 non
789 2056 1127 2126 naturalem,
1159 2061 1331 2130 atque
1359 2053 1443 2111 ita
1468 2071 1591 2111 rem
1618 2073 1736 2111 non
1764 2053 2030 2112 absolute
2054 2061 2118 2112 et
2159 2050 2497 2129 simpliciter
2521 2047 2744 2107 homini

332 2151 461 2191 esse
489 2132 923 2209 impossibilem,
954 2133 1058 2190 sed
1083 2131 1243 2190 illam
1270 2133 1564 2192 hominem
1590 2151 1761 2210 posse
1791 2133 1842 2192 si
1869 2133 2030 2192 velit.
2115 2133 2189 2191 R.
2221 2131 2372 2190 Nam
2410 2129 2534 2188 sive
2573 2137 2742 2188 natu·

332 2213 490 2287 ralis,
515 2213 639 2271 sive
666 2213 901 2271 moralis
929 2211 1155 2272 dicatur
1180 2213 1521 2290 impotentia
1546 2212 1675 2288 ista,
1700 2211 1800 2292 (de
1821 2231 1938 2290 quo
1955 2211 2214 2293 postea3)
2247 2211 2481 2270 Certum
2503 2215 2593 2268 est
2613 2226 2742 2267 esse

332 2293 557 2351 'homini
585 2293 1034 2368 ineluctabilem,
1062 2301 1127 2351 et
1152 2291 1363 2352 frustra
1389 2292 1507 2352 dici
1533 2293 1828 2352 hominem
1855 2294 1966 2352 hoc
1995 2293 2092 2351 vel
2117 2291 2266 2351 illud
2291 2308 2464 2369 posse
2490 2289 2540 2348 si
2582 2288 2742 2364 velit,

330 2391 467 2432 cum
494 2380 723 2432 constet
748 2393 881 2431 eum
908 2392 1027 2432 non
1052 2391 1223 2450 posse
1250 2373 1441 2450 velle;
1485 2393 1601 2432 non
1644 2374 1804 2452 quod
1841 2373 2186 2432 destituatur
2211 2370 2471 2449 potentia
2495 2367 2747 2427 naturali

334 2451 589 2526 volendi,
618 2452 756 2530 quia
793 2453 877 2511 sie
914 2451 1107 2511 differt
1146 2473 1182 2511 a
1216 2451 1441 2530 brutis;
1489 2453 1591 2512 sed
1632 2454 1792 2530 quod
1833 2461 2024 2512 careat
2061 2452 2440 2531 dispositione
2481 2449 2556 2510 ad
2595 2448 2745 2508 bene

334 2531 671 2608 volendum,
702 2532 777 2591 de
804 2553 923 2610 qua
948 2531 1010 2590 in
1037 2533 1147 2592 hae
1174 2534 1493 2610 quaestione
1518 2533 1690 2594 unice
1719 2534 1929 2610 agitur.

942 2612 1097 2672 XX.
1142 2613 1374 2691 Quinto,
1406 2614 1557 2689 Quia
1585 2615 1782 2673 Homo
1805 2616 1886 2675 sei
1995 2632 2055 2671 m
2083 2613 2158 2673 ab
2179 2612 2294 2672 alio
2311 2628 2608 2672 secernere
2628 2628 2746 2668 non

380 2664 429 2714 ⁵·
462 2663 770 2769 E{Q‚17c⁰¹'‘
856 2700 1064 2770 potest,
1080 2701 1141 2752 et
1155 2694 1301 2751 nihil
1316 2692 1494 2753 babet
1512 2695 1841 2771 boni‚qnod
1918 2694 2218 2753 ‘undenon
2229 2693 2532 2769 acceperit.
2553 2691 2748 2765 “Quis

860 2780 919 2832 te
940 2772 1273 2849 discernit,”
1294 2773 1483 2851 inquit
1506 2775 1740 2850 Paulus,
1761 2778 1790 2833 1
1809 2775 1937 2833 Cor.
1961 2774 2040 2833 iv.
2065 2776 2120 2849 7,
2151 2775 2192 2811 “
2213 2772 2367 2847 Quid
2387 2773 2569 2831 habes
2589 2770 2748 2849 quod

334 2869 457 2909 non
478 2849 754 2927 accepisti
773 2854 803 2909 Ρ
857 2852 936 2912 Et
964 2854 1013 2911 si
1034 2854 1324 2931 accepisti,
1348 2854 1491 2933 quid
1508 2854 1792 2931 gloriaris,
1824 2855 2128 2932 quasi-non
2149 2853 2438 2929 acceperis
2455 2852 2523 2911 ?”
2593 2852 2681 2909 At
2698 2850 2748 2909 si

334 2939 471 3009 post
494 2930 723 3008 lapsum
744 2931 987 2993 liberum
1008 2935 1307 2993 arbitrium
1328 2934 1483 2993 vires
1504 2935 1694 2993 adhuc
1713 2934 1940 3012 aliquas
1965 2934 2157 3011 habet,
2189 2934 2401 3010 quibus
2429 2932 2504 2990 ad
2529 2932 2748 2990 bonum

336 3030 403 3069 se
431 3010 736 3087 disponere
762 3015 964 3089 possit,
986 3022 1049 3073 et
1077 3014 1321 3093 gratiam
1340 3015 1598 3075 oblata-m
1625 3014 1958 3091 admittereg
1987 3014 2160 3073 homo
2181 3014 2432 3091 seipsum
2461 3012 2750 3071 discernet

332 3090 415 3149 ab
442 3090 575 3166 alio,
606 3100 665 3149 et
692 3091 933 3153 habebit
958 3094 1117 3171 quod
1141 3114 1259 3153 non
1286 3096 1588 3174 acceperit,
1620 3104 1682 3154 et
1709 3095 1781 3153 de
1809 3114 1926 3173 quo
1967 3094 2266 3172 glorietur,
2297 3093 2435 3170 qnia
2474 3092 2750 3151 admissio

334 3170 543 3246 gratiae
570 3190 701 3246 quae
748 3171 817 3229 fit
863 3174 937 3231 ab
979 3175 1124 3251 ipsc,
1154 3176 1345 3252 ipsum
1386 3176 1461 3234 ab
1504 3176 1618 3234 alio
1646 3176 1749 3253 qui
1771 3194 1906 3235 eam
1953 3174 2143 3252 rejicit
2169 3173 2544 3248 discriminat,
2575 3180 2749 3253 atque

336 3250 424 3307 ita
448 3249 624 3307 homo
650 3258 807 3310 reete
837 3252 1061 3311 dicetur
1088 3254 1295 3313 salutis
1322 3274 1441 3313 stne
1468 3255 1647 3330 faber,
1675 3264 1738 3314 et
1765 3256 1938 3333 praeci
1977 3274 2055 3314 ua
2093 3253 2490 3314 conversionis
2532 3272 2652 3313 suae
2689 3258 2752 3313 et

337 3327 709 3387 discretionis
735 3330 810 3388 ab
838 3331 953 3389 alio
983 3352 1175 3391 cansa.
1261 3334 1385 3391 Nec
1403 3336 1577 3410 juvat
1616 3336 1904 3411 excipere,
1973 3356 2046 3393 oc
2085 3351 2203 3393 non
2243 3352 2415 3411 posse
2455 3332 2749 3391 hominem

336 3408 467 3469 sine
516 3408 705 3485 gratia
751 3410 1003 3487 Spiritus
1062 3410 1261 3471 Sancti
1304 3412 1599 3489 operantis
1644 3432 1751 3489 per
1805 3414 2085 3471 Verbum.
2197 3414 2272 3472 R.
2330 3414 2480 3470 Nam
2535 3413 2750 3488 qualis-

336 3508 571 3565 cunque
620 3496 909 3549 statuatur
954 3491 1105 3550 actio
1154 3491 1403 3570 Spiritus
1454 3492 1655 3551 Sancti
1701 3510 1806 3569 per
1852 3492 2132 3566 Verbum,
2187 3510 2321 3549 eum
2366 3490 2629 3549 Verbum
2673 3510 2753 3551 ex

336 3587 510 3645 sequo
538 3567 812 3628 offeratur
852 3579 913 3631 et
952 3570 1137 3631 eiecto
1176 3580 1238 3631 et
1264 3572 1527 3650 reprob0,
1554 3580 1617 3631 et
1644 3572 1973 3631 communia
2010 3590 2130 3630 non
2168 3568 2385 3630 faciant
2423 3570 2751 3647 discrimen,

338 3648 489 3707 ratio
530 3647 895 3711 discretionis
940 3652 1115 3711 unius
1160 3652 1237 3711 ab
1280 3653 1410 3728 alio,
1442 3672 1547 3712 cur
1582 3652 1688 3711 ille
1725 3652 1943 3727 credat,
1985 3652 2097 3711 iste
2141 3670 2278 3727 non,
2319 3670 2440 3709 non
2485 3657 2680 3727 potest
2719 3670 2756 3709 a

340 3727 541 3787 Verbo
570 3728 667 3787 vel
708 3750 743 3787 a
788 3730 1008 3808 Spiritu
1054 3750 1159 3809 per
1184 3732 1445 3792 Verbum
1474 3733 1662 3792 solum
1687 3741 1964 3811 operante
1991 3730 2259 3810 pendere,
2303 3730 2459 3789 idem
2495 3730 2650 3789 enim
2691 3730 2753 3801 in

338 3816 587 3885 utroque
624 3808 848 3869 efficere
888 3811 1223 3887 debuisset3
1278 3813 1395 3872 Sed
1434 3830 1471 3871 a
1509 3812 1696 3873 libem
1737 3812 1991 3889 arbitri0‚
2021 3812 2181 3889 quod
2219 3812 2281 3870 in
2321 3810 2425 3869 illo
2467 3829 2530 3871 se
2562 3810 2752 3869 deter-

340 3889 525 3947 minat
550 3889 627 3947 ad
655 3890 900 3967 gratiam
928 3892 1315 3970 recipiendam
1338 3914 1354 3969 ς
1410 3893 1472 3951 in
1500 3893 1612 3953 isto
1638 3912 1780 3953 vero
1819 3892 2050 3952 adeam
2077 3891 2470 3970 rejiciendam.
2555 3889 2756 3968 Atque

336 3989 413 4029 eo
461 3970 675 4028 certius
710 3971 823 4029 hoc
860 3972 1150 4031 evincitur
1182 3974 1340 4051 quod
1372 3992 1447 4032 ex
1485 3973 1799 4053 hypothesi
1827 3972 2329 4049 Adversariormn,
2366 3970 2758 4049 qualicunque
2783 4026 2796 4034 ,

340 4048 533 4127 posita
558 4050 889 4128 operatione
918 4053 1136 4129 gratim,
1152 4054 1424 4113 voluntas
1452 4071 1678 4132 semper
1701 4064 1898 4114 manet
1925 4054 1986 4111 in
2009 4052 2352 4130 aequilibriO,
2382 4060 2450 4113 ut
2475 4052 2662 4129 possit
2687 4070 2757 4111 ea

336 4128 429 4188 uti
456 4130 556 4188 vel
594 4150 747 4206 non3
804 4150 983 4210 quum
1021 4152 1161 4211 ergo
1190 4152 1260 4192 ea
1286 4132 1433 4193 bene
1459 4135 1658 4209 utitur,
1687 4134 1800 4193 hoc
1827 4133 2002 4194 debet
2041 4133 2170 4209 sibi,
2200 4152 2318 4192 non
2359 4133 2579 4210 gratiae,
2623 4150 2754 4209 quae

338 4212 669 4269 communis
692 4220 801 4271 est.
888 4212 1057 4287 Quod
1096 4234 1215 4273 non
1253 4210 1579 4274 dissimulat
1608 4214 2014 4288 Bellarminus‚
2045 4213 2184 4273 dum
2225 4214 2510 4274 Molinam
2553 4222 2614 4273 et
2652 4212 2756 4291 qui

340 4289 535 4366 ipsum
564 4300 885 4367 sequuntur
912 4312 1220 4371 suppresso
1238 4294 1473 4353 nomine
1498 4296 1854 4373 perstringit,
1879 4294 1980 4354 lib.
2003 4296 2041 4353 i.
2063 4294 2138 4354 de
2159 4295 2302 4355 Gra.
2327 4304 2392 4353 et
2417 4294 2519 4353 lib.
2549 4294 2671 4352 arb.
2697 4312 2752 4351 e.

342 4369 449 4428 xii.
482 4373 520 4403 ‘⁴
539 4371 762 4449 Nonne,
770 4373 805 4401 ”
834 4370 1041 4450 inquit,
1070 4376 1113 4409 ‘¹‘
1130 4374 1321 4433 dicere
1348 4376 1561 4452 poterit
1586 4375 1641 4433 is
1665 4376 1766 4453 qui
1793 4376 2055 4451 credidit,
2077 4394 2140 4434 se
2155 4374 2406 4437 discerni
2433 4376 2508 4433 ab
2535 4373 2756 4434 infideli

342 4469 451 4527 per
474 4450 720 4509 liberum
750 4452 1067 4530 arbitrium,
1088 4454 1226 4531 quia
1252 4455 1376 4533 ipse
1404 4454 1840 4532 inspirationem
1880 4458 2116 4535 recepit,
2135 4474 2308 4535 quam
2347 4456 2494 4515 alter
2517 4455 2708 4533 rejicit
2725 4458 2756 4516 5·

346 4528 557 4589 Nonne
586 4531 821 4609 gloriari
843 4535 1061 4611 poterit
1086 4543 1287 4594 contra
1325 4534 1635 4611 infidelem,
1665 4536 1824 4613 quod
1865 4536 1989 4615 ipse
2021 4536 2132 4595 Dei
2172 4536 2376 4614 gratiss
2413 4544 2758 4614 cooperatus

342 4608 426 4669 sit
466 4630 641 4689 quam
668 4611 767 4672 ille
796 4615 1141 4693 contempsit
1156 4618 1185 4675 Ρ
1224 4614 1329 4675 sed
1359 4614 1681 4693 Apostolus
1707 4617 1834 4677 haec
1859 4616 2054 4675 omnia
2079 4617 2404 4695 prohibet‚”
2428 4614 2538 4677 See.
2621 4617 2757 4679 Non

338 4688 573 4751 felicius
607 4711 676 4753 se
714 4694 1035 4773 expediunt
1068 4694 1171 4775 qui
1210 4696 1525 4757 motionem
1552 4695 1810 4757 divinam
1837 4697 2045 4759 volunt
2083 4696 2436 4759 considerari
2471 4694 2759 4778 bifariam,
