3300 5225
576 226 695 284 472
1548 242 1732 285 Locus
1761 241 2002 285 snx‘rus.
2603 218 2901 303 [cums-r.
2943 238 3088 281 vn.

577 393 647 445 ut
692 386 730 420 “
744 404 863 443 non
889 384 1043 445 sinat
1066 404 1175 444 nos
1200 384 1411 445 tentari
1458 405 1635 464 supra
1675 385 1740 444 id
1784 384 1942 463 quod
1984 400 2310 462 possumus,
2339 382 2446 443 sed
2470 402 2611 443 vero
2653 402 2796 443 cum
2829 390 3084 443 tenta-

580 465 740 523 tione
782 474 1019 543 praestet
1060 466 1233 525 etiam
1276 467 1518 543 exitum,
1564 476 1631 525 ut
1657 466 1948 543 possimus
1992 464 2336 540 sustinere,’'
2371 467 2401 522 1
2435 462 2564 523 Cor.
2602 482 2666 521 x.
2697 465 2802 522 13.
2845 462 3078 521 Unde

583 544 841 622 August.
868 545 972 605 lib.
1002 548 1060 604 'v.
1099 546 1233 605 adv.
1262 546 1307 607 J
1309 547 1446 605 ulia.
1479 546 1679 623 Pelag.
1713 567 1765 605 c.
1793 546 1876 604 iii.
1961 546 2000 579 ‘⁴
2021 544 2178 620 Quid
2219 552 2310 603 est
2335 552 2528 602 autem
2555 542 2714 621 quod
2743 542 3074 619 quotidie

584 624 847 701 dicimus,
877 645 951 684 ne
979 644 1087 684 nos
1113 626 1327 685 inferas
1353 627 1415 685 in
1440 627 1837 702 tentationem,
1867 624 1980 685 nisi
2009 632 2074 685 ut
2112 644 2230 683 non
2271 623 2566 684 tradamur
2591 623 3070 699 concupiscen-

582 704 682 763 tiis
708 705 939 781 nostris,
966 706 1365 784 unusquisque
1412 707 1566 765 enim
1594 714 1850 767 tentatur
1875 724 1913 765 a
1953 704 2422 783 concupiscentia
2447 722 2552 763 sua
2589 702 2956 761 abstractus
2989 712 3070 761 et

584 784 815 844 illectus
830 786 897 845 ?”
942 786 1024 844 Et
1050 806 1139 865 ep.
1168 788 1266 845 89.
1296 786 1373 845 ad
1400 805 1498 863 qu.
1526 791 1583 846 2.
1672 788 1709 820 ‘⁴
1729 786 1823 845 Ne
1847 804 1956 845 nos
1981 785 2224 845 inducas
2257 784 2322 843 in
2359 782 2758 859 tentationem,
2788 782 3058 842 intelli-

586 864 761 941 gitur,
790 884 865 923 ne
892 865 1091 925 inferri
1118 865 1435 925 deserendo
1462 866 1821 943 permittas.”

933 1010 945 1023 ⁸
1191 946 1417 1005 XXX.
1460 946 1630 1021 Quod
1657 944 1877 1007 Jerem.
1905 964 2010 1003 xx.
2059 947 2117 1004 7.
2157 942 2385 1019 dicitur,
2415 941 2708 1003 &duxisti
2745 960 2843 1001 mc
2891 943 3046 1001 Do-

660 1007 993 1114 EJ0{⁰}}“{⁰·
1108 1026 1271 1102 mine,
1303 1034 1357 1085 et
1379 1028 1636 1085 seductus
1661 1046 1801 1102 sum,
1831 1044 1950 1084 non
1975 1030 2066 1083 est
2091 1024 2176 1083 ita
2195 1022 2608 1100 accipiendum,
2637 1022 2814 1099 quasi
2845 1021 3046 1082 Deus

782 1101 795 1113 ⁰
888 1100 899 1113 “
948 1100 961 1113 '
1109 1125 1242 1164 eum
1270 1106 1330 1163 in
1358 1105 1619 1166 fraudem
1646 1114 1707 1165 et
1747 1124 1998 1165 errorem
2041 1103 2356 1163 induxerit.
2438 1102 2606 1162 Licet
2649 1101 2814 1161 enim
2845 1102 3042 1161 Deus

584 1181 812 1242 dicatur
836 1183 1149 1262 aliquando
1174 1186 1438 1263 posuisse
1465 1186 1730 1263 spiritum
1755 1184 2042 1244 mendacii
2067 1184 2130 1243 in
2157 1203 2256 1242 ore
2275 1182 2551 1243 falsorum
2579 1181 3040 1259 Prophetarum

587 1262 836 1339 Achabi,
856 1274 1051 1323 tamen
1071 1263 1188 1324 dici
1203 1285 1321 1324 non
1340 1272 1549 1343 potest,
1561 1265 1748 1325 ullum
1768 1272 2096 1325 sanctorum
2120 1262 2556 1341 Prophetarum,
2568 1281 2717 1339 quos
2739 1262 2918 1321 Deus
2931 1262 3032 1319 in·

586 1342 845 1420 spiravit,
868 1344 953 1403 ita
970 1364 1224 1422 unquam
1246 1364 1485 1421 errasse,
1496 1355 1565 1405 ut
1583 1345 1646 1403 in
1666 1345 1896 1403 nomine
1911 1344 2024 1404 Dei
2039 1343 2250 1403 falsum
2267 1341 2486 1421 aliquid
2501 1342 2876 1420 praedixerim
2919 1342 3036 1401 vel

584 1420 648 1480 in
675 1422 1012 1501 prophetico
1040 1444 1294 1501 munere,
1323 1425 1461 1485 licet
1490 1424 1633 1485 alias
1661 1424 1994 1483 infallibiles
2021 1443 2139 1484 non
2164 1423 2370 1500 forent,
2409 1442 2446 1481 a
2469 1423 2716 1481 veritate
2744 1442 3030 1500 unquam

587 1501 884 1563 aberrarit.
991 1503 1109 1564 Sed
1152 1504 1540 1564 diversimode
1586 1512 1782 1583 potest
1831 1504 2103 1582 intelligi.
2197 1502 2316 1563 Vel
2355 1522 2478 1578 nno,
2525 1502 2682 1561 unde
2727 1501 3028 1562 Graecum

586 1586 732 1641 πιέσω
758 1582 993 1643 videtur
1018 1584 1349 1659 deductum,
1378 1584 1440 1643 in
1480 1584 1694 1645 bonam
1733 1593 1956 1663 partem
1997 1591 2258 1645 sumatur
2294 1601 2401 1662 pro
2427 1582 2671 1658 allicere,
2711 1582 3024 1659 pellicere,

576 1665 949 1739 persuadere,
978 1663 1270 1741 quomodo
1296 1672 1357 1723 et
1382 1663 1524 1724 alibi
1551 1665 1814 1742 sumitur,
1845 1664 1996 1725 Gen.
2025 1665 2108 1723 ix.
2137 1668 2235 1740 27,
2260 1662 2435 1723 Ptov.
2465 1682 2610 1721 xxv.
2631 1665 2730 1738 15,
2755 1662 2916 1721 Hos.
2945 1663 3018 1723 ii.

593 1745 667 1800 14
683 1764 697 1819 ;
726 1742 839 1802 hoe
859 1762 1033 1802 sensu
1049 1744 1339 1820 pellexisti
1353 1764 1458 1821 me,
1482 1753 1537 1804 et
1548 1747 1820 1821 pellectus
1828 1746 1946 1821 sui,
1969 1743 2034 1803 id
2051 1752 2142 1805 est
2161 1742 2683 1822 adsuscipiendam
2701 1750 2763 1802 et
2782 1742 3020 1801 obeun-

586 1821 723 1880 dam
764 1822 1119 1882 functionem
1159 1843 1365 1900 meam,
1393 1844 1453 1901 q.
1480 1824 1560 1900 d.,
1588 1824 1680 1884 'ru
1707 1845 1858 1884 unus
1902 1824 2048 1883 mihi
2074 1825 2283 1884 author
2308 1842 2373 1884 es
2399 1822 2721 1883 vocationis
2747 1842 2918 1899 mese,
2947 1830 3022 1882 et

586 1902 878 1962 recusanti
906 1903 1025 1961 vim
1054 1903 1478 1981 quodammodo
1505 1904 1770 1964 attulisti.
1826 1903 1944 1965 Vel
1971 1905 2022 1963 si
2047 1905 2110 1962 in
2137 1905 2348 1963 malam
2375 1912 2600 1981 partem
2619 1902 2871 1963 sumitur
2895 1922 3015 1981 pro

588 1981 944 2059 seductione,
972 1992 1039 2043 ut
1072 1983 1287 2044 Ezech.
1316 1984 1440 2045 xiv.
1469 1987 1526 2061 9,
1569 1984 1945 2062 hypothetice
1984 1985 2096 2045 hoc
2137 1982 2614 2061 intelligendum:
2661 1983 2726 2042 Si
2765 2002 2882 2059 ego
2912 2002 3012 2042 se-

588 2060 799 2122 ductus
828 2082 973 2139 sum,
996 2072 1064 2123 ut
1084 2064 1417 2124 seducerem
1438 2065 1603 2140 alios,
1624 2074 1797 2143 prout
1817 2066 2240 2125 calumniantur
2257 2064 2456 2123 hostes
2477 2064 2609 2140 mei,
2633 2063 2726 2123 Tu
2748 2063 3010 2123 Domine

586 2161 681 2225 me
722 2143 1041 2220 seduxisti3
1084 2142 1172 2203 At
1212 2146 1323 2205 hoc
1363 2146 1591 2221 falsum,
1636 2146 1798 2223 Ergo
1838 2152 1900 2205 et
1937 2144 2118 2221 illud;
2165 2144 2252 2205 Ut
2289 2144 2372 2203 ita
2399 2143 2689 2221 significet
2713 2142 2776 2201 in
2803 2142 3008 2202 Deum

587 2222 865 2283 doctrinae
893 2244 1013 2284 suae
1041 2224 1340 2284 authorem
1367 2226 1623 2285 recidere
1655 2245 1856 2285 eorum
1882 2225 2234 2301 calumnias3
2277 2224 2394 2284 Vel
2421 2234 2487 2283 ut
2511 2224 2692 2283 verba
2731 2222 3002 2283 humani-

584 2312 681 2362 tus
710 2302 867 2362 dicta
892 2303 1010 2363 sint
1036 2304 1353 2365 secundum
1382 2324 1616 2366 sensum
1643 2306 1852 2381 carnis,
1881 2313 1942 2366 et
1971 2304 2150 2365 animi
2189 2303 2696 2383 perturbationem,
2723 2303 2998 2362 nimirum

584 2390 652 2441 ut
678 2382 721 2442 J
724 2385 967 2443 eremias
1004 2404 1079 2443 ex
1124 2384 1453 2445 infirmitate
1494 2394 1555 2445 et
1590 2384 1816 2462 judicio
1842 2386 2032 2445 carnis
2058 2393 2350 2463 queratur,
2381 2404 2443 2444 se
2469 2405 2508 2442 a
2535 2384 2664 2443 Deo
2691 2382 2999 2461 deceptum

585 2462 782 2538 fuisse,
811 2463 987 2541 idque
1015 2464 1153 2542 quia
1178 2484 1255 2523 ex
1294 2465 1406 2525 Dei
1433 2466 1629 2524 verbis
1670 2485 1968 2544 perperam
2009 2465 2338 2541 intellectis,
2377 2465 2554 2541 longe
2579 2464 2695 2523 alia
2721 2474 2998 2541 expertus

582 2540 757 2601 fuerit
803 2563 979 2621 quam
1020 2544 1455 2605 existimaverat
1490 2545 1685 2606 Deum
1725 2546 1836 2604 sibi
1877 2545 2180 2622 indicasse,
2221 2564 2342 2604 non
2381 2544 2552 2623 culpa
2587 2544 2866 2620 dicentis,
2889 2543 2998 2603 sed

586 2623 909 2702 audientis,
952 2643 1069 2684 non
1096 2625 1251 2684 enirn
1278 2626 1507 2686 dixerat
1536 2626 1717 2701 Deus,
1746 2626 1914 2686 illum
1947 2626 2092 2685 nihil
2131 2645 2453 2704 passurum,
2483 2625 2588 2684 sed
2615 2645 2679 2684 se
2705 2644 2837 2684 eum
2863 2644 2992 2684 esse

582 2702 980 2766 liberaturum.
1054 2705 1119 2765 Si
1146 2705 1286 2764 alibi
1312 2709 1575 2767 seducere
1601 2705 1814 2766 dicitur
1841 2706 2178 2784 Prophetas,
2201 2706 2300 2765 vel
2325 2705 2619 2784 populum,
2651 2705 2846 2764 Ezech
2864 2705 2990 2764 xiv.

584 2784 659 2859 93
703 2783 746 2843 J
750 2803 921 2844 erem.
964 2785 1045 2844 iv.
1088 2787 1181 2861 10,
1223 2785 1337 2844 hoc
1376 2795 1502 2845 tum
1549 2784 1625 2845 ad
1679 2787 2114 2863 permissionem
2163 2794 2224 2845 et
2266 2785 2648 2846 desertionem
2677 2785 2792 2844 Dei
2841 2783 2989 2844 bene

583 2863 844 2939 refertur,
875 2866 1012 2942 quia
1037 2865 1319 2942 permittit
1344 2865 1611 2924 homines
1636 2864 1844 2942 decipi,
1873 2885 1982 2924 nec
2021 2865 2495 2944 impedimentum
2521 2865 2706 2925 ullum
2734 2865 2986 2942 opponit,

578 2952 702 3002 tum
724 2943 801 3002 ad
825 2945 1055 3003 Satanae
1075 2943 1460 3020 traditionem,
1483 2945 1619 3021 quia
1636 2940 1818 3005 tradit
1841 2945 2070 3004 Satanas
2089 2955 2150 3005 et
2167 2944 2577 3024 impostoribus
2598 2944 2982 3023 decipiendo&

924 3077 957 3091 ‚‚
1188 3023 1451 3084 XXXI.
1482 3025 1674 3099 Quum
1701 3024 1746 3085 J
1749 3024 1847 3084 obi
1873 3025 1976 3084 xii.
1999 3028 2092 3101 16,
2119 3030 2213 3086 17.
2255 3027 2376 3085 Dei
2397 3025 2608 3086 dicitur
2635 3045 2748 3084 esse
2768 3046 2982 3102 errans,

582 3075 751 3124 Error.
770 3075 867 3181 {⁰7¹³
886 3091 974 3125 ¹¹¹⁶
993 3077 1066 3136 16,
1106 3112 1163 3163 et
1184 3123 1389 3164 errare
1413 3106 1658 3181 faciens,
1703 3113 1895 3183 potest
1935 3105 2201 3164 bifariam
2239 3105 2506 3184 intelligi,
2549 3104 2650 3164 vel
2688 3105 2750 3164 in
2790 3103 2984 3164 dativo

1104 3187 1234 3244 Deo
1262 3193 1343 3244 est
1366 3205 1585 3261 errans,
1616 3195 1672 3246 et
1695 3205 1898 3245 errare
1907 3186 2148 3262 faciem,
2171 3195 2238 3246 ut
2263 3187 2468 3246 innuat
2485 3193 2612 3246 tum
2637 3185 2864 3264 decepti
2883 3185 2978 3244 ho-

582 3259 755 3321 minis
781 3261 1183 3340 ignorantiam,
1215 3273 1340 3326 tum
1379 3267 1759 3344 impostorum
1785 3275 1846 3326 et
1885 3266 2256 3345 deceptorum
2295 3267 2593 3342 malitiam,
2625 3266 2754 3324 Deo
2797 3265 2858 3324 id
2897 3273 2981 3325 est

580 3339 796 3401 divinae
842 3342 1220 3421 providentiae
1261 3346 1559 3421 inservire,
1589 3347 1760 3423 quasi
1797 3347 1956 3406 illius
2001 3347 2386 3423 administras,
2433 3346 2572 3406 dum
2619 3345 2782 3404 nimi.
2825 3345 2980 3405 Deus

576 3440 683 3499 per
708 3441 825 3500 eos,
856 3423 957 3501 qui
984 3425 1271 3486 voluntati
1298 3447 1419 3486 suae
1444 3429 1723 3508 :niagno-rias
1749 3435 2093 3505 repugnant,
2121 3427 2481 3487 voluntatem
2515 3445 2679 3485 suam
2719 3445 2977 3484 arcanam

579 3499 796 3570 εὐδοκίας
835 3504 1075 3582 perficit,
1120 3516 1407 3584 quatenus
1433 3528 1510 3566 ex
1550 3508 1720 3567 malis
1761 3508 1916 3566 bona
1951 3506 2145 3582 elicit;
2190 3507 2306 3566 Vel
2332 3508 2396 3566 in
2421 3507 2700 3584 genitiv0‚
2729 3508 2879 3582 Ejus
2903 3515 2979 3566 est

577 3602 797 3659 mans,
832 3581 939 3644 Sto.
968 3587 1107 3663 quia
1132 3596 1373 3664 uterque
1402 3595 1491 3646 est
1518 3588 1579 3646 in
1610 3587 1724 3647 Dei
1751 3595 2053 3664 potestate,
2081 3587 2166 3646 ita
2190 3596 2258 3647 ut
2283 3607 2452 3646 nemo
2479 3595 2634 3647 erret
2677 3587 2776 3646 vel
2803 3587 2862 3644 in
2891 3606 2974 3646 er·

575 3683 762 3724 rorem
792 3664 1045 3740 inducat,
1077 3667 1189 3725 nisi
1215 3676 1389 3746 prout
1411 3667 1539 3726 Deo
1566 3668 1714 3728 libet
1731 3666 2080 3744 permittere,
2098 3667 2201 3744 qui
2221 3687 2471 3727 errorem
2491 3676 2552 3726 et
2567 3665 2970 3744 seductionem,

574 3755 635 3803 et
660 3745 958 3822 impedire,
988 3755 1047 3804 et
1073 3747 1277 3805 tollere
1304 3756 1519 3824 posset,
1550 3747 1603 3807 si
1629 3747 1810 3808 vellet
1832 3769 1847 3824 ;
1890 3745 2010 3808 Vel
2033 3747 2173 3825 quia
2198 3747 2323 3826 ipse
2343 3747 2575 3808 errandi
2593 3756 2777 3826 actus,
2797 3767 2970 3826 quan·

574 3823 650 3883 do
677 3825 889 3901 aliquis
916 3825 1155 3900 seducit,
1186 3835 1275 3886 est
1302 3845 1339 3884 a
1367 3827 1513 3886 Deo,
2879 3839 2884 3846 '

656 3903 953 3963 XXXII.
998 3904 1189 3978 Quum
1218 3905 1361 3965 dicit
1385 3908 1564 3980 Deus,
1596 3907 1772 3966 Ezec.
1799 3926 1906 3966 xx.
1935 3907 2032 3984 25,
2066 3907 2104 3942 ‘⁴
2125 3927 2188 3967 se
2229 3907 2458 3968 dedisse
2484 3907 2702 3986 populo
2729 3927 2837 3968 suo
2863 3915 2967 3966 sta-

572 3991 701 4042 tuta
726 4001 844 4040 non
870 3982 1039 4058 bona,
1070 4003 1173 4061 per
1198 4004 1331 4061 quse
1357 4005 1475 4044 non
1515 3985 1702 4062 possit
1725 3985 1984 4062 vivere‚’'
2019 3987 2123 4048 ubi
2161 4007 2280 4048 non
2319 3988 2493 4048 modo
2519 3988 2754 4048 videtur
2777 4007 2966 4066 pecca-

568 4071 693 4122 tum
720 4061 1070 4140 permittere,
1101 4063 1205 4122 sed
1232 4064 1405 4123 etiam
1439 4065 1666 4142 jubere,
1693 4064 1858 4126 locus
1899 4067 2284 4128 diversimode
2321 4069 2647 4146 exponitur.
2731 4067 2964 4142 Quidam

566 4160 672 4220 per
717 4149 927 4199 statuta
973 4162 1087 4200 non
1113 4143 1259 4202 bona
1301 4143 1638 4221 intelligunt
1678 4156 1968 4226 praecepta
2009 4147 2370 4208 idololatrica
2397 4148 2737 4223 Gentilium,
2767 4149 2964 4226 quibus

569 4221 731 4279 Deus
759 4221 939 4280 iratus
965 4223 1243 4301 populum
1272 4241 1441 4282 suum
1482 4225 1823 4303 subjecerat,
1853 4247 2099 4306 quorum
2140 4228 2468 4288 observatio
2508 4238 2752 4288 mortem
2781 4229 2864 4288 eis
2889 4227 2962 4286 af-

564 4300 739 4360 ferret
766 4308 1056 4376 aeternam,
1086 4310 1153 4361 ut
1180 4304 1395 4363 dedisse
1434 4303 1676 4381 dicatur,
1705 4308 1843 4384 quia
1872 4309 2137 4384 permisit.
2169 4309 2248 4368 cis
2289 4309 2440 4384 dari,
2471 4309 2569 4367 vel
2597 4307 2735 4386 quia
2771 4329 2869 4368 eos
2904 4317 2961 4368 ut

564 4399 670 4440 sua
696 4381 1113 4458 gubernatione
1140 4382 1411 4460 indignos
1434 4384 1597 4461 justo
1624 4406 1731 4446 suo
1751 4387 1978 4465 judicio
2005 4389 2346 4464 excoecavit,
2377 4398 2436 4449 et
2471 4389 2715 4466 imperio
2745 4390 2958 4450 Satanas

560 4461 929 4540 mancipavit,
960 4470 1027 4523 ut
1052 4463 1353 4524 mendacio
1381 4465 1698 4542 obedirent,
1729 4487 1787 4546 q.
1817 4467 1894 4544 d.,
1927 4469 2187 4529 Mentem
2215 4469 2360 4547 ipsis
2387 4468 2595 4545 ademi,
2625 4469 2709 4530 ita
2733 4477 2802 4528 ut
2827 4469 2956 4528 meis

556 4541 788 4620 legibus
816 4543 1177 4622 contemptis,
1210 4543 1321 4623 ipsi
1348 4545 1460 4605 sibi
1487 4546 1650 4625 leges
1677 4547 1932 4608 facerent
1959 4548 2134 4609 duras
2159 4557 2218 4610 et
2244 4549 2589 4610 mortiferas.
2673 4549 2800 4609 Alii
2817 4568 2954 4609 com-
