<?xml version="1.0" encoding="UTF-8"?>
<!DOCTYPE html PUBLIC "-//W3C//DTD XHTML 1.0 Transitional//EN"
    "http://www.w3.org/TR/xhtml1/DTD/xhtml1-transitional.dtd">
<html xmlns="http://www.w3.org/1999/xhtml" xml:lang="en" lang="en">
 <head>
  <title>
</title>
<meta http-equiv="Content-Type" content="text/html;charset=utf-8" />
  <meta name='ocr-system' content='tesseract 3.04.00' />
  <meta name='ocr-capabilities' content='ocr_page ocr_carea ocr_par ocr_line ocrx_word'/>
</head>
<body>
  <div class='ocr_page' id='page_1' title='image "./institutiotheol00turrgoog_0117.png"; bbox 0 0 3300 5225; ppageno 0'>
   <div class='ocr_carea' id='block_1_1' title="bbox 356 347 2760 431">
    <p class='ocr_par' dir='ltr' id='par_1_1' title="bbox 356 347 2760 431">
     <span class='ocr_line' id='line_1_1' title="bbox 356 347 2760 431; baseline -0.004 -18"><span class='ocrx_word' id='word_1_1' title='bbox 356 365 575 421; x_wconf 64' lang='grc'><strong>08381.</strong></span> <span class='ocrx_word' id='word_1_2' title='bbox 606 347 719 431; x_wconf 72' lang='lat' dir='ltr'>m]</span> <span class='ocrx_word' id='word_1_3' title='bbox 1326 367 1403 408; x_wconf 77' lang='grc'>08</span> <span class='ocrx_word' id='word_1_4' title='bbox 1432 365 1775 410; x_wconf 58' lang='lat' dir='ltr'>semri-uns.</span> <span class='ocrx_word' id='word_1_5' title='bbox 2683 347 2760 404; x_wconf 85' lang='grc'>65</span> 
     </span>
    </p>
   </div>
   <div class='ocr_carea' id='block_1_2' title="bbox 354 505 2768 1300">
    <p class='ocr_par' dir='ltr' id='par_1_2' title="bbox 354 505 2768 1300">
     <span class='ocr_line' id='line_1_2' title="bbox 354 505 2759 586; baseline -0.003 -16"><span class='ocrx_word' id='word_1_6' title='bbox 354 511 433 570; x_wconf 88' lang='lat' dir='ltr'>ad</span> <span class='ocrx_word' id='word_1_7' title='bbox 454 529 645 569; x_wconf 90' lang='lat' dir='ltr'>mores</span> <span class='ocrx_word' id='word_1_8' title='bbox 672 517 732 568; x_wconf 90' lang='lat' dir='ltr'>et</span> <span class='ocrx_word' id='word_1_9' title='bbox 758 507 1055 586; x_wconf 78' lang='lat' dir='ltr'><strong>ingenium</strong></span> <span class='ocrx_word' id='word_1_10' title='bbox 1080 507 1429 583; x_wconf 86' lang='lat' dir='ltr'>humanum;</span> <span class='ocrx_word' id='word_1_11' title='bbox 1472 527 1601 584; x_wconf 76' lang='lat' dir='ltr'>quae</span> <span class='ocrx_word' id='word_1_12' title='bbox 1630 527 1734 585; x_wconf 91' lang='lat' dir='ltr'>per</span> <span class='ocrx_word' id='word_1_13' title='bbox 1759 526 1974 584; x_wconf 84' lang='lat' dir='ltr'>paucos</span> <span class='ocrx_word' id='word_1_14' title='bbox 2009 505 2183 566; x_wconf 89' lang='lat' dir='ltr'>rudes</span> <span class='ocrx_word' id='word_1_15' title='bbox 2209 514 2270 566; x_wconf 84' lang='lat' dir='ltr'>et</span> <span class='ocrx_word' id='word_1_16' title='bbox 2297 505 2550 564; x_wconf 85' lang='lat' dir='ltr'>infirmos</span> <span class='ocrx_word' id='word_1_17' title='bbox 2578 505 2759 562; x_wconf 89' lang='lat' dir='ltr'>homi-</span> 
     </span>
     <span class='ocr_line' id='line_1_3' title="bbox 354 583 2760 677; baseline -0.003 -29"><span class='ocrx_word' id='word_1_18' title='bbox 354 610 459 649; x_wconf 85' lang='lat' dir='ltr'>nes</span> <span class='ocrx_word' id='word_1_19' title='bbox 483 589 851 668; x_wconf 82' lang='lat' dir='ltr'>promulgata</span> <span class='ocrx_word' id='word_1_20' title='bbox 876 595 981 662; x_wconf 85' lang='lat' dir='ltr'>est,</span> <span class='ocrx_word' id='word_1_21' title='bbox 1012 607 1049 646; x_wconf 91' lang='lat' dir='ltr'>a</span> <span class='ocrx_word' id='word_1_22' title='bbox 1074 586 1333 664; x_wconf 83' lang='lat' dir='ltr'>fingendi</span> <span class='ocrx_word' id='word_1_23' title='bbox 1360 607 1477 646; x_wconf 87' lang='lat' dir='ltr'>non</span> <span class='ocrx_word' id='word_1_24' title='bbox 1502 587 1676 646; x_wconf 87' lang='lat' dir='ltr'>modo</span> <span class='ocrx_word' id='word_1_25' title='bbox 1707 587 1906 646; x_wconf 82' lang='lat' dir='ltr'>fraude</span> <span class='ocrx_word' id='word_1_26' title='bbox 1923 586 2027 646; x_wconf 87' lang='lat' dir='ltr'>sed</span> <span class='ocrx_word' id='word_1_27' title='bbox 2053 595 2111 646; x_wconf 91' lang='lat' dir='ltr'>et</span> <span class='ocrx_word' id='word_1_28' title='bbox 2139 585 2463 677; x_wconf 81' lang='lat' dir='ltr'>suspicione</span> <span class='ocrx_word' id='word_1_29' title='bbox 2480 583 2760 644; x_wconf 87' lang='lat' dir='ltr'>alienissi-</span> 
     </span>
     <span class='ocr_line' id='line_1_4' title="bbox 354 662 2764 744; baseline -0.003 -16"><span class='ocrx_word' id='word_1_30' title='bbox 354 689 495 744; x_wconf 87' lang='lat' dir='ltr'>mos,</span> <span class='ocrx_word' id='word_1_31' title='bbox 542 669 703 728; x_wconf 88' lang='grc'><strong>118110</strong></span> <span class='ocrx_word' id='word_1_32' title='bbox 747 666 1091 744; x_wconf 69' lang='lat' dir='ltr'>eloquentiis</span> <span class='ocrx_word' id='word_1_33' title='bbox 1132 666 1467 743; x_wconf 89' lang='lat' dir='ltr'>adjumento</span> <span class='ocrx_word' id='word_1_34' title='bbox 1514 667 1842 742; x_wconf 83' lang='lat' dir='ltr'>instructos,</span> <span class='ocrx_word' id='word_1_35' title='bbox 1893 666 2054 724; x_wconf 88' lang='lat' dir='ltr'>nullo</span> <span class='ocrx_word' id='word_1_36' title='bbox 2093 664 2476 726; x_wconf 74' lang='lat' dir='ltr'>simulationis</span> <span class='ocrx_word' id='word_1_37' title='bbox 2523 662 2764 722; x_wconf 82' lang='lat' dir='ltr'>artifieio</span> 
     </span>
     <span class='ocr_line' id='line_1_5' title="bbox 354 742 2767 825; baseline -0.003 -17"><span class='ocrx_word' id='word_1_38' title='bbox 354 747 626 824; x_wconf 87' lang='lat' dir='ltr'>eruditos,</span> <span class='ocrx_word' id='word_1_39' title='bbox 658 756 883 825; x_wconf 88' lang='lat' dir='ltr'>spretos</span> <span class='ocrx_word' id='word_1_40' title='bbox 910 755 969 804; x_wconf 97' lang='lat' dir='ltr'>et</span> <span class='ocrx_word' id='word_1_41' title='bbox 996 745 1391 823; x_wconf 89' lang='lat' dir='ltr'>despicabiles,</span> <span class='ocrx_word' id='word_1_42' title='bbox 1436 747 1560 804; x_wconf 85' lang='lat' dir='ltr'>sola</span> <span class='ocrx_word' id='word_1_43' title='bbox 1598 746 1986 824; x_wconf 70' lang='lat' dir='ltr'>persuasione,</span> <span class='ocrx_word' id='word_1_44' title='bbox 2016 746 2140 804; x_wconf 87' lang='lat' dir='ltr'>sine</span> <span class='ocrx_word' id='word_1_45' title='bbox 2168 744 2288 804; x_wconf 92' lang='lat' dir='ltr'>ullo</span> <span class='ocrx_word' id='word_1_46' title='bbox 2315 742 2678 804; x_wconf 80' lang='lat' dir='ltr'>authoritatis</span> <span class='ocrx_word' id='word_1_47' title='bbox 2705 751 2767 801; x_wconf 88' lang='lat' dir='ltr'>et</span> 
     </span>
     <span class='ocr_line' id='line_1_6' title="bbox 357 821 2762 919; baseline -0.003 -33"><span class='ocrx_word' id='word_1_48' title='bbox 357 824 571 888; x_wconf 82' lang='lat' dir='ltr'>favoris</span> <span class='ocrx_word' id='word_1_49' title='bbox 596 826 815 919; x_wconf 83' lang='lat' dir='ltr'>publici</span> <span class='ocrx_word' id='word_1_50' title='bbox 842 825 1127 904; x_wconf 79' lang='lat' dir='ltr'>praesidio,</span> <span class='ocrx_word' id='word_1_51' title='bbox 1158 825 1281 884; x_wconf 86' lang='lat' dir='ltr'>sine</span> <span class='ocrx_word' id='word_1_52' title='bbox 1320 843 1609 884; x_wconf 85' lang='lat' dir='ltr'>armorum</span> <span class='ocrx_word' id='word_1_53' title='bbox 1650 825 1886 900; x_wconf 84' lang='lat' dir='ltr'>auxilio,</span> <span class='ocrx_word' id='word_1_54' title='bbox 1917 845 2020 902; x_wconf 90' lang='lat' dir='ltr'>per</span> <span class='ocrx_word' id='word_1_55' title='bbox 2047 825 2203 883; x_wconf 90' lang='lat' dir='ltr'>mille</span> <span class='ocrx_word' id='word_1_56' title='bbox 2235 833 2449 882; x_wconf 86' lang='lat' dir='ltr'>mortes</span> <span class='ocrx_word' id='word_1_57' title='bbox 2477 831 2536 882; x_wconf 90' lang='lat' dir='ltr'>et</span> <span class='ocrx_word' id='word_1_58' title='bbox 2562 821 2762 880; x_wconf 85' lang='lat' dir='ltr'>discri-</span> 
     </span>
     <span class='ocr_line' id='line_1_7' title="bbox 356 903 2766 996; baseline -0.002 -30"><span class='ocrx_word' id='word_1_59' title='bbox 356 907 527 982; x_wconf 88' lang='lat' dir='ltr'>mina,</span> <span class='ocrx_word' id='word_1_60' title='bbox 574 905 919 966; x_wconf 83' lang='lat' dir='ltr'>brevissimo</span> <span class='ocrx_word' id='word_1_61' title='bbox 972 913 1167 964; x_wconf 87' lang='lat' dir='ltr'>tamen</span> <span class='ocrx_word' id='word_1_62' title='bbox 1220 913 1475 981; x_wconf 83' lang='lat' dir='ltr'>tempore</span> <span class='ocrx_word' id='word_1_63' title='bbox 1518 904 1732 980; x_wconf 86' lang='lat' dir='ltr'>ubique</span> <span class='ocrx_word' id='word_1_64' title='bbox 1779 905 2035 964; x_wconf 89' lang='lat' dir='ltr'>locorum</span> <span class='ocrx_word' id='word_1_65' title='bbox 2080 904 2272 979; x_wconf 84' lang='lat' dir='ltr'>ferme,</span> <span class='ocrx_word' id='word_1_66' title='bbox 2323 903 2407 962; x_wconf 86' lang='lat' dir='ltr'>ita</span> <span class='ocrx_word' id='word_1_67' title='bbox 2445 909 2766 996; x_wconf 84' lang='lat' dir='ltr'>propagata</span> 
     </span>
     <span class='ocr_line' id='line_1_8' title="bbox 358 948 2763 1062; baseline -0.002 -18"><span class='ocrx_word' id='word_1_68' title='bbox 358 985 543 1062; x_wconf 83' lang='lat' dir='ltr'>fuerit,</span> <span class='ocrx_word' id='word_1_69' title='bbox 574 994 639 1045; x_wconf 89' lang='lat' dir='ltr'>ut</span> <span class='ocrx_word' id='word_1_70' title='bbox 666 985 859 1044; x_wconf 84' lang='lat' dir='ltr'>omnia</span> <span class='ocrx_word' id='word_1_71' title='bbox 885 983 1185 1043; x_wconf 87' lang='lat' dir='ltr'>obstacula</span> <span class='ocrx_word' id='word_1_72' title='bbox 1210 985 1543 1061; x_wconf 81' lang='lat' dir='ltr'>perruperit,</span> <span class='ocrx_word' id='word_1_73' title='bbox 1575 992 1635 1044; x_wconf 91' lang='lat' dir='ltr'>et</span> <span class='ocrx_word' id='word_1_74' title='bbox 1661 984 1902 1044; x_wconf 84' lang='lat' dir='ltr'>aliarum</span> <span class='ocrx_word' id='word_1_75' title='bbox 1933 948 2302 1062; x_wconf 87' lang='lat' dir='ltr'>Religionum</span> <span class='ocrx_word' id='word_1_76' title='bbox 2331 1002 2460 1060; x_wconf 78' lang='lat' dir='ltr'>quae</span> <span class='ocrx_word' id='word_1_77' title='bbox 2487 981 2615 1040; x_wconf 89' lang='lat' dir='ltr'>istis</span> <span class='ocrx_word' id='word_1_78' title='bbox 2643 1000 2763 1040; x_wconf 89' lang='lat' dir='ltr'>om-</span> 
     </span>
     <span class='ocr_line' id='line_1_9' title="bbox 356 1061 2766 1142; baseline -0.002 -18"><span class='ocrx_word' id='word_1_79' title='bbox 356 1066 527 1126; x_wconf 88' lang='lat' dir='ltr'>nibus</span> <span class='ocrx_word' id='word_1_80' title='bbox 552 1063 836 1142; x_wconf 78' lang='lat' dir='ltr'>praesidiis</span> <span class='ocrx_word' id='word_1_81' title='bbox 862 1063 1229 1122; x_wconf 68' lang='lat' dir='ltr'>communitae</span> <span class='ocrx_word' id='word_1_82' title='bbox 1256 1072 1418 1123; x_wconf 88' lang='lat' dir='ltr'>erant</span> <span class='ocrx_word' id='word_1_83' title='bbox 1434 1063 1645 1122; x_wconf 80' lang='lat' dir='ltr'>victrix</span> <span class='ocrx_word' id='word_1_84' title='bbox 1663 1063 1928 1136; x_wconf 74' lang='lat' dir='ltr'>evaserit,</span> <span class='ocrx_word' id='word_1_85' title='bbox 1949 1072 2014 1123; x_wconf 92' lang='lat' dir='ltr'>ut</span> <span class='ocrx_word' id='word_1_86' title='bbox 2029 1063 2240 1140; x_wconf 82' lang='lat' dir='ltr'>integri</span> <span class='ocrx_word' id='word_1_87' title='bbox 2307 1061 2464 1140; x_wconf 87' lang='lat' dir='ltr'>opuli</span> <span class='ocrx_word' id='word_1_88' title='bbox 2493 1069 2552 1120; x_wconf 91' lang='lat' dir='ltr'>et</span> <span class='ocrx_word' id='word_1_89' title='bbox 2571 1061 2766 1138; x_wconf 81' lang='lat' dir='ltr'>Reges</span> 
     </span>
     <span class='ocr_line' id='line_1_10' title="bbox 358 1083 2691 1222; baseline -0.002 -20"><span class='ocrx_word' id='word_1_90' title='bbox 358 1145 486 1222; x_wconf 88' lang='lat' dir='ltr'>ipsi,</span> <span class='ocrx_word' id='word_1_91' title='bbox 514 1144 731 1204; x_wconf 88' lang='lat' dir='ltr'>relictis</span> <span class='ocrx_word' id='word_1_92' title='bbox 757 1142 959 1221; x_wconf 83' lang='lat' dir='ltr'>patriis</span> <span class='ocrx_word' id='word_1_93' title='bbox 1002 1141 1464 1218; x_wconf 82' lang='lat' dir='ltr'>Religionibus</span> <span class='ocrx_word' id='word_1_94' title='bbox 1448 1163 1509 1200; x_wconf 88' lang='grc' dir='ltr'>ιιι</span> <span class='ocrx_word' id='word_1_95' title='bbox 1548 1143 1760 1220; x_wconf 84' lang='lat' dir='ltr'>quibus</span> <span class='ocrx_word' id='word_1_96' title='bbox 1801 1143 1922 1202; x_wconf 84' lang='lat' dir='ltr'>nati</span> <span class='ocrx_word' id='word_1_97' title='bbox 1949 1150 2114 1201; x_wconf 87' lang='lat' dir='ltr'>erant</span> <span class='ocrx_word' id='word_1_98' title='bbox 2139 1150 2199 1202; x_wconf 90' lang='lat' dir='ltr'>et</span> <span class='ocrx_word' id='word_1_99' title='bbox 2231 1083 2458 1201; x_wconf 55' lang='lat' dir='ltr'>educati</span> <span class='ocrx_word' id='word_1_100' title='bbox 2459 1141 2632 1216; x_wconf 88' lang='lat' dir='ltr'>,sine</span> <span class='ocrx_word' id='word_1_101' title='bbox 2662 1160 2691 1198; x_wconf 89' lang='lat' dir='ltr'>s</span> 
     </span>
     <span class='ocr_line' id='line_1_11' title="bbox 356 1217 2768 1300; baseline -0.002 -18"><span class='ocrx_word' id='word_1_102' title='bbox 356 1222 708 1298; x_wconf 87' lang='lat' dir='ltr'>commodi,</span> <span class='ocrx_word' id='word_1_103' title='bbox 692 1242 808 1280; x_wconf 86' lang='lat' dir='ltr'>uno</span> <span class='ocrx_word' id='word_1_104' title='bbox 834 1241 965 1280; x_wconf 90' lang='lat' dir='ltr'>eum</span> <span class='ocrx_word' id='word_1_105' title='bbox 993 1231 1151 1282; x_wconf 84' lang='lat' dir='ltr'>certa</span> <span class='ocrx_word' id='word_1_106' title='bbox 1166 1220 1447 1280; x_wconf 86' lang='lat' dir='ltr'>malorum</span> <span class='ocrx_word' id='word_1_107' title='bbox 1466 1223 1884 1300; x_wconf 74' lang='lat' dir='ltr'>expectatione,</span> <span class='ocrx_word' id='word_1_108' title='bbox 1917 1217 2104 1296; x_wconf 72' lang='lat' dir='ltr'>istam,</span> <span class='ocrx_word' id='word_1_109' title='bbox 2123 1241 2253 1298; x_wconf 80' lang='lat' dir='ltr'>quae</span> <span class='ocrx_word' id='word_1_110' title='bbox 2279 1219 2490 1280; x_wconf 88' lang='lat' dir='ltr'>rationi</span> <span class='ocrx_word' id='word_1_111' title='bbox 2515 1219 2690 1278; x_wconf 84' lang='lat' dir='ltr'>absur</span> <span class='ocrx_word' id='word_1_112' title='bbox 2731 1238 2768 1278; x_wconf 84' lang='grc'>8</span> 
     </span>
    </p>
   </div>
   <div class='ocr_carea' id='block_1_3' title="bbox 358 1297 2764 1458">
    <p class='ocr_par' dir='ltr' id='par_1_3' title="bbox 358 1297 2764 1441">
     <span class='ocr_line' id='line_1_12' title="bbox 358 1297 2764 1438; baseline -0.002 -76"><span class='ocrx_word' id='word_1_113' title='bbox 358 1310 419 1362; x_wconf 86' lang='grc'>81</span> <span class='ocrx_word' id='word_1_114' title='bbox 445 1302 605 1362; x_wconf 89' lang='lat' dir='ltr'>carni</span> <span class='ocrx_word' id='word_1_115' title='bbox 630 1302 859 1379; x_wconf 82' lang='lat' dir='ltr'>ingrata</span> <span class='ocrx_word' id='word_1_116' title='bbox 694 1309 1025 1379; x_wconf 55' lang='lat' dir='ltr'>grataerag</span> <span class='ocrx_word' id='word_1_117' title='bbox 1054 1311 1115 1360; x_wconf 87' lang='lat' dir='ltr'>et</span> <span class='ocrx_word' id='word_1_118' title='bbox 1142 1321 1286 1438; x_wconf 38' lang='lat' dir='ltr'>pune·</span> <span class='ocrx_word' id='word_1_119' title='bbox 1300 1301 1576 1378; x_wconf 86' lang='lat' dir='ltr'>repellere</span> <span class='ocrx_word' id='word_1_120' title='bbox 1601 1301 1796 1380; x_wconf 88' lang='lat' dir='ltr'>potius</span> <span class='ocrx_word' id='word_1_121' title='bbox 1823 1321 1859 1360; x_wconf 87' lang='lat' dir='ltr'>a</span> <span class='ocrx_word' id='word_1_122' title='bbox 1885 1321 1946 1360; x_wconf 88' lang='lat' dir='ltr'>se</span> <span class='ocrx_word' id='word_1_123' title='bbox 1967 1299 2238 1370; x_wconf 73' lang='lat' dir='ltr'>,homines</span> <span class='ocrx_word' id='word_1_124' title='bbox 2263 1319 2436 1376; x_wconf 88' lang='lat' dir='ltr'>quam</span> <span class='ocrx_word' id='word_1_125' title='bbox 2453 1298 2530 1358; x_wconf 88' lang='lat' dir='ltr'>ad</span> <span class='ocrx_word' id='word_1_126' title='bbox 2557 1318 2620 1358; x_wconf 90' lang='lat' dir='ltr'>se</span> <span class='ocrx_word' id='word_1_127' title='bbox 2637 1297 2764 1358; x_wconf 96' lang='grc'><strong>8111·</strong></span> 
     </span>
     <span class='ocr_line' id='line_1_13' title="bbox 358 1379 1373 1458; baseline -0.002 -18"><span class='ocrx_word' id='word_1_128' title='bbox 358 1401 489 1441; x_wconf 85' lang='grc'><strong>8818</strong></span> <span class='ocrx_word' id='word_1_129' title='bbox 516 1380 835 1456; x_wconf 82' lang='lat' dir='ltr'>videbatur,</span> <span class='ocrx_word' id='word_1_130' title='bbox 866 1379 1118 1458; x_wconf 84' lang='lat' dir='ltr'>amplexi</span> <span class='ocrx_word' id='word_1_131' title='bbox 1168 1379 1373 1440; x_wconf 87' lang='lat' dir='ltr'>uerint.</span> 
     </span>
    </p>
   </div>
   <div class='ocr_carea' id='block_1_4' title="bbox 344 1456 2778 3053">
    <p class='ocr_par' dir='ltr' id='par_1_4' title="bbox 344 1456 2778 3053">
     <span class='ocr_line' id='line_1_14' title="bbox 438 1456 2764 1551; baseline -0.001 -32"><span class='ocrx_word' id='word_1_132' title='bbox 438 1460 665 1519; x_wconf 86' lang='lat' dir='ltr'>XXII.</span> <span class='ocrx_word' id='word_1_133' title='bbox 712 1460 1000 1520; x_wconf 73' lang='lat' dir='ltr'>Ger-titudo</span> <span class='ocrx_word' id='word_1_134' title='bbox 1042 1458 1157 1538; x_wconf 89' lang='lat' dir='ltr'>trip</span> <span class='ocrx_word' id='word_1_135' title='bbox 1156 1459 1255 1518; x_wconf 86' lang='lat' dir='ltr'>lex</span> <span class='ocrx_word' id='word_1_136' title='bbox 1298 1467 1490 1539; x_wconf 91' lang='lat' dir='ltr'>potest</span> <span class='ocrx_word' id='word_1_137' title='bbox 1530 1479 1676 1534; x_wconf 87' lang='lat' dir='ltr'>esse,</span> <span class='ocrx_word' id='word_1_138' title='bbox 1729 1461 1782 1518; x_wconf 91' lang='lat'>1.</span> <span class='ocrx_word' id='word_1_139' title='bbox 1825 1460 2246 1536; x_wconf 70' lang='lat' dir='ltr'>Mathematica,</span> <span class='ocrx_word' id='word_1_140' title='bbox 2295 1462 2352 1518; x_wconf 94' lang='grc'>2.</span> <span class='ocrx_word' id='word_1_141' title='bbox 2394 1456 2658 1551; x_wconf 71' lang='lat' dir='ltr'>Mor-alis,</span> <span class='ocrx_word' id='word_1_142' title='bbox 2706 1459 2764 1517; x_wconf 83' lang='grc'>3.</span> 
     </span>
     <span class='ocr_line' id='line_1_15' title="bbox 362 1534 2768 1630; baseline -0.002 -30"><span class='ocrx_word' id='word_1_143' title='bbox 362 1540 711 1616; x_wconf 67' lang='lat' dir='ltr'>Uteoloqica.</span> <span class='ocrx_word' id='word_1_144' title='bbox 790 1539 1211 1615; x_wconf 70' lang='lat' dir='ltr'>Mathmnatica,</span> <span class='ocrx_word' id='word_1_145' title='bbox 1256 1558 1359 1600; x_wconf 84' lang='lat' dir='ltr'>seu</span> <span class='ocrx_word' id='word_1_146' title='bbox 1398 1539 1796 1616; x_wconf 77' lang='lat' dir='ltr'>metaphysica</span> <span class='ocrx_word' id='word_1_147' title='bbox 1833 1539 1936 1598; x_wconf 90' lang='grc'><strong>1118</strong></span> <span class='ocrx_word' id='word_1_148' title='bbox 1961 1547 2066 1615; x_wconf 85' lang='lat' dir='ltr'>est,</span> <span class='ocrx_word' id='word_1_149' title='bbox 2097 1558 2228 1617; x_wconf 67' lang='lat' dir='ltr'>quse</span> <span class='ocrx_word' id='word_1_150' title='bbox 2255 1537 2528 1616; x_wconf 87' lang='lat' dir='ltr'>competit</span> <span class='ocrx_word' id='word_1_151' title='bbox 2567 1534 2768 1630; x_wconf 85' lang='lat' dir='ltr'>primis</span> 
     </span>
     <span class='ocr_line' id='line_1_16' title="bbox 398 1615 2770 1698; baseline -0.002 -20"><span class='ocrx_word' id='word_1_152' title='bbox 398 1620 652 1698; x_wconf 89' lang='lat' dir='ltr'>rincipiis</span> <span class='ocrx_word' id='word_1_153' title='bbox 678 1627 883 1679; x_wconf 88' lang='lat' dir='ltr'>natura</span> <span class='ocrx_word' id='word_1_154' title='bbox 910 1626 969 1678; x_wconf 91' lang='lat' dir='ltr'>et</span> <span class='ocrx_word' id='word_1_155' title='bbox 995 1638 1098 1695; x_wconf 89' lang='lat' dir='ltr'>per</span> <span class='ocrx_word' id='word_1_156' title='bbox 1125 1637 1187 1678; x_wconf 88' lang='lat' dir='ltr'>se</span> <span class='ocrx_word' id='word_1_157' title='bbox 1216 1618 1385 1694; x_wconf 87' lang='lat' dir='ltr'>notis,</span> <span class='ocrx_word' id='word_1_158' title='bbox 1417 1627 1475 1677; x_wconf 88' lang='lat' dir='ltr'>et</span> <span class='ocrx_word' id='word_1_159' title='bbox 1504 1617 1970 1679; x_wconf 89' lang='lat' dir='ltr'>conclusionibus</span> <span class='ocrx_word' id='word_1_160' title='bbox 1995 1639 2098 1696; x_wconf 88' lang='lat' dir='ltr'>per</span> <span class='ocrx_word' id='word_1_161' title='bbox 2130 1615 2464 1696; x_wconf 87' lang='lat' dir='ltr'>hujusmodi</span> <span class='ocrx_word' id='word_1_162' title='bbox 2487 1615 2770 1694; x_wconf 86' lang='lat' dir='ltr'>principia</span> 
     </span>
     <span class='ocr_line' id='line_1_17' title="bbox 354 1641 2771 1790; baseline -0.001 -32"><span class='ocrx_word' id='word_1_163' title='bbox 354 1641 798 1775; x_wconf 49' lang='lat' dir='ltr'>demonstr-atim</span> <span class='ocrx_word' id='word_1_164' title='bbox 841 1706 907 1758; x_wconf 89' lang='lat' dir='ltr'>ut</span> <span class='ocrx_word' id='word_1_165' title='bbox 932 1697 1165 1775; x_wconf 89' lang='lat' dir='ltr'>quando</span> <span class='ocrx_word' id='word_1_166' title='bbox 1196 1699 1394 1758; x_wconf 78' lang='lat' dir='ltr'>Totum</span> <span class='ocrx_word' id='word_1_167' title='bbox 1420 1698 1625 1757; x_wconf 67' lang='grc' dir='ltr'>ᾱίοἰειιν</span> <span class='ocrx_word' id='word_1_168' title='bbox 1650 1718 1766 1758; x_wconf 74' lang='lat' dir='ltr'>esse</span> <span class='ocrx_word' id='word_1_169' title='bbox 1791 1701 1974 1775; x_wconf 73' lang='lat' dir='ltr'>mnjm</span> <span class='ocrx_word' id='word_1_170' title='bbox 1997 1717 2103 1757; x_wconf 75' lang='lat' dir='ltr'>sua</span> <span class='ocrx_word' id='word_1_171' title='bbox 2119 1707 2310 1774; x_wconf 75' lang='lat' dir='ltr'>parte,</span> <span class='ocrx_word' id='word_1_172' title='bbox 2341 1705 2403 1790; x_wconf 74' lang='lat' dir='ltr'>et</span> <span class='ocrx_word' id='word_1_173' title='bbox 2426 1696 2584 1774; x_wconf 85' lang='lat' dir='ltr'>quod</span> <span class='ocrx_word' id='word_1_174' title='bbox 2623 1695 2771 1756; x_wconf 78' lang='lat' dir='ltr'>idem</span> 
     </span>
     <span class='ocr_line' id='line_1_18' title="bbox 354 1775 2770 1857; baseline -0.002 -18"><span class='ocrx_word' id='word_1_175' title='bbox 354 1800 469 1839; x_wconf 77' lang='lat' dir='ltr'>non</span> <span class='ocrx_word' id='word_1_176' title='bbox 486 1779 669 1856; x_wconf 69' lang='lat' dir='ltr'>possit</span> <span class='ocrx_word' id='word_1_177' title='bbox 702 1779 869 1837; x_wconf 70' lang='grc' dir='ltr'>εὲηιυῑ</span> <span class='ocrx_word' id='word_1_178' title='bbox 906 1797 1021 1836; x_wconf 73' lang='lat' dir='ltr'>esse</span> <span class='ocrx_word' id='word_1_179' title='bbox 1060 1787 1115 1836; x_wconf 76' lang='lat' dir='ltr'>et</span> <span class='ocrx_word' id='word_1_180' title='bbox 1150 1797 1263 1836; x_wconf 75' lang='lat' dir='ltr'>non</span> <span class='ocrx_word' id='word_1_181' title='bbox 1302 1797 1433 1837; x_wconf 72' lang='lat' dir='ltr'>esse.</span> <span class='ocrx_word' id='word_1_182' title='bbox 1516 1781 1573 1837; x_wconf 90' lang='grc'>2.</span> <span class='ocrx_word' id='word_1_183' title='bbox 1617 1779 1881 1854; x_wconf 66' lang='lat' dir='ltr'>Mor-alis,</span> <span class='ocrx_word' id='word_1_184' title='bbox 1903 1798 2033 1857; x_wconf 81' lang='lat' dir='ltr'>quae</span> <span class='ocrx_word' id='word_1_185' title='bbox 2073 1777 2327 1837; x_wconf 86' lang='lat' dir='ltr'>cernitur</span> <span class='ocrx_word' id='word_1_186' title='bbox 2351 1776 2414 1836; x_wconf 90' lang='lat' dir='ltr'>in</span> <span class='ocrx_word' id='word_1_187' title='bbox 2439 1775 2614 1836; x_wconf 87' lang='lat' dir='ltr'>rebus</span> <span class='ocrx_word' id='word_1_188' title='bbox 2639 1793 2770 1852; x_wconf 77' lang='lat' dir='ltr'>quse</span> 
     </span>
     <span class='ocr_line' id='line_1_19' title="bbox 356 1855 2770 1936; baseline -0.002 -17"><span class='ocrx_word' id='word_1_189' title='bbox 356 1859 593 1936; x_wconf 88' lang='lat' dir='ltr'>quidem</span> <span class='ocrx_word' id='word_1_190' title='bbox 620 1857 1001 1918; x_wconf 87' lang='lat' dir='ltr'>demonstrari</span> <span class='ocrx_word' id='word_1_191' title='bbox 1028 1876 1145 1916; x_wconf 89' lang='lat' dir='ltr'>non</span> <span class='ocrx_word' id='word_1_192' title='bbox 1172 1866 1433 1936; x_wconf 87' lang='lat' dir='ltr'>possunt,</span> <span class='ocrx_word' id='word_1_193' title='bbox 1464 1855 1569 1916; x_wconf 90' lang='lat' dir='ltr'>sed</span> <span class='ocrx_word' id='word_1_194' title='bbox 1594 1857 1810 1918; x_wconf 87' lang='lat' dir='ltr'>talibus</span> <span class='ocrx_word' id='word_1_195' title='bbox 1849 1865 2042 1918; x_wconf 86' lang='lat' dir='ltr'>tamen</span> <span class='ocrx_word' id='word_1_196' title='bbox 2069 1856 2298 1916; x_wconf 88' lang='lat' dir='ltr'>indiciis</span> <span class='ocrx_word' id='word_1_197' title='bbox 2324 1864 2384 1917; x_wconf 89' lang='grc'>81</span> <span class='ocrx_word' id='word_1_198' title='bbox 2411 1855 2770 1933; x_wconf 82' lang='lat' dir='ltr'>argumentis</span> 
     </span>
     <span class='ocr_line' id='line_1_20' title="bbox 356 1935 2772 2030; baseline -0.002 -33"><span class='ocrx_word' id='word_1_199' title='bbox 356 1947 477 1998; x_wconf 88' lang='lat' dir='ltr'>tam</span> <span class='ocrx_word' id='word_1_200' title='bbox 504 1937 900 2016; x_wconf 87' lang='lat' dir='ltr'>probabilibus</span> <span class='ocrx_word' id='word_1_201' title='bbox 941 1935 1269 2010; x_wconf 71' lang='lat' dir='ltr'>suadentur,</span> <span class='ocrx_word' id='word_1_202' title='bbox 1313 1945 1381 1997; x_wconf 92' lang='lat' dir='ltr'>ut</span> <span class='ocrx_word' id='word_1_203' title='bbox 1420 1937 1494 1996; x_wconf 91' lang='lat' dir='ltr'>de</span> <span class='ocrx_word' id='word_1_204' title='bbox 1540 1937 1613 1996; x_wconf 88' lang='grc'>118</span> <span class='ocrx_word' id='word_1_205' title='bbox 1649 1937 1743 1996; x_wconf 84' lang='lat' dir='ltr'>vir</span> <span class='ocrx_word' id='word_1_206' title='bbox 1781 1937 2034 2030; x_wconf 87' lang='lat' dir='ltr'>prudens</span> <span class='ocrx_word' id='word_1_207' title='bbox 2075 1937 2341 1996; x_wconf 87' lang='lat' dir='ltr'>dubitare</span> <span class='ocrx_word' id='word_1_208' title='bbox 2381 1943 2662 2012; x_wconf 88' lang='lat' dir='ltr'>nequeat;</span> <span class='ocrx_word' id='word_1_209' title='bbox 2693 1942 2772 2028; x_wconf 40' lang='lat' dir='ltr'>&#39;ut</span> 
     </span>
     <span class='ocr_line' id='line_1_21' title="bbox 358 1981 2768 2095; baseline -0.002 -19"><span class='ocrx_word' id='word_1_210' title='bbox 358 2017 673 2076; x_wconf 88' lang='lat' dir='ltr'>AEneidem</span> <span class='ocrx_word' id='word_1_211' title='bbox 700 2017 972 2094; x_wconf 82' lang='lat' dir='ltr'>scriptam</span> <span class='ocrx_word' id='word_1_212' title='bbox 998 2035 1127 2076; x_wconf 89' lang='lat' dir='ltr'>esse</span> <span class='ocrx_word' id='word_1_213' title='bbox 1168 2035 1203 2074; x_wconf 88' lang='lat' dir='ltr'>a</span> <span class='ocrx_word' id='word_1_214' title='bbox 1244 1981 1321 2074; x_wconf 73' lang='lat' dir='ltr'>V‘</span> <span class='ocrx_word' id='word_1_215' title='bbox 1302 2015 1513 2095; x_wconf 79' lang='lat' dir='ltr'>irgilio,</span> <span class='ocrx_word' id='word_1_216' title='bbox 1544 2023 1603 2075; x_wconf 92' lang='lat' dir='ltr'>et</span> <span class='ocrx_word' id='word_1_217' title='bbox 1629 2016 1928 2076; x_wconf 81' lang='lat' dir='ltr'>historiam</span> <span class='ocrx_word' id='word_1_218' title='bbox 1971 2015 2127 2074; x_wconf 82' lang='lat' dir='ltr'>Livii</span> <span class='ocrx_word' id='word_1_219' title='bbox 2154 2036 2191 2074; x_wconf 88' lang='lat' dir='ltr'>a</span> <span class='ocrx_word' id='word_1_220' title='bbox 2217 2015 2426 2092; x_wconf 85' lang='lat' dir='ltr'>Livio;</span> <span class='ocrx_word' id='word_1_221' title='bbox 2469 2014 2582 2075; x_wconf 85' lang='lat' dir='ltr'>etsi</span> <span class='ocrx_word' id='word_1_222' title='bbox 2617 2013 2768 2073; x_wconf 88' lang='lat' dir='ltr'>enim</span> 
     </span>
     <span class='ocr_line' id='line_1_22' title="bbox 355 2092 2760 2174; baseline -0.001 -18"><span class='ocrx_word' id='word_1_223' title='bbox 355 2117 455 2156; x_wconf 90' lang='lat' dir='ltr'>res</span> <span class='ocrx_word' id='word_1_224' title='bbox 480 2116 597 2156; x_wconf 89' lang='lat' dir='ltr'>non</span> <span class='ocrx_word' id='word_1_225' title='bbox 622 2104 712 2156; x_wconf 87' lang='lat' dir='ltr'>est</span> <span class='ocrx_word' id='word_1_226' title='bbox 736 2115 838 2174; x_wconf 88' lang='lat' dir='ltr'>per</span> <span class='ocrx_word' id='word_1_227' title='bbox 864 2115 927 2155; x_wconf 88' lang='lat' dir='ltr'>se</span> <span class='ocrx_word' id='word_1_228' title='bbox 954 2103 1109 2171; x_wconf 88' lang='lat' dir='ltr'>nota,</span> <span class='ocrx_word' id='word_1_229' title='bbox 1140 2103 1257 2154; x_wconf 85' lang='lat' dir='ltr'>tam</span> <span class='ocrx_word' id='word_1_230' title='bbox 1288 2095 1575 2155; x_wconf 73' lang='lat' dir='ltr'>constanti</span> <span class='ocrx_word' id='word_1_231' title='bbox 1600 2105 1794 2155; x_wconf 87' lang='lat' dir='ltr'>tamen</span> <span class='ocrx_word' id='word_1_232' title='bbox 1823 2096 1975 2156; x_wconf 82' lang='lat' dir='ltr'>fama</span> <span class='ocrx_word' id='word_1_233' title='bbox 2000 2103 2214 2156; x_wconf 87' lang='lat' dir='ltr'>testata</span> <span class='ocrx_word' id='word_1_234' title='bbox 2239 2103 2344 2170; x_wconf 91' lang='lat' dir='ltr'>est,</span> <span class='ocrx_word' id='word_1_235' title='bbox 2375 2104 2441 2154; x_wconf 86' lang='lat' dir='ltr'>ut</span> <span class='ocrx_word' id='word_1_236' title='bbox 2468 2093 2542 2153; x_wconf 91' lang='lat' dir='ltr'>de</span> <span class='ocrx_word' id='word_1_237' title='bbox 2569 2113 2639 2153; x_wconf 90' lang='lat' dir='ltr'>ea</span> <span class='ocrx_word' id='word_1_238' title='bbox 2663 2092 2760 2154; x_wconf 89' lang='lat' dir='ltr'>du·</span> 
     </span>
     <span class='ocr_line' id='line_1_23' title="bbox 354 2173 2770 2253; baseline -0.002 -17"><span class='ocrx_word' id='word_1_239' title='bbox 354 2177 545 2236; x_wconf 88' lang='lat' dir='ltr'>bitare</span> <span class='ocrx_word' id='word_1_240' title='bbox 571 2195 739 2235; x_wconf 91' lang='lat' dir='ltr'>nemo</span> <span class='ocrx_word' id='word_1_241' title='bbox 778 2175 977 2253; x_wconf 86' lang='lat' dir='ltr'>possit,</span> <span class='ocrx_word' id='word_1_242' title='bbox 1029 2173 1131 2252; x_wconf 91' lang='lat' dir='ltr'>qui</span> <span class='ocrx_word' id='word_1_243' title='bbox 1173 2175 1426 2252; x_wconf 87' lang='lat' dir='ltr'>aliquam</span> <span class='ocrx_word' id='word_1_244' title='bbox 1458 2194 1649 2234; x_wconf 86' lang='lat' dir='ltr'>rerum</span> <span class='ocrx_word' id='word_1_245' title='bbox 1691 2183 1750 2234; x_wconf 92' lang='lat' dir='ltr'>et</span> <span class='ocrx_word' id='word_1_246' title='bbox 1788 2175 2082 2234; x_wconf 88' lang='lat' dir='ltr'>literarum</span> <span class='ocrx_word' id='word_1_247' title='bbox 2132 2174 2394 2234; x_wconf 86' lang='lat' dir='ltr'>notitiam</span> <span class='ocrx_word' id='word_1_248' title='bbox 2436 2173 2628 2232; x_wconf 91' lang='lat' dir='ltr'>habet.</span> <span class='ocrx_word' id='word_1_249' title='bbox 2713 2175 2770 2234; x_wconf 88' lang='grc'><strong>3</strong></span> 
     </span>
     <span class='ocr_line' id='line_1_24' title="bbox 358 2251 2770 2346; baseline -0.002 -30"><span class='ocrx_word' id='word_1_250' title='bbox 358 2255 714 2332; x_wconf 73' lang='grc' dir='ltr'><strong>1718010ρί00,</strong></span> <span class='ocrx_word' id='word_1_251' title='bbox 742 2274 871 2332; x_wconf 74' lang='lat' dir='ltr'>quse</span> <span class='ocrx_word' id='word_1_252' title='bbox 898 2254 1188 2314; x_wconf 87' lang='lat' dir='ltr'>habetur</span> <span class='ocrx_word' id='word_1_253' title='bbox 1170 2274 1231 2313; x_wconf 89' lang='grc'>111</span> <span class='ocrx_word' id='word_1_254' title='bbox 1272 2254 1461 2330; x_wconf 85' lang='lat' dir='ltr'>rebus,</span> <span class='ocrx_word' id='word_1_255' title='bbox 1492 2275 1623 2331; x_wconf 79' lang='lat' dir='ltr'>quae</span> <span class='ocrx_word' id='word_1_256' title='bbox 1653 2254 1764 2313; x_wconf 87' lang='lat' dir='ltr'>etsi</span> <span class='ocrx_word' id='word_1_257' title='bbox 1789 2253 2170 2314; x_wconf 89' lang='lat' dir='ltr'>demonstrari</span> <span class='ocrx_word' id='word_1_258' title='bbox 2199 2273 2272 2314; x_wconf 89' lang='lat' dir='ltr'>ne</span> <span class='ocrx_word' id='word_1_259' title='bbox 2239 2261 2503 2346; x_wconf 78' lang='lat' dir='ltr'>eueant,</span> <span class='ocrx_word' id='word_1_260' title='bbox 2534 2251 2632 2311; x_wconf 80' lang='lat' dir='ltr'>vel</span> <span class='ocrx_word' id='word_1_261' title='bbox 2670 2271 2770 2329; x_wconf 85' lang='lat' dir='ltr'>per</span> 
     </span>
     <span class='ocr_line' id='line_1_25' title="bbox 354 2275 2771 2409; baseline -0.003 -14"><span class='ocrx_word' id='word_1_262' title='bbox 354 2356 423 2396; x_wconf 86' lang='lat' dir='ltr'>se</span> <span class='ocrx_word' id='word_1_263' title='bbox 454 2343 513 2394; x_wconf 93' lang='lat' dir='ltr'>et</span> <span class='ocrx_word' id='word_1_264' title='bbox 538 2343 742 2395; x_wconf 83' lang='lat' dir='ltr'>natura</span> <span class='ocrx_word' id='word_1_265' title='bbox 767 2343 919 2393; x_wconf 80' lang='lat' dir='ltr'>notae</span> <span class='ocrx_word' id='word_1_266' title='bbox 946 2333 1079 2409; x_wconf 89' lang='lat' dir='ltr'>sint,</span> <span class='ocrx_word' id='word_1_267' title='bbox 1108 2353 1227 2393; x_wconf 92' lang='lat' dir='ltr'>non</span> <span class='ocrx_word' id='word_1_268' title='bbox 1264 2342 1457 2392; x_wconf 86' lang='lat' dir='ltr'>tamen</span> <span class='ocrx_word' id='word_1_269' title='bbox 1492 2275 1894 2394; x_wconf 86' lang='lat' dir='ltr'>qrobabilibns</span> <span class='ocrx_word' id='word_1_270' title='bbox 1935 2343 2160 2392; x_wconf 88' lang='lat' dir='ltr'>tantum</span> <span class='ocrx_word' id='word_1_271' title='bbox 2201 2333 2262 2392; x_wconf 90' lang='lat' dir='ltr'>in</span> <span class='ocrx_word' id='word_1_272' title='bbox 2304 2332 2429 2392; x_wconf 89' lang='lat' dir='ltr'>iciis</span> <span class='ocrx_word' id='word_1_273' title='bbox 2457 2340 2517 2392; x_wconf 90' lang='grc'>81</span> <span class='ocrx_word' id='word_1_274' title='bbox 2543 2331 2771 2392; x_wconf 88' lang='lat' dir='ltr'>morali-</span> 
     </span>
     <span class='ocr_line' id='line_1_26' title="bbox 350 2354 2772 2505; baseline -0.003 -29"><span class='ocrx_word' id='word_1_275' title='bbox 350 2415 471 2475; x_wconf 82' lang='lat' dir='ltr'>bus</span> <span class='ocrx_word' id='word_1_276' title='bbox 497 2413 849 2494; x_wconf 74' lang='lat' dir='ltr'>argumentis</span> <span class='ocrx_word' id='word_1_277' title='bbox 876 2413 1153 2490; x_wconf 85' lang='lat' dir='ltr'>nituntur,</span> <span class='ocrx_word' id='word_1_278' title='bbox 1184 2412 1289 2472; x_wconf 87' lang='lat' dir='ltr'>sed</span> <span class='ocrx_word' id='word_1_279' title='bbox 1314 2433 1451 2472; x_wconf 83' lang='lat' dir='ltr'>vere</span> <span class='ocrx_word' id='word_1_280' title='bbox 1479 2354 1850 2505; x_wconf 53' lang='lat' dir='ltr'>fheologicis</span> <span class='ocrx_word' id='word_1_281' title='bbox 1876 2421 1935 2472; x_wconf 91' lang='lat' dir='ltr'>et</span> <span class='ocrx_word' id='word_1_282' title='bbox 1963 2412 2194 2488; x_wconf 86' lang='lat' dir='ltr'>divinis,</span> <span class='ocrx_word' id='word_1_283' title='bbox 2219 2412 2418 2472; x_wconf 84' lang='lat' dir='ltr'>divina</span> <span class='ocrx_word' id='word_1_284' title='bbox 2445 2419 2585 2492; x_wconf 87' lang='lat' dir='ltr'>puta</span> <span class='ocrx_word' id='word_1_285' title='bbox 2611 2431 2772 2470; x_wconf 83' lang='lat' dir='ltr'>reve·</span> 
     </span>
     <span class='ocr_line' id='line_1_27' title="bbox 350 2490 2775 2572; baseline -0.002 -18"><span class='ocrx_word' id='word_1_286' title='bbox 350 2495 590 2570; x_wconf 88' lang='lat' dir='ltr'>latione,</span> <span class='ocrx_word' id='word_1_287' title='bbox 620 2514 751 2572; x_wconf 76' lang='lat' dir='ltr'>quae</span> <span class='ocrx_word' id='word_1_288' title='bbox 790 2492 1031 2572; x_wconf 89' lang='lat' dir='ltr'>proinde</span> <span class='ocrx_word' id='word_1_289' title='bbox 1070 2512 1187 2551; x_wconf 90' lang='lat' dir='ltr'>non</span> <span class='ocrx_word' id='word_1_290' title='bbox 1228 2490 1629 2554; x_wconf 81' lang='lat' dir='ltr'>certitudinem</span> <span class='ocrx_word' id='word_1_291' title='bbox 1671 2501 1896 2552; x_wconf 85' lang='lat' dir='ltr'>tantum</span> <span class='ocrx_word' id='word_1_292' title='bbox 1935 2493 2210 2553; x_wconf 86' lang='lat' dir='ltr'>moralem</span> <span class='ocrx_word' id='word_1_293' title='bbox 2239 2502 2300 2552; x_wconf 89' lang='grc'>81</span> <span class='ocrx_word' id='word_1_294' title='bbox 2327 2491 2775 2569; x_wconf 86' lang='lat' dir='ltr'>conjecturalem</span> 
     </span>
     <span class='ocr_line' id='line_1_28' title="bbox 350 2571 2772 2650; baseline -0.002 -14"><span class='ocrx_word' id='word_1_295' title='bbox 350 2573 579 2636; x_wconf 80' lang='lat' dir='ltr'>faciunt</span> <span class='ocrx_word' id='word_1_296' title='bbox 605 2573 710 2634; x_wconf 88' lang='lat' dir='ltr'>sed</span> <span class='ocrx_word' id='word_1_297' title='bbox 734 2573 907 2633; x_wconf 87' lang='lat' dir='ltr'>fidem</span> <span class='ocrx_word' id='word_1_298' title='bbox 936 2592 1073 2633; x_wconf 84' lang='lat' dir='ltr'>vere</span> <span class='ocrx_word' id='word_1_299' title='bbox 1112 2571 1387 2633; x_wconf 80' lang='lat' dir='ltr'>divinam.</span> <span class='ocrx_word' id='word_1_300' title='bbox 1474 2571 1772 2650; x_wconf 83' lang='lat' dir='ltr'>Scriptura</span> <span class='ocrx_word' id='word_1_301' title='bbox 1798 2592 1914 2633; x_wconf 93' lang='lat' dir='ltr'>non</span> <span class='ocrx_word' id='word_1_302' title='bbox 1953 2572 2132 2633; x_wconf 86' lang='lat' dir='ltr'>habet</span> <span class='ocrx_word' id='word_1_303' title='bbox 2172 2571 2572 2635; x_wconf 85' lang='lat' dir='ltr'>certitudinem</span> <span class='ocrx_word' id='word_1_304' title='bbox 2601 2581 2772 2631; x_wconf 80' lang='lat' dir='ltr'>meta-</span> 
     </span>
     <span class='ocr_line' id='line_1_29' title="bbox 344 2652 2774 2733; baseline -0.002 -18"><span class='ocrx_word' id='word_1_305' title='bbox 344 2656 685 2733; x_wconf 73' lang='lat' dir='ltr'>physicam5</span> <span class='ocrx_word' id='word_1_306' title='bbox 726 2653 871 2713; x_wconf 85' lang='lat' dir='ltr'>alias</span> <span class='ocrx_word' id='word_1_307' title='bbox 898 2672 1167 2713; x_wconf 84' lang='lat' dir='ltr'>assensus</span> <span class='ocrx_word' id='word_1_308' title='bbox 1194 2672 1364 2731; x_wconf 90' lang='lat' dir='ltr'>quem</span> <span class='ocrx_word' id='word_1_309' title='bbox 1392 2652 1481 2711; x_wconf 90' lang='lat' dir='ltr'>illi</span> <span class='ocrx_word' id='word_1_310' title='bbox 1507 2653 1830 2730; x_wconf 71' lang='lat' dir='ltr'>praebemus</span> <span class='ocrx_word' id='word_1_311' title='bbox 1859 2652 2157 2713; x_wconf 87' lang='lat' dir='ltr'>scientiam</span> <span class='ocrx_word' id='word_1_312' title='bbox 2176 2662 2401 2733; x_wconf 90' lang='lat' dir='ltr'>pareret</span> <span class='ocrx_word' id='word_1_313' title='bbox 2423 2674 2538 2711; x_wconf 89' lang='lat' dir='ltr'>non</span> <span class='ocrx_word' id='word_1_314' title='bbox 2565 2652 2774 2713; x_wconf 85' lang='lat' dir='ltr'>fidem:</span> 
     </span>
     <span class='ocr_line' id='line_1_30' title="bbox 352 2732 2776 2811; baseline -0.002 -16.912"><span class='ocrx_word' id='word_1_315' title='bbox 352 2755 479 2795; x_wconf 87' lang='lat' dir='ltr'>non</span> <span class='ocrx_word' id='word_1_316' title='bbox 506 2734 681 2793; x_wconf 89' lang='lat' dir='ltr'>habet</span> <span class='ocrx_word' id='word_1_317' title='bbox 708 2734 882 2793; x_wconf 82' lang='lat' dir='ltr'>etiam</span> <span class='ocrx_word' id='word_1_318' title='bbox 910 2732 1247 2809; x_wconf 84' lang='lat' dir='ltr'>simpliciter</span> <span class='ocrx_word' id='word_1_319' title='bbox 1285 2736 1558 2793; x_wconf 81' lang='lat' dir='ltr'>moralem</span> <span class='ocrx_word' id='word_1_320' title='bbox 1586 2742 1645 2793; x_wconf 92' lang='lat' dir='ltr'>et</span> <span class='ocrx_word' id='word_1_321' title='bbox 1673 2732 2048 2811; x_wconf 82' lang='lat' dir='ltr'>probabilem,</span> <span class='ocrx_word' id='word_1_322' title='bbox 2079 2733 2224 2793; x_wconf 89' lang='lat' dir='ltr'>alias</span> <span class='ocrx_word' id='word_1_323' title='bbox 2251 2732 2396 2792; x_wconf 88' lang='lat' dir='ltr'>fides</span> <span class='ocrx_word' id='word_1_324' title='bbox 2423 2740 2618 2794; x_wconf 87' lang='lat' dir='ltr'>nostra</span> <span class='ocrx_word' id='word_1_325' title='bbox 2659 2752 2776 2793; x_wconf 88' lang='lat' dir='ltr'>non</span> 
     </span>
     <span class='ocr_line' id='line_1_31' title="bbox 351 2810 2778 2891; baseline -0.002 -15"><span class='ocrx_word' id='word_1_326' title='bbox 351 2815 571 2877; x_wconf 85' lang='lat' dir='ltr'>certior</span> <span class='ocrx_word' id='word_1_327' title='bbox 596 2821 751 2873; x_wconf 87' lang='lat' dir='ltr'>esset</span> <span class='ocrx_word' id='word_1_328' title='bbox 776 2811 1037 2890; x_wconf 89' lang='lat' dir='ltr'>quolibet</span> <span class='ocrx_word' id='word_1_329' title='bbox 1062 2830 1303 2871; x_wconf 87' lang='lat' dir='ltr'>assensu</span> <span class='ocrx_word' id='word_1_330' title='bbox 1327 2812 1603 2873; x_wconf 75' lang='lat' dir='ltr'>historico</span> <span class='ocrx_word' id='word_1_331' title='bbox 1630 2812 1732 2891; x_wconf 90' lang='lat' dir='ltr'>qui</span> <span class='ocrx_word' id='word_1_332' title='bbox 1750 2812 1978 2891; x_wconf 88' lang='lat' dir='ltr'>scriptis</span> <span class='ocrx_word' id='word_1_333' title='bbox 1994 2812 2260 2871; x_wconf 85' lang='lat' dir='ltr'>humanis</span> <span class='ocrx_word' id='word_1_334' title='bbox 2287 2812 2628 2887; x_wconf 77' lang='lat' dir='ltr'>adhibetur,</span> <span class='ocrx_word' id='word_1_335' title='bbox 2673 2810 2778 2873; x_wconf 89' lang='lat' dir='ltr'>sed</span> 
     </span>
     <span class='ocr_line' id='line_1_32' title="bbox 351 2858 2778 2970; baseline -0.002 -16"><span class='ocrx_word' id='word_1_336' title='bbox 351 2894 539 2955; x_wconf 79' lang='lat' dir='ltr'>habet</span> <span class='ocrx_word' id='word_1_337' title='bbox 563 2892 965 2953; x_wconf 87' lang='lat' dir='ltr'>certitudinem</span> <span class='ocrx_word' id='word_1_338' title='bbox 1010 2892 1399 2969; x_wconf 70' lang='lat' dir='ltr'>Theoloyicam</span> <span class='ocrx_word' id='word_1_339' title='bbox 1436 2901 1497 2953; x_wconf 84' lang='lat' dir='ltr'>et</span> <span class='ocrx_word' id='word_1_340' title='bbox 1534 2892 1914 2967; x_wconf 85' lang='lat' dir='ltr'>infallibilem,</span> <span class='ocrx_word' id='word_1_341' title='bbox 1946 2912 2078 2970; x_wconf 74' lang='lat' dir='ltr'>quse</span> <span class='ocrx_word' id='word_1_342' title='bbox 2117 2892 2408 2951; x_wconf 87' lang='lat' dir='ltr'>hominem</span> <span class='ocrx_word' id='word_1_343' title='bbox 2445 2858 2676 2951; x_wconf 69' lang='lat' dir='ltr'>fidelein</span> <span class='ocrx_word' id='word_1_344' title='bbox 2717 2898 2778 2951; x_wconf 92' lang='lat' dir='ltr'>et</span> 
     </span>
     <span class='ocr_line' id='line_1_33' title="bbox 356 2970 1838 3053; baseline -0.002 -17"><span class='ocrx_word' id='word_1_345' title='bbox 356 2973 585 3053; x_wconf 80' lang='lat' dir='ltr'>Spiritu</span> <span class='ocrx_word' id='word_1_346' title='bbox 614 2973 727 3033; x_wconf 88' lang='lat' dir='ltr'>Dei</span> <span class='ocrx_word' id='word_1_347' title='bbox 752 2972 1103 3031; x_wconf 87' lang='lat' dir='ltr'>illustratum</span> <span class='ocrx_word' id='word_1_348' title='bbox 1130 2970 1393 3051; x_wconf 85' lang='lat' dir='ltr'>decipere</span> <span class='ocrx_word' id='word_1_349' title='bbox 1420 2992 1537 3031; x_wconf 90' lang='lat' dir='ltr'>non</span> <span class='ocrx_word' id='word_1_350' title='bbox 1562 2980 1771 3050; x_wconf 88' lang='lat' dir='ltr'>potest.</span> <span class='ocrx_word' id='word_1_351' title='bbox 1829 3004 1838 3012; x_wconf 86' lang='lat'>-</span> 
     </span>
    </p>
   </div>
   <div class='ocr_carea' id='block_1_5' title="bbox 356 3050 2784 4242">
    <p class='ocr_par' dir='ltr' id='par_1_5' title="bbox 356 3050 2784 4231">
     <span class='ocr_line' id='line_1_34' title="bbox 964 3050 2778 3146; baseline 0.001 -37"><span class='ocrx_word' id='word_1_352' title='bbox 964 3050 1224 3111; x_wconf 89' lang='lat' dir='ltr'>XXIII.</span> <span class='ocrx_word' id='word_1_353' title='bbox 1269 3051 1573 3129; x_wconf 72' lang='lat' dir='ltr'>Prophetas</span> <span class='ocrx_word' id='word_1_354' title='bbox 1600 3072 1718 3111; x_wconf 89' lang='lat' dir='ltr'>non</span> <span class='ocrx_word' id='word_1_355' title='bbox 1745 3061 2006 3113; x_wconf 86' lang='lat' dir='ltr'>errarunt</span> <span class='ocrx_word' id='word_1_356' title='bbox 2033 3052 2095 3112; x_wconf 91' lang='lat' dir='ltr'>in</span> <span class='ocrx_word' id='word_1_357' title='bbox 2121 3052 2240 3113; x_wconf 88' lang='grc'><strong>11118</strong></span> <span class='ocrx_word' id='word_1_358' title='bbox 2266 3073 2396 3130; x_wconf 72' lang='lat' dir='ltr'>quse</span> <span class='ocrx_word' id='word_1_359' title='bbox 2425 3053 2778 3146; x_wconf 77' lang='lat' dir='ltr'>scripserunt</span> 
     </span>
     <span class='ocr_line' id='line_1_35' title="bbox 386 3108 2776 3226; baseline 0.001 -38"><span class='ocrx_word' id='word_1_360' title='bbox 386 3108 499 3158; x_wconf 54' lang='lat'>5⁰¹²</span> <span class='ocrx_word' id='word_1_361' title='bbox 468 3111 787 3215; x_wconf 40' lang='lat' dir='ltr'>nulfus-cluth</span> <span class='ocrx_word' id='word_1_362' title='bbox 788 3136 805 3146; x_wconf 87' lang='lat'><strong>‘</strong></span> <span class='ocrx_word' id='word_1_363' title='bbox 874 3129 1201 3197; x_wconf 56' lang='lat' dir='ltr'>&amp;uu-nmo«,-</span> <span class='ocrx_word' id='word_1_364' title='bbox 1222 3140 1283 3191; x_wconf 88' lang='lat' dir='ltr'>et</span> <span class='ocrx_word' id='word_1_365' title='bbox 1308 3152 1424 3209; x_wconf 76' lang='lat' dir='ltr'>qua</span> <span class='ocrx_word' id='word_1_366' title='bbox 1448 3132 1764 3209; x_wconf 74' lang='lat' dir='ltr'>Prophetoe,</span> <span class='ocrx_word' id='word_1_367' title='bbox 1788 3133 2132 3226; x_wconf 83' lang='lat' dir='ltr'>nequidem&#39;</span> <span class='ocrx_word' id='word_1_368' title='bbox 2117 3153 2178 3191; x_wconf 88' lang='grc'>18</span> <span class='ocrx_word' id='word_1_369' title='bbox 2195 3133 2368 3193; x_wconf 88' lang='lat' dir='ltr'>rebus</span> <span class='ocrx_word' id='word_1_370' title='bbox 2393 3132 2630 3193; x_wconf 86' lang='lat' dir='ltr'>minoris</span> <span class='ocrx_word' id='word_1_371' title='bbox 2656 3151 2776 3191; x_wconf 87' lang='lat' dir='ltr'>mo·</span> 
     </span>
     <span class='ocr_line' id='line_1_36' title="bbox 880 3211 2776 3291; baseline 0.001 -22"><span class='ocrx_word' id='word_1_372' title='bbox 880 3211 1076 3278; x_wconf 89' lang='lat' dir='ltr'>menti,</span> <span class='ocrx_word' id='word_1_373' title='bbox 1106 3211 1245 3289; x_wconf 82' lang='lat' dir='ltr'>quia</span> <span class='ocrx_word' id='word_1_374' title='bbox 1284 3211 1427 3271; x_wconf 85' lang='grc'><strong>81188</strong></span> <span class='ocrx_word' id='word_1_375' title='bbox 1459 3211 1745 3272; x_wconf 78' lang='lat' dir='ltr'>universae</span> <span class='ocrx_word' id='word_1_376' title='bbox 1790 3211 1954 3291; x_wconf 88' lang='lat' dir='ltr'>Scrip</span> <span class='ocrx_word' id='word_1_377' title='bbox 1955 3221 2100 3273; x_wconf 77' lang='lat' dir='ltr'>turae</span> <span class='ocrx_word' id='word_1_378' title='bbox 2137 3212 2283 3272; x_wconf 86' lang='lat' dir='ltr'>fides</span> <span class='ocrx_word' id='word_1_379' title='bbox 2309 3213 2488 3272; x_wconf 90' lang='lat' dir='ltr'>dubia</span> <span class='ocrx_word' id='word_1_380' title='bbox 2513 3212 2776 3271; x_wconf 88' lang='lat' dir='ltr'>reddere-</span> 
     </span>
     <span class='ocr_line' id='line_1_37' title="bbox 356 3233 2781 3383; baseline 0 -32"><span class='ocrx_word' id='word_1_381' title='bbox 356 3298 473 3383; x_wconf 71' lang='lat' dir='ltr'>tur.</span> <span class='ocrx_word' id='word_1_382' title='bbox 561 3288 678 3349; x_wconf 88' lang='lat' dir='ltr'>Sed</span> <span class='ocrx_word' id='word_1_383' title='bbox 704 3297 1015 3368; x_wconf 87' lang='lat' dir='ltr'>potuerunt</span> <span class='ocrx_word' id='word_1_384' title='bbox 1042 3310 1231 3350; x_wconf 83' lang='lat' dir='ltr'>errare</span> <span class='ocrx_word' id='word_1_385' title='bbox 1271 3290 1333 3349; x_wconf 90' lang='lat' dir='ltr'>in</span> <span class='ocrx_word' id='word_1_386' title='bbox 1372 3290 1503 3350; x_wconf 88' lang='grc'><strong>81118</strong></span> <span class='ocrx_word' id='word_1_387' title='bbox 1529 3312 1646 3369; x_wconf 83' lang='lat' dir='ltr'>qua</span> <span class='ocrx_word' id='word_1_388' title='bbox 1681 3233 1954 3368; x_wconf 73' lang='lat' dir='ltr'>hominesp</span> <span class='ocrx_word' id='word_1_389' title='bbox 1984 3312 2100 3371; x_wconf 91' lang='lat' dir='ltr'>quo</span> <span class='ocrx_word' id='word_1_390' title='bbox 2127 3293 2300 3352; x_wconf 90' lang='lat' dir='ltr'>modo</span> <span class='ocrx_word' id='word_1_391' title='bbox 2330 3291 2526 3351; x_wconf 86' lang='lat' dir='ltr'>David</span> <span class='ocrx_word' id='word_1_392' title='bbox 2565 3291 2781 3351; x_wconf 81' lang='lat' dir='ltr'>erravit</span> 
     </span>
     <span class='ocr_line' id='line_1_38' title="bbox 358 3367 2780 3449; baseline 0.002 -22"><span class='ocrx_word' id='word_1_393' title='bbox 358 3369 421 3427; x_wconf 91' lang='lat' dir='ltr'>in</span> <span class='ocrx_word' id='word_1_394' title='bbox 452 3367 719 3445; x_wconf 85' lang='lat' dir='ltr'>Epistola</span> <span class='ocrx_word' id='word_1_395' title='bbox 744 3368 817 3428; x_wconf 91' lang='lat' dir='ltr'>de</span> <span class='ocrx_word' id='word_1_396' title='bbox 850 3368 995 3430; x_wconf 87' lang='lat' dir='ltr'>Uria</span> <span class='ocrx_word' id='word_1_397' title='bbox 1020 3368 1353 3447; x_wconf 88' lang='lat' dir='ltr'>occidendo,</span> <span class='ocrx_word' id='word_1_398' title='bbox 1384 3390 1515 3448; x_wconf 73' lang='lat' dir='ltr'>quse</span> <span class='ocrx_word' id='word_1_399' title='bbox 1552 3372 1910 3432; x_wconf 86' lang='lat' dir='ltr'>authentiam</span> <span class='ocrx_word' id='word_1_400' title='bbox 1937 3372 2171 3449; x_wconf 89' lang='lat' dir='ltr'>quidem</span> <span class='ocrx_word' id='word_1_401' title='bbox 2192 3372 2368 3432; x_wconf 88' lang='lat' dir='ltr'>hahet</span> <span class='ocrx_word' id='word_1_402' title='bbox 2393 3372 2647 3432; x_wconf 78' lang='lat' dir='ltr'>historiae</span> <span class='ocrx_word' id='word_1_403' title='bbox 2675 3371 2780 3431; x_wconf 88' lang='lat' dir='ltr'>sed</span> 
     </span>
     <span class='ocr_line' id='line_1_39' title="bbox 358 3449 2776 3544; baseline 0.002 -37"><span class='ocrx_word' id='word_1_404' title='bbox 358 3468 478 3508; x_wconf 91' lang='lat' dir='ltr'>non</span> <span class='ocrx_word' id='word_1_405' title='bbox 506 3468 736 3523; x_wconf 72' lang='lat' dir='ltr'>normae,</span> <span class='ocrx_word' id='word_1_406' title='bbox 768 3457 827 3508; x_wconf 92' lang='lat' dir='ltr'>et</span> <span class='ocrx_word' id='word_1_407' title='bbox 855 3449 1085 3509; x_wconf 85' lang='lat' dir='ltr'>Nathan</span> <span class='ocrx_word' id='word_1_408' title='bbox 1126 3450 1187 3508; x_wconf 91' lang='lat' dir='ltr'>in</span> <span class='ocrx_word' id='word_1_409' title='bbox 1228 3450 1469 3511; x_wconf 83' lang='grc'><strong>80881110</strong></span> <span class='ocrx_word' id='word_1_410' title='bbox 1496 3449 1653 3528; x_wconf 88' lang='lat' dir='ltr'>qnod</span> <span class='ocrx_word' id='word_1_411' title='bbox 1681 3450 1842 3511; x_wconf 89' lang='lat' dir='ltr'>dedit</span> <span class='ocrx_word' id='word_1_412' title='bbox 1881 3450 2099 3510; x_wconf 84' lang='lat' dir='ltr'>Davidi</span> <span class='ocrx_word' id='word_1_413' title='bbox 2127 3450 2412 3511; x_wconf 86' lang='lat' dir='ltr'>condendi</span> <span class='ocrx_word' id='word_1_414' title='bbox 2453 3451 2776 3544; x_wconf 83' lang='lat' dir='ltr'>Templum,</span> 
     </span>
     <span class='ocr_line' id='line_1_40' title="bbox 358 3526 2780 3607; baseline 0 -19"><span class='ocrx_word' id='word_1_415' title='bbox 358 3527 467 3588; x_wconf 88' lang='lat' dir='ltr'>sed</span> <span class='ocrx_word' id='word_1_416' title='bbox 494 3526 819 3588; x_wconf 72' lang='lat' dir='ltr'>inconsulto</span> <span class='ocrx_word' id='word_1_417' title='bbox 850 3529 977 3589; x_wconf 90' lang='lat' dir='ltr'>Deo</span> <span class='ocrx_word' id='word_1_418' title='bbox 1025 3534 1062 3588; x_wconf 91' lang='grc'><strong>2</strong></span> <span class='ocrx_word' id='word_1_419' title='bbox 1096 3530 1251 3589; x_wconf 85' lang='lat' dir='ltr'>Sam.</span> <span class='ocrx_word' id='word_1_420' title='bbox 1280 3530 1381 3589; x_wconf 83' lang='lat' dir='ltr'>vii.</span> <span class='ocrx_word' id='word_1_421' title='bbox 1418 3532 1475 3605; x_wconf 88' lang='lat'>3,</span> <span class='ocrx_word' id='word_1_422' title='bbox 1504 3530 1642 3607; x_wconf 90' lang='lat' dir='ltr'>quia</span> <span class='ocrx_word' id='word_1_423' title='bbox 1669 3550 1776 3590; x_wconf 91' lang='lat' dir='ltr'>nec</span> <span class='ocrx_word' id='word_1_424' title='bbox 1802 3531 2165 3604; x_wconf 82' lang='lat' dir='ltr'>universalis,</span> <span class='ocrx_word' id='word_1_425' title='bbox 2195 3550 2303 3590; x_wconf 87' lang='lat' dir='ltr'>nec</span> <span class='ocrx_word' id='word_1_426' title='bbox 2336 3529 2643 3590; x_wconf 88' lang='lat' dir='ltr'>continuus</span> <span class='ocrx_word' id='word_1_427' title='bbox 2671 3528 2780 3589; x_wconf 89' lang='lat' dir='ltr'>fuit</span> 
     </span>
     <span class='ocr_line' id='line_1_41' title="bbox 364 3574 2781 3762; baseline 0 -95"><span class='ocrx_word' id='word_1_428' title='bbox 364 3607 617 3762; x_wconf 56' lang='grc' dir='ltr'>8Ρὲιῖιὲ</span> <span class='ocrx_word' id='word_1_429' title='bbox 634 3607 894 3748; x_wconf 54' lang='lat' dir='ltr'>esffiefi</span> <span class='ocrx_word' id='word_1_430' title='bbox 902 3574 1147 3748; x_wconf 50' lang='lat' dir='ltr'>affliaztus,</span> <span class='ocrx_word' id='word_1_431' title='bbox 1194 3628 1270 3669; x_wconf 85' lang='lat' dir='ltr'>ne</span> <span class='ocrx_word' id='word_1_432' title='bbox 1296 3618 1593 3687; x_wconf 88' lang='lat' dir='ltr'>putaretur</span> <span class='ocrx_word' id='word_1_433' title='bbox 1632 3628 1762 3670; x_wconf 89' lang='lat' dir='ltr'>esse</span> <span class='ocrx_word' id='word_1_434' title='bbox 1801 3618 1993 3669; x_wconf 89' lang='lat' dir='ltr'>motus</span> <span class='ocrx_word' id='word_1_435' title='bbox 2037 3576 2376 3683; x_wconf 84' lang='lat' dir='ltr'>ordinarius,</span> <span class='ocrx_word' id='word_1_436' title='bbox 2406 3610 2502 3667; x_wconf 88' lang='lat' dir='ltr'>vel</span> <span class='ocrx_word' id='word_1_437' title='bbox 2541 3607 2781 3668; x_wconf 86' lang='lat' dir='ltr'>effeetus</span> 
     </span>
     <span class='ocr_line' id='line_1_42' title="bbox 360 3706 921 3747; baseline 0.004 -2"><span class='ocrx_word' id='word_1_438' title='bbox 360 3706 441 3745; x_wconf 87' lang='lat' dir='ltr'>na</span> <span class='ocrx_word' id='word_1_439' title='bbox 878 3708 921 3747; x_wconf 91' lang='grc' dir='ltr'>ιι</span> 
     </span>
     <span class='ocr_line' id='line_1_43' title="bbox 446 3708 2782 3862; baseline 0.002 -39"><span class='ocrx_word' id='word_1_440' title='bbox 446 3764 697 3825; x_wconf 84' lang='lat' dir='ltr'>XXIV.</span> <span class='ocrx_word' id='word_1_441' title='bbox 742 3708 1014 3862; x_wconf 41' lang='lat' dir='ltr'>Assostoli</span> <span class='ocrx_word' id='word_1_442' title='bbox 1040 3768 1272 3829; x_wconf 82' lang='lat' dir='ltr'>fuerunt</span> <span class='ocrx_word' id='word_1_443' title='bbox 1300 3766 1667 3827; x_wconf 85' lang='lat' dir='ltr'>infallibiles&#39;</span> <span class='ocrx_word' id='word_1_444' title='bbox 1648 3788 1712 3827; x_wconf 88' lang='lat' dir='ltr'>m</span> <span class='ocrx_word' id='word_1_445' title='bbox 1732 3767 1863 3844; x_wconf 88' lang='lat' dir='ltr'>fide,</span> <span class='ocrx_word' id='word_1_446' title='bbox 1893 3787 2010 3826; x_wconf 93' lang='lat' dir='ltr'>non</span> <span class='ocrx_word' id='word_1_447' title='bbox 2038 3767 2098 3826; x_wconf 89' lang='lat' dir='ltr'>in</span> <span class='ocrx_word' id='word_1_448' title='bbox 2126 3766 2422 3843; x_wconf 89' lang='lat' dir='ltr'>moribus;</span> <span class='ocrx_word' id='word_1_449' title='bbox 2452 3776 2512 3826; x_wconf 87' lang='grc'>81</span> <span class='ocrx_word' id='word_1_450' title='bbox 2533 3766 2782 3844; x_wconf 87' lang='lat' dir='ltr'>Spiritus</span> 
     </span>
     <span class='ocr_line' id='line_1_44' title="bbox 362 3844 2782 3925; baseline 0.001 -21"><span class='ocrx_word' id='word_1_451' title='bbox 362 3844 719 3905; x_wconf 85' lang='lat' dir='ltr'>deducturus</span> <span class='ocrx_word' id='word_1_452' title='bbox 734 3846 844 3907; x_wconf 79' lang='lat' dir='ltr'>fuit</span> <span class='ocrx_word' id='word_1_453' title='bbox 860 3868 959 3907; x_wconf 89' lang='lat' dir='ltr'>eos</span> <span class='ocrx_word' id='word_1_454' title='bbox 986 3869 1048 3907; x_wconf 86' lang='lat'>111</span> <span class='ocrx_word' id='word_1_455' title='bbox 1074 3868 1303 3909; x_wconf 90' lang='lat' dir='ltr'>omnem</span> <span class='ocrx_word' id='word_1_456' title='bbox 1325 3847 1639 3907; x_wconf 83' lang='lat' dir='ltr'>veritatem</span> <span class='ocrx_word' id='word_1_457' title='bbox 1661 3866 1734 3907; x_wconf 89' lang='lat' dir='ltr'>ne</span> <span class='ocrx_word' id='word_1_458' title='bbox 1755 3865 2008 3925; x_wconf 88' lang='lat' dir='ltr'>unquam</span> <span class='ocrx_word' id='word_1_459' title='bbox 2026 3856 2296 3923; x_wconf 88' lang='lat' dir='ltr'>errarent,</span> <span class='ocrx_word' id='word_1_460' title='bbox 2327 3866 2444 3907; x_wconf 89' lang='lat' dir='ltr'>non</span> <span class='ocrx_word' id='word_1_461' title='bbox 2471 3846 2530 3905; x_wconf 89' lang='lat' dir='ltr'>in</span> <span class='ocrx_word' id='word_1_462' title='bbox 2553 3866 2782 3906; x_wconf 89' lang='lat' dir='ltr'>omnem</span> 
     </span>
     <span class='ocr_line' id='line_1_45' title="bbox 362 3926 2781 4018; baseline 0.002 -35"><span class='ocrx_word' id='word_1_463' title='bbox 362 3926 637 4018; x_wconf 80' lang='lat' dir='ltr'>pietatem</span> <span class='ocrx_word' id='word_1_464' title='bbox 678 3946 751 3985; x_wconf 88' lang='lat' dir='ltr'>ne</span> <span class='ocrx_word' id='word_1_465' title='bbox 795 3947 1049 4005; x_wconf 86' lang='lat' dir='ltr'>unquam</span> <span class='ocrx_word' id='word_1_466' title='bbox 1091 3936 1411 4006; x_wconf 88' lang='lat' dir='ltr'>peccarent,</span> <span class='ocrx_word' id='word_1_467' title='bbox 1460 3928 1597 4004; x_wconf 91' lang='lat' dir='ltr'>quia</span> <span class='ocrx_word' id='word_1_468' title='bbox 1644 3926 1863 3987; x_wconf 86' lang='lat' dir='ltr'>similes</span> <span class='ocrx_word' id='word_1_469' title='bbox 1905 3928 2074 3987; x_wconf 86' lang='lat' dir='ltr'>nobis</span> <span class='ocrx_word' id='word_1_470' title='bbox 2119 3926 2350 3989; x_wconf 85' lang='lat' dir='ltr'>suerunt</span> <span class='ocrx_word' id='word_1_471' title='bbox 2389 3928 2452 3987; x_wconf 89' lang='grc'>18</span> <span class='ocrx_word' id='word_1_472' title='bbox 2495 3928 2781 3987; x_wconf 88' lang='lat' dir='ltr'>omnibus.</span> 
     </span>
     <span class='ocr_line' id='line_1_46' title="bbox 364 4005 2784 4086; baseline 0.002 -23"><span class='ocrx_word' id='word_1_473' title='bbox 364 4006 531 4064; x_wconf 73' lang='lat' dir='ltr'>Petri</span> <span class='ocrx_word' id='word_1_474' title='bbox 564 4005 843 4065; x_wconf 76' lang='lat' dir='ltr'>simulatio</span> <span class='ocrx_word' id='word_1_475' title='bbox 872 4017 930 4067; x_wconf 91' lang='lat' dir='ltr'>et</span> <span class='ocrx_word' id='word_1_476' title='bbox 955 4007 1295 4085; x_wconf 87' lang='lat' dir='ltr'>hypocrisis,</span> <span class='ocrx_word' id='word_1_477' title='bbox 1316 4006 1389 4066; x_wconf 90' lang='lat' dir='ltr'>de</span> <span class='ocrx_word' id='word_1_478' title='bbox 1418 4026 1533 4084; x_wconf 90' lang='lat' dir='ltr'>qua</span> <span class='ocrx_word' id='word_1_479' title='bbox 1562 4006 1755 4068; x_wconf 87' lang='lat' dir='ltr'>Galat.</span> <span class='ocrx_word' id='word_1_480' title='bbox 1787 4007 1845 4067; x_wconf 91' lang='lat' dir='ltr'>ii.</span> <span class='ocrx_word' id='word_1_481' title='bbox 1881 4012 1971 4083; x_wconf 90' lang='grc'>12,</span> <span class='ocrx_word' id='word_1_482' title='bbox 2005 4008 2113 4068; x_wconf 84' lang='lat' dir='ltr'>fuit</span> <span class='ocrx_word' id='word_1_483' title='bbox 2153 4018 2452 4086; x_wconf 90' lang='lat' dir='ltr'>peccatum</span> <span class='ocrx_word' id='word_1_484' title='bbox 2481 4009 2634 4084; x_wconf 72' lang='lat' dir='ltr'>vitae,</span> <span class='ocrx_word' id='word_1_485' title='bbox 2666 4028 2784 4068; x_wconf 87' lang='lat' dir='ltr'>non</span> 
     </span>
     <span class='ocr_line' id='line_1_47' title="bbox 367 4084 2780 4165; baseline 0.002 -24"><span class='ocrx_word' id='word_1_486' title='bbox 367 4104 527 4143; x_wconf 87' lang='lat' dir='ltr'>error</span> <span class='ocrx_word' id='word_1_487' title='bbox 553 4084 723 4162; x_wconf 86' lang='lat' dir='ltr'>fidei;</span> <span class='ocrx_word' id='word_1_488' title='bbox 768 4086 864 4164; x_wconf 90' lang='lat' dir='ltr'>lap</span> <span class='ocrx_word' id='word_1_489' title='bbox 866 4106 967 4146; x_wconf 89' lang='lat' dir='ltr'>sus</span> <span class='ocrx_word' id='word_1_490' title='bbox 1004 4086 1247 4147; x_wconf 86' lang='lat' dir='ltr'>moralis</span> <span class='ocrx_word' id='word_1_491' title='bbox 1288 4087 1744 4147; x_wconf 83' lang='lat' dir='ltr'>conversationis</span> <span class='ocrx_word' id='word_1_492' title='bbox 1787 4108 1860 4147; x_wconf 86' lang='lat' dir='ltr'>ex</span> <span class='ocrx_word' id='word_1_493' title='bbox 1901 4088 2236 4149; x_wconf 87' lang='lat' dir='ltr'>infirmitate</span> <span class='ocrx_word' id='word_1_494' title='bbox 2263 4100 2322 4149; x_wconf 91' lang='lat' dir='ltr'>et</span> <span class='ocrx_word' id='word_1_495' title='bbox 2354 4090 2575 4165; x_wconf 88' lang='lat' dir='ltr'>timore,</span> <span class='ocrx_word' id='word_1_496' title='bbox 2605 4108 2680 4163; x_wconf 79' lang='lat' dir='ltr'>ne</span> <span class='ocrx_word' id='word_1_497' title='bbox 2721 4088 2780 4147; x_wconf 93' lang='lat' dir='ltr'>in</span> 
     </span>
     <span class='ocr_line' id='line_1_48' title="bbox 367 4108 2782 4242; baseline 0.003 -19"><span class='ocrx_word' id='word_1_498' title='bbox 367 4162 563 4224; x_wconf 92' lang='lat' dir='ltr'>odium</span> <span class='ocrx_word' id='word_1_499' title='bbox 606 4108 922 4225; x_wconf 86' lang='lat' dir='ltr'>incurreret</span> <span class='ocrx_word' id='word_1_500' title='bbox 970 4167 1014 4228; x_wconf 90' lang='lat' dir='ltr'><strong>J</strong></span> <span class='ocrx_word' id='word_1_501' title='bbox 1016 4166 1345 4242; x_wconf 77' lang='lat' dir='ltr'>udaeorum</span> <span class='ocrx_word' id='word_1_502' title='bbox 1388 4187 1505 4226; x_wconf 87' lang='lat' dir='ltr'>non</span> <span class='ocrx_word' id='word_1_503' title='bbox 1534 4187 1674 4227; x_wconf 83' lang='lat' dir='ltr'>vero</span> <span class='ocrx_word' id='word_1_504' title='bbox 1717 4188 1877 4227; x_wconf 88' lang='lat' dir='ltr'>error</span> <span class='ocrx_word' id='word_1_505' title='bbox 1903 4170 2114 4229; x_wconf 89' lang='lat' dir='ltr'>mentis</span> <span class='ocrx_word' id='word_1_506' title='bbox 2157 4190 2234 4229; x_wconf 86' lang='lat' dir='ltr'>ex</span> <span class='ocrx_word' id='word_1_507' title='bbox 2275 4169 2560 4230; x_wconf 82' lang='lat' dir='ltr'>libertatis</span> <span class='ocrx_word' id='word_1_508' title='bbox 2589 4154 2782 4231; x_wconf 77' lang='grc'><strong>011118·</strong></span> 
     </span>
    </p>
   </div>
   <div class='ocr_carea' id='block_1_6' title="bbox 364 4214 2782 4389">
    <p class='ocr_par' dir='ltr' id='par_1_6' title="bbox 364 4214 2782 4389">
     <span class='ocr_line' id='line_1_49' title="bbox 364 4214 2782 4325; baseline 0.002 -24"><span class='ocrx_word' id='word_1_509' title='bbox 364 4243 538 4303; x_wconf 80' lang='lat' dir='ltr'>tianae</span> <span class='ocrx_word' id='word_1_510' title='bbox 558 4244 903 4322; x_wconf 85' lang='lat' dir='ltr'>ignorantia,</span> <span class='ocrx_word' id='word_1_511' title='bbox 934 4267 1108 4324; x_wconf 89' lang='lat' dir='ltr'>quam</span> <span class='ocrx_word' id='word_1_512' title='bbox 1130 4266 1191 4306; x_wconf 88' lang='lat' dir='ltr'>se</span> <span class='ocrx_word' id='word_1_513' title='bbox 1219 4214 1569 4325; x_wconf 77' lang='lat' dir='ltr'>cognoscere</span> <span class='ocrx_word' id='word_1_514' title='bbox 1598 4247 1660 4306; x_wconf 91' lang='lat' dir='ltr'>in</span> <span class='ocrx_word' id='word_1_515' title='bbox 1689 4246 1959 4308; x_wconf 83' lang='lat' dir='ltr'>familiari</span> <span class='ocrx_word' id='word_1_516' title='bbox 1989 4270 2120 4309; x_wconf 89' lang='lat' dir='ltr'>cum</span> <span class='ocrx_word' id='word_1_517' title='bbox 2149 4250 2480 4311; x_wconf 87' lang='lat' dir='ltr'>Gentilibus</span> <span class='ocrx_word' id='word_1_518' title='bbox 2507 4267 2782 4307; x_wconf 88' lang='lat' dir='ltr'>commer-</span> 
     </span>
     <span class='ocr_line' id='line_1_50' title="bbox 366 4322 1861 4389; baseline 0.005 -8"><span class='ocrx_word' id='word_1_519' title='bbox 366 4322 459 4381; x_wconf 90' lang='grc'>810</span> <span class='ocrx_word' id='word_1_520' title='bbox 485 4332 621 4384; x_wconf 84' lang='lat' dir='ltr'>ante</span> <span class='ocrx_word' id='word_1_521' title='bbox 647 4324 691 4385; x_wconf 87' lang='lat' dir='ltr'><strong>J</strong></span> <span class='ocrx_word' id='word_1_522' title='bbox 694 4324 989 4385; x_wconf 77' lang='lat' dir='ltr'>udaeorum</span> <span class='ocrx_word' id='word_1_523' title='bbox 1018 4326 1329 4387; x_wconf 78' lang='lat' dir='ltr'>adventum</span> <span class='ocrx_word' id='word_1_524' title='bbox 1358 4328 1498 4387; x_wconf 87' lang='grc'><strong>88118</strong></span> <span class='ocrx_word' id='word_1_525' title='bbox 1526 4328 1861 4389; x_wconf 82' lang='lat' dir='ltr'>testabatur.</span> 
     </span>
    </p>
   </div>
   <div class='ocr_carea' id='block_1_7' title="bbox 366 4402 2787 4783">
    <p class='ocr_par' dir='ltr' id='par_1_7' title="bbox 366 4402 2787 4721">
     <span class='ocr_line' id='line_1_51' title="bbox 452 4402 2786 4486; baseline 0.001 -24"><span class='ocrx_word' id='word_1_526' title='bbox 452 4402 667 4463; x_wconf 86' lang='lat' dir='ltr'>XXV.</span> <span class='ocrx_word' id='word_1_527' title='bbox 712 4404 903 4480; x_wconf 85' lang='lat' dir='ltr'>Quum</span> <span class='ocrx_word' id='word_1_528' title='bbox 934 4406 1152 4465; x_wconf 86' lang='lat' dir='ltr'>Paulus</span> <span class='ocrx_word' id='word_1_529' title='bbox 1192 4407 1291 4483; x_wconf 87' lang='grc'><strong>811,</strong></span> <span class='ocrx_word' id='word_1_530' title='bbox 1326 4410 1355 4465; x_wconf 90' lang='grc'>1</span> <span class='ocrx_word' id='word_1_531' title='bbox 1390 4408 1519 4467; x_wconf 85' lang='grc'><strong>001.</strong></span> <span class='ocrx_word' id='word_1_532' title='bbox 1564 4408 1664 4466; x_wconf 86' lang='lat' dir='ltr'>vii.</span> <span class='ocrx_word' id='word_1_533' title='bbox 1699 4410 1792 4468; x_wconf 91' lang='lat'>10.</span> <span class='ocrx_word' id='word_1_534' title='bbox 1875 4412 2006 4486; x_wconf 73' lang='lat' dir='ltr'>Eyo</span> <span class='ocrx_word' id='word_1_535' title='bbox 2035 4409 2159 4469; x_wconf 79' lang='lat' dir='ltr'>dico</span> <span class='ocrx_word' id='word_1_536' title='bbox 2188 4430 2300 4469; x_wconf 78' lang='lat' dir='ltr'>non</span> <span class='ocrx_word' id='word_1_537' title='bbox 2325 4411 2622 4485; x_wconf 77' lang='lat' dir='ltr'>Dominus,</span> <span class='ocrx_word' id='word_1_538' title='bbox 2667 4426 2786 4465; x_wconf 91' lang='lat' dir='ltr'>non</span> 
     </span>
     <span class='ocr_line' id='line_1_52' title="bbox 366 4482 2782 4564; baseline 0.002 -24"><span class='ocrx_word' id='word_1_539' title='bbox 366 4492 545 4560; x_wconf 88' lang='lat' dir='ltr'>negat</span> <span class='ocrx_word' id='word_1_540' title='bbox 572 4482 1006 4563; x_wconf 86' lang='lat' dir='ltr'>inspirationem</span> <span class='ocrx_word' id='word_1_541' title='bbox 1036 4485 1271 4545; x_wconf 88' lang='lat' dir='ltr'>Domini</span> <span class='ocrx_word' id='word_1_542' title='bbox 1299 4486 1392 4545; x_wconf 89' lang='lat' dir='ltr'>cui</span> <span class='ocrx_word' id='word_1_543' title='bbox 1420 4487 1575 4555; x_wconf 86' lang='lat' dir='ltr'>dicta</span> <span class='ocrx_word' id='word_1_544' title='bbox 1603 4508 1710 4547; x_wconf 85' lang='lat' dir='ltr'>sua</span> <span class='ocrx_word' id='word_1_545' title='bbox 1735 4487 2010 4564; x_wconf 84' lang='lat' dir='ltr'>vindicat,</span> <span class='ocrx_word' id='word_1_546' title='bbox 2042 4509 2100 4549; x_wconf 88' lang='lat' dir='ltr'>v.</span> <span class='ocrx_word' id='word_1_547' title='bbox 2129 4491 2226 4564; x_wconf 88' lang='lat'>40,</span> <span class='ocrx_word' id='word_1_548' title='bbox 2259 4488 2361 4548; x_wconf 87' lang='lat' dir='ltr'>sed</span> <span class='ocrx_word' id='word_1_549' title='bbox 2389 4497 2611 4548; x_wconf 88' lang='lat' dir='ltr'>tantum</span> <span class='ocrx_word' id='word_1_550' title='bbox 2639 4504 2782 4561; x_wconf 75' lang='lat' dir='ltr'>prse-</span> 
     </span>
     <span class='ocr_line' id='line_1_53' title="bbox 369 4562 2787 4658; baseline 0.001 -38"><span class='ocrx_word' id='word_1_551' title='bbox 369 4572 601 4639; x_wconf 80' lang='lat' dir='ltr'>ceptum</span> <span class='ocrx_word' id='word_1_552' title='bbox 642 4562 773 4639; x_wconf 83' lang='lat' dir='ltr'>hoc,</span> <span class='ocrx_word' id='word_1_553' title='bbox 820 4584 925 4625; x_wconf 88' lang='lat' dir='ltr'>seu</span> <span class='ocrx_word' id='word_1_554' title='bbox 966 4566 1115 4624; x_wconf 88' lang='lat' dir='ltr'>hanc</span> <span class='ocrx_word' id='word_1_555' title='bbox 1158 4566 1349 4658; x_wconf 85' lang='lat' dir='ltr'>legem</span> <span class='ocrx_word' id='word_1_556' title='bbox 1376 4586 1413 4625; x_wconf 88' lang='lat' dir='ltr'>a</span> <span class='ocrx_word' id='word_1_557' title='bbox 1442 4567 1693 4627; x_wconf 90' lang='lat' dir='ltr'>Domino</span> <span class='ocrx_word' id='word_1_558' title='bbox 1739 4588 2009 4645; x_wconf 83' lang='lat' dir='ltr'>expresse</span> <span class='ocrx_word' id='word_1_559' title='bbox 2047 4577 2182 4627; x_wconf 90' lang='lat' dir='ltr'>ante</span> <span class='ocrx_word' id='word_1_560' title='bbox 2211 4589 2272 4629; x_wconf 85' lang='lat' dir='ltr'>se</span> <span class='ocrx_word' id='word_1_561' title='bbox 2298 4569 2477 4627; x_wconf 86' lang='lat' dir='ltr'>latam</span> <span class='ocrx_word' id='word_1_562' title='bbox 2517 4584 2677 4638; x_wconf 88' lang='lat' dir='ltr'>esse;</span> <span class='ocrx_word' id='word_1_563' title='bbox 2721 4572 2787 4622; x_wconf 90' lang='lat' dir='ltr'>ut</span> 
     </span>
     <span class='ocr_line' id='line_1_54' title="bbox 370 4607 2786 4723; baseline 0.001 -22"><span class='ocrx_word' id='word_1_564' title='bbox 370 4658 575 4703; x_wconf 86' lang='lat' dir='ltr'>sensus</span> <span class='ocrx_word' id='word_1_565' title='bbox 624 4644 718 4721; x_wconf 86' lang='lat' dir='ltr'>sit,</span> <span class='ocrx_word' id='word_1_566' title='bbox 760 4646 1213 4705; x_wconf 84' lang='lat' dir='ltr'>controversiam</span> <span class='ocrx_word' id='word_1_567' title='bbox 1252 4644 1413 4705; x_wconf 81' lang='lat' dir='ltr'>illam</span> <span class='ocrx_word' id='word_1_568' title='bbox 1456 4645 1531 4708; x_wconf 90' lang='lat' dir='ltr'>de</span> <span class='ocrx_word' id='word_1_569' title='bbox 1573 4647 1862 4710; x_wconf 86' lang='lat' dir='ltr'>malitiosa</span> <span class='ocrx_word' id='word_1_570' title='bbox 1901 4647 2242 4723; x_wconf 82' lang='lat' dir='ltr'>desertione,</span> <span class='ocrx_word' id='word_1_571' title='bbox 2273 4645 2488 4707; x_wconf 86' lang='lat' dir='ltr'>Christi</span> <span class='ocrx_word' id='word_1_572' title='bbox 2531 4607 2786 4721; x_wconf 72' lang='lat' dir='ltr'>tempore</span> 
     </span>
    </p>

    <p class='ocr_par' dir='ltr' id='par_1_8' title="bbox 1582 4742 2464 4783">
     <span class='ocr_line' id='line_1_55' title="bbox 1582 4742 2464 4783; baseline 0.005 -4"><span class='ocrx_word' id='word_1_573' title='bbox 1582 4770 1593 4779; x_wconf 92' lang='lat'>.</span> <span class='ocrx_word' id='word_1_574' title='bbox 2427 4742 2464 4783; x_wconf 78' lang='grc'>8</span> 
     </span>
    </p>
   </div>
  </div>
 </body>
</html>
