3300 5225
292 400 513 451 QuAEs'r.
542 376 662 459 111.]
1176 401 1253 440 ns
1282 398 1398 439 nno
1428 398 1564 455 une,
1596 398 1674 437 Εἰ*
1701 398 1898 438 trumo,
2589 382 2702 447 165

288 549 471 617 turae3
515 540 653 617 quia
678 538 1023 617 participant
1048 559 1249 601 omnes
1274 560 1449 599 unam
1476 540 1834 618 eandemque
1854 548 2118 599 naturam
2139 538 2438 615 infinitam,
2461 560 2579 598 non
2599 560 2704 617 per

288 622 653 695 divisionem,
697 619 803 679 sed
840 640 944 697 per
982 621 1575 681 communicationem.
1659 620 1783 679 Nec
1811 622 1860 679 si
1888 630 2008 679 tres
2035 620 2308 679 Personae
2347 622 2408 678 in
2434 620 2703 681 humanis

288 700 491 761 dicunt
516 708 635 759 tres
661 699 941 775 homines,
984 700 1277 762 debebunt
1302 710 1421 761 tres
1460 701 1670 761 inferre
1701 702 1858 759 Deos
1885 710 2004 759 tres
2047 700 2316 760 Personae
2357 700 2420 758 in
2447 700 2700 775 divinis3

292 781 408 840 Vel
439 781 651 841 Unitas
682 779 966 839 Essentiae
1008 780 1221 839 divinae
1262 782 1541 840 unitatem
1568 782 1742 839 etiam
1787 780 2057 839 Personae
2098 780 2387 855 inducere,
2418 788 2484 842 ut
2523 780 2703 841 vellet

292 860 572 935 Socinus3
617 860 753 936 quia
779 859 954 919 trium
978 879 1352 937 personarum
1377 860 1758 918 humanarum
1785 868 1902 919 tres
1932 868 2066 919 sunt
2093 862 2357 920 essentiae
2379 860 2703 936 singulares

288 940 577 999 distinctas
604 958 861 1014 numero,
892 940 1177 1016 siquidem
1204 939 1513 1005 essentiam
1540 939 1890 1015 singularem
1918 939 2137 998 finitam
2159 960 2356 999 eorum
2385 960 2500 998 una
2527 940 2703 999 etiam

292 1020 667 1080 subsistentia
706 1018 976 1077 exhaurit
1001 1027 1061 1078 et
1088 1018 1393 1094 terminat3
1438 1017 1541 1075 sed
1568 1019 1743 1076 trium
1771 1018 2154 1077 Personarum
2182 1019 2509 1079 divinarum
2531 1021 2702 1078 unica

292 1108 381 1159 est
410 1100 658 1159 essentia
684 1096 988 1157 individua
1028 1106 1087 1157 et
1128 1098 1457 1175 singularis,
1487 1116 1616 1175 quae
1641 1105 1711 1156 ut
1738 1105 1826 1157 est
1867 1098 2091 1158 infinita
2115 1099 2378 1178 pluribus
2415 1108 2504 1158 est
2545 1119 2700 1158 com-

292 1179 676 1238 municabilis.

370 1259 459 1318 X.
501 1256 795 1323 namuh-»5
822 1266 882 1318 et
906 1256 1104 1322 Δδιότικ
1132 1256 1395 1334 ejusdem
1434 1256 1675 1317 insaniae
1703 1255 1877 1315 foetus
1917 1256 2138 1316 merito
2161 1266 2506 1318 censentur.
2547 1257 2704 1317 unde

292 1337 613 1431 Apostolus
642 1337 906 1398 Gentiles
946 1347 1119 1398 vocat
1157 1336 1333 1413 ὖθέους,
1364 1337 1501 1414 quia
1526 1345 1692 1396 erant
1732 1362 1800 1395 m
1776 1334 1970 1405 ολῦσιοι,
2018 1336 2166 1413 Eph.
2195 1336 2255 1395 ii.
2291 1340 2381 1412 12,
2425 1356 2560 1395 nam
2601 1338 2702 1415 qui

288 1417 525 1478 unicum
554 1418 743 1477 Deum
770 1437 887 1475 non
914 1417 1104 1494 habet,
1138 1418 1327 1476 Deum
1356 1417 1581 1476 nullum
1607 1417 1801 1492 habet,
1833 1416 1970 1494 quia
1995 1434 2136 1473 vero
2163 1415 2512 1475 destituitur.

370 1498 493 1557 XI.
540 1498 605 1557 Si
630 1498 945 1575 quaeritur3
985 1518 1119 1557 cum
1146 1498 1293 1557 ratio
1320 1505 1381 1555 et
1405 1506 1613 1556 natura
1638 1516 1748 1555 nos
1773 1494 1852 1555 ad
1865 1515 2046 1555 unum
2068 1495 2260 1555 Deum
2287 1495 2516 1571 ducant,
2547 1495 2702 1556 unde

289 1605 359 1639 m
335 1586 489 1637 ολυθιι
490 1584 613 1657 φὶς
641 1577 962 1637 Gentilium
988 1577 1126 1635 oriri
1152 1576 1421 1655 potuerit,
1451 1576 1552 1654 qui
1579 1596 1686 1653 pro
1713 1596 1830 1635 uno
1860 1576 1987 1635 Deo
2014 1572 2162 1652 ὶῖῐμοι
2185 1578 2326 1643 θυι,
2355 1584 2422 1637 ut
2446 1576 2703 1654 loquitur

292 1659 533 1719 Nazian.
565 1659 779 1738 (Serm.
810 1656 883 1717 de
910 1658 1087 1718 natal.
1119 1656 1359 1736 Christi)
1390 1656 1712 1715 coluerunt.

619 1776 905 1852 Quicquid
926 1778 1139 1851 humus,
1160 1776 1419 1853 pelaqw,
1450 1776 1645 1834 coelum
1671 1774 1926 1833 mirabile
1951 1773 2182 1851 stjqnant

612 1858 695 1914 Id
721 1857 918 1915 debere
944 1858 1117 1931 Deos,
1148 1858 1327 1932 colles,
1342 1858 1524 1930 freta,
1538 1854 1803 1933 flumina,
1817 1856 2090 1931 flammas
2099 1878 2125 1927 ;

293 2022 362 2074 ut
400 2014 556 2074 canit
585 2014 669 2089 ‘de
712 2014 831 2073 illis
878 2013 1249 2074 Prudentius.
1350 2012 1649 2073 Hesiodus
1692 2012 1933 2091 triginta
1972 2013 2156 2072 millia
2210 2013 2467 2073 Deorum
2520 2012 2699 2074 fuisse

292 2102 457 2154 nctat
476 2142 493 2173 ²
699 2186 817 2254 Τςις
844 2200 947 2254 σγας
972 2172 1133 2255 pestem
1163 2179 1274 2233 ulo-av
1302 2175 1381 2233 im
1409 2178 1543 2250 χθονὶ
1571 2174 1923 2254 πουλυβοτείρῃ

700 2256 939 2313 Αθᾶινιτοι

298 2370 503 2431 Causae
540 2371 721 2431 varias
758 2372 924 2431 reddi
962 2380 1227 2450 possunt.
1308 2371 1619 2449 Prtecipua
1650 2378 1742 2431 est
1785 2370 2004 2433 oblivio
2029 2370 2155 2431 veri
2195 2371 2323 2447 Dei,
2354 2379 2413 2431 et
2451 2372 2704 2432 hominis

293 2451 644 2526 necessitas,
686 2454 861 2511 homo
900 2453 1055 2511 enim
1094 2452 1437 2511 necessitate
1480 2470 1585 2511 sua
1627 2471 1862 2528 pressus
1905 2451 2290 2529 undequaque
2327 2452 2704 2512 auxiliatores

295 2530 519 2609 quaerit,
548 2530 683 2591 ideo
710 2532 923 2592 multos
952 2532 1064 2591 sibi
1089 2531 1229 2591 facit
1258 2532 1431 2605 Deos,
1462 2531 1621 2608 quod
1650 2532 1822 2590 Plini.
1853 2550 1976 2607 cap.
2007 2535 2062 2606 2,
2088 2532 2382 2608 eleganter
2409 2532 2701 2610 explicat·

295 2610 551 2688 Fraqilis
578 2622 634 2670 et
658 2613 939 2673 laboriosa
966 2613 1283 2672 mortalitas
1308 2612 1576 2688 inpar-tes
1596 2612 1708 2670 ista
1734 2613 1958 2688 diqessit
1981 2612 2318 2691 infirmitatis
2335 2632 2454 2674 suoe
2472 2633 2701 2688 memor,

294 2700 359 2752 ut
372 2693 727 2768 portionibus
766 2693 1001 2770 quisque
1034 2695 1251 2766 coleret,
1296 2711 1405 2768 quo
1432 2693 1679 2750 maxime
1719 2692 2010 2767 indiyeret.
2093 2691 2178 2751 Ut
2217 2711 2280 2750 er
2279 2712 2357 2769 go
2397 2692 2706 2771 multiplici

292 2772 701 2850 premebantur
714 2772 1075 2847 necessitate,
1098 2772 1447 2865 multiplices
1467 2771 1862 2848 quaesiverunt
1883 2770 2042 2830 Deos
2061 2771 2163 2849 qui
2182 2712 2322 2832 illisg
2319 2772 2702 2864 mederentur,

294 2853 463 2929 quasi
488 2872 639 2912 unus
667 2871 927 2912 summus
956 2853 1117 2912 Deus
1144 2852 1337 2910 omnia
1361 2869 1479 2910 non
1505 2858 1720 2928 posset.

379 2932 534 2991 XII.
583 2932 887 2992 Secundo·
872 2977 887 3008 ,
932 2931 1247 2991 Veneratio
1288 2939 1349 2991 et
1388 2931 1579 2990 cultus
1606 2950 1807 2990 eorum
1847 2930 1950 3008 qui
1975 2896 2289 2990 humanum
2318 2950 2504 3008 genus
2527 2932 2702 2992 bene·

295 3011 443 3070 ficiis
469 3011 815 3106 quibusdam
844 3011 1171 3089 insignibus
1198 3019 1363 3070 erant
1387 3010 1694 3088 prosecuti,
1725 3010 2153 3070 multitudinem
2177 3010 2432 3070 Deorum
2460 3011 2703 3072 invexit.

298 3091 449 3150 Nam
476 3092 563 3150 illi
602 3093 704 3170 qui
743 3091 840 3152 vel
879 3091 1171 3170 praeclaris
1211 3089 1561 3150 facinoribus
1600 3091 1858 3150 illustres
1897 3098 2107 3165 essent,
2151 3090 2248 3149 vel
2275 3089 2378 3168 qui
2413 3090 2707 3151 beneficiis

296 3171 642 3248 quibusdam
670 3171 901 3232 eximiis
940 3170 1427 3230 commendabiles
1467 3189 1593 3230 sese
1620 3168 2041 3264 praestitissent,
2084 3170 2210 3228 sive
2238 3169 2376 3246 quia
2409 3170 2590 3229 nobili
2617 3191 2706 3230 re-

297 3259 461 3328 perto
488 3251 838 3327 profuissent
865 3252 1065 3344 generi
1102 3252 1373 3326 humano,
1406 3249 1529 3309 sive
1556 3250 1696 3326 quia
1721 3269 1844 3308 rem
1869 3249 2024 3308 bello
2057 3249 2328 3327 praeclare
2369 3250 2704 3327 gessissent,

298 3330 727 3472 &stiffi
770 3331 969 3472 &5232
998 3330 1356 3484 &affl-¹1¹3?
1376 3349 1429 3466 1?
1423 3338 1704 3468 ⁸33¹&ssss
1701 3329 1976 3466 ”fflssffi’
2006 3329 2398 3484 ἕωῗέἑιᾚ
2405 3349 2710 3468 ‘mat

299 3492 740 3567 consuetudoque
766 3491 1083 3564 communis,
1113 3499 1177 3548 ut
1213 3489 1481 3568 beneficiis
1509 3491 1832 3548 excellentes
1869 3487 2021 3545 viros
2047 3488 2108 3546 in
2133 3490 2324 3546 coelum
2335 3489 2510 3560 sama
2535 3498 2591 3546 et
2611 3509 2708 3546 vo-

300 3571 512 3629 luntate
540 3574 827 3629 tollerent.-
854 3571 981 3628 hinc
997 3571 1290 3643 Hercules,
1320 3569 1446 3627 hinc
1476 3567 1683 3627 Castor
1707 3576 1762 3625 et
1785 3569 2016 3641 Pollux,
2039 3567 2166 3626 him
2181 3567 2560 3642 AEsczdapius,
2583 3568 2712 3624 hinc

300 3650 475 3708 Liber
502 3648 646 3708 &cx
630 3648 849 3726 ,quod
888 3659 947 3710 et
976 3649 1149 3710 Plini.
1190 3648 1293 3707 lib.
1322 3647 1383 3706 ii.
1414 3667 1463 3707 c.
1494 3650 1550 3706 7.
1581 3645 1869 3719 observat,
1901 3646 2018 3703 Hic
2044 3655 2122 3704 est
2147 3645 2535 3704 veta-emmas
2566 3647 2708 3722 refe-

300 3729 471 3788 rendi
487 3730 741 3804 qratiam
766 3731 899 3788 bene
923 3730 1255 3788 merentum
1280 3747 1417 3800 mos,
1445 3735 1509 3784 ut
1534 3729 1672 3784 tales
1687 3725 2024 3784 Numinibus
2043 3724 2479 3797 adscribantur,-
2507 3728 2713 3804 quippe

302 3817 359 3868 et
376 3808 621 3868 omnium
646 3809 892 3867 aliorum
917 3811 1179 3868 Deorum
1202 3807 1447 3880 nomina,
1478 3815 1533 3864 et
1557 3824 1683 3882 φησι
1705 3824 1886 3882 supra
1911 3805 2104 3864 sidera
2129 3806 2316 3864 relata
2333 3824 2407 3862 ex
2431 3805 2714 3866 hominum

302 3897 444 3948 nata
470 3897 600 3946 sunt
626 3888 872 3946 meritis.-
956 3889 1098 3963 Quae
1126 3886 1369 3947 Tertull.
1402 3883 1504 3964 (ad
1532 3891 1736 3962 gentes
1765 3905 1814 3946 c.
1843 3887 1917 3944 10
1946 3892 2006 3943 et
2036 3887 2127 3960 ll,
2189 3884 2527 3944 Minucius
2511 3906 2572 3944 m
2601 3886 2711 3947 Oc-

302 3967 480 4042 tavio,
514 3967 867 4043 Lactantius,
899 3975 958 4027 et
986 3967 1286 4026 Arnobius
1324 3966 1451 4032 fuse
1478 3963 1826 4041 ostendunt;
1859 3965 2017 4024 Deos
2045 3965 2124 4024 sc'
2154 3964 2266 4024 cet
2292 3964 2394 4040 qui
2419 3966 2624 4044 majori
2652 3965 2714 4024 in

302 4047 488 4125 pretio
516 4047 877 4106 habebantur
902 4047 1059 4124 apud
1087 4046 1384 4120 Ethnicos,
1414 4045 1561 4104 nihil
1586 4044 1749 4105 aliud
1773 4065 1948 4122 quam
1973 4044 2236 4104 homines
2277 4042 2474 4106 fuisse.
2557 4047 2636 4106 Et
2663 4047 2715 4106 si

303 4127 558 4205 penitius
584 4146 705 4186 rem
734 4135 1073 4202 scrutamur,
1104 4126 1271 4186 facile
1298 4125 1782 4203 deprehendimus
1811 4125 2200 4219 Philosophos
2219 4132 2279 4186 et
2301 4124 2507 4184 Po'etas
2526 4127 2714 4204 plera-

300 4225 419 4284 que
445 4226 523 4266 ex
550 4207 679 4266 istis
704 4207 779 4265 ab
808 4206 1077 4267 Hebraeis
1104 4207 1281 4266 fuisse
1320 4214 1652 4280 mutuatos;
1695 4205 1800 4264 sed
1825 4205 1908 4264 ita
1947 4205 2292 4282 interpolata
2323 4212 2454 4263 astu
2485 4205 2714 4266 Satanae

304 4294 363 4346 et
390 4285 603 4345 fabulis
630 4286 908 4362 involuta,
938 4294 1007 4346 ut
1032 4287 1109 4346 ad
1134 4286 1569 4364 investigandas
1596 4252 1817 4362 aliquot
1842 4285 1969 4344 auri
1993 4285 2173 4344 micas
2214 4285 2422 4362 ingens
2449 4286 2717 4345 stercoris

304 4386 547 4426 acervus
574 4366 1027 4461 commovendus
1056 4368 1149 4427 sit.
1234 4367 1582 4444 Exemplum
1610 4365 1778 4425 nobis
1806 4373 1930 4425 esto
1963 4365 2246 4425 Saturnus
2274 4385 2404 4424 cum
2431 4365 2567 4426 filiis
2597 4366 2717 4425 suis

302 4445 509 4520 tribus,
539 4446 845 4525 imperium
872 4447 1031 4508 orbis
1054 4446 1206 4506 inter
1232 4466 1295 4505 se
1334 4446 1748 4524 partientibus,
1789 4444 1854 4504 in
1880 4445 2094 4522 quibus
2119 4445 2252 4504 Viri
2295 4445 2467 4504 Docti
2493 4445 2716 4523 pridem

308 4525 690 4666 obsprwamt
714 4527 896 4587 latere
926 4527 1226 4586 Noachum
1254 4535 1314 4586 et
1338 4534 1457 4585 tres
1484 4527 1612 4604 ejus
1638 4525 1806 4601 filios,
1837 4533 1904 4584 ut
1925 4525 2106 4584 solide
2123 4524 2370 4638 probant
2391 4525 2716 4584 Bochartus

305 4613 379 4666 et
462 4625 650 4666 ossius
754 4629 763 4636 ·

392 4686 585 4752 XIII.
625 4686 842 4763 Tertio,
875 4685 1259 4764 Polytheismi
1284 4685 1511 4750 occasio
1548 4685 1660 4746 fuit
1685 4684 1836 4747 inter
1860 4683 2022 4760 alias,
2065 4704 2183 4744 non
2208 4683 2382 4745 modo
2422 4681 2718 4744 nominum
