3300 5225
539 301 654 357 324
1558 315 1741 357 Locus
1758 314 2057 406 :Qqsn‘rus
2568 292 2829 376 [eumer.
2862 313 2949 354 ιιι.

539 459 792 534 damnat,
825 457 1060 516 damnat
1089 456 1434 532 incredulos,
1467 457 1518 516 si
1546 457 1729 536 eligit,
1760 457 1926 535 eligit
1953 455 2290 532 credentes,
2334 473 2465 514 cum
2495 474 2634 534 ergo
2661 455 2810 514 nihil
2832 457 2953 534 tale

539 538 766 614 efficiat,
799 537 902 596 sed
930 536 1109 597 solius
1134 537 1482 615 beneplaciti
1511 538 1862 598 mentionem
1888 536 2078 611 faciat,
2110 555 2179 594 eo
2206 536 2332 614 ipso
2348 543 2595 595 testatur
2615 535 2950 611 clarissime,

541 638 603 678 se
631 617 852 677 nullam
879 617 1226 676 discriminis
1254 617 1422 677 istius
1449 637 1683 678 causam
1704 635 2016 695 agnoscere
2034 635 2209 693 quam
2238 615 2419 674 solam
2448 615 2577 693 ejus
2604 613 2833 693 εὐδοκίαν,
2864 624 2950 676 at-

541 718 653 775 que
682 697 828 756 adeo
856 696 1196 758 electionem
1222 717 1341 756 non
1369 717 1494 756 esse
1524 717 1600 756 ex
1626 697 1742 756 fide
1768 695 2035 774 praevisa.

1190 777 1405 836 XXV.
1427 776 1566 835 Alia
1581 777 1731 837 ratio
1760 785 1849 836 est
1866 776 2079 854 amoris
2098 775 2485 834 benevolentioe
2500 784 2554 833 et
2568 776 2947 856 beneficentiae,

1067 858 1182 916 alia
1207 858 1420 916 amoris
1447 857 1862 934 complacentiae
1888 865 1943 914 et
1966 855 2226 914 amicitias
2244 879 2269 930 ,·
2310 854 2410 913 ille
2446 855 2683 932 quidem
2724 863 2949 916 antece-

1068 938 1154 997 dit
1180 937 1355 996 fidem
1373 936 1711 1011 necessario,
1732 937 1869 1014 quia
1888 935 2051 993 illam
2072 935 2188 1012 dat,
2218 934 2314 993 hic
2333 954 2475 994 vero
2492 955 2619 994 eam
2641 937 2913 1015 supponit
2934 959 2951 1014 3

541 1020 642 1080 ille
670 1040 747 1080 ex
774 1017 1020 1078 amantis
1047 1017 1400 1095 dignatione,
1443 1026 1504 1075 et
1531 1016 1656 1075 sola
1682 1016 1811 1094 ejus
1838 1013 2030 1094 σῦδοκίᾳ
2054 1014 2285 1094 pendet,
2316 1014 2428 1074 iste
2456 1035 2531 1074 ex
2558 1015 2737 1074 amati
2763 1016 2952 1094 digni·

543 1107 679 1176 tate,
712 1119 816 1159 seu
844 1097 1210 1158 convenienti
1239 1095 1614 1173 dispositione
1655 1095 1802 1156 fluit.
1888 1095 2077 1171 Quum
2109 1094 2327 1155 Paulus
2354 1095 2437 1153 ait
2462 1094 2539 1154 ed
2568 1095 2868 1172 Hebraeos,
2899 1115 2952 1156 e.

543 1180 625 1239 xi.
657 1181 712 1255 6,
742 1179 862 1237 sine
925 1180 995 1236 de
1022 1176 1351 1254 impossibile
1377 1173 1492 1235 esse
1518 1178 1755 1253 placere
1782 1178 1927 1252 DeO,
1957 1195 2077 1234 non
2103 1175 2378 1252 intelligit
2404 1175 2651 1253 primum
2680 1194 2952 1251 amorem,

544 1258 649 1318 sed
677 1278 854 1317 secun
897 1277 1012 1333 um,
1043 1257 1181 1334 quia
1207 1256 1464 1333 loquitur
1489 1255 1562 1314 de
1588 1255 1705 1314 fide
1734 1255 1946 1315 actuali
1981 1256 2237 1331 Patrum,
2266 1274 2372 1332 per
2391 1273 2564 1331 quam
2583 1254 2956 1314 obtinuerunt

542 1338 937 1398 testimonium
959 1336 1231 1414 justitiae3
1260 1335 1396 1429 binc
1425 1355 1564 1413 ergo
1591 1343 1747 1395 recte
1776 1335 2017 1395 infertur
2043 1335 2245 1412 quales
2274 1335 2401 1394 Deo
2428 1334 2695 1412 placeant
2720 1333 2781 1393 in
2808 1343 2953 1394 tem·

543 1415 2332 1572 1)οὲῗὲῧῖ,ᾳῖὗῗιὲξξῗῗοῗιῗπῖῖιαέῑεῗξθνῗῖὶξὲΡαιῗθίιιῗθὲεξὲο
2365 1497 2598 1570 placere
2624 1496 2752 1553 Deo
2778 1496 2952 1554 homi-

543 1597 670 1636 nem
699 1578 901 1654 eliqere
919 1599 944 1650 ;
985 1575 1144 1654 prius
1174 1575 1446 1652 supponit
1470 1575 1644 1633 fidem
1674 1575 1735 1633 in
1764 1575 2026 1653 subjecto
2054 1573 2416 1649 existentem,
2442 1584 2501 1633 et
2528 1573 2601 1632 de
2628 1574 2740 1633 hoc
2764 1574 2953 1652 loqui·

545 1667 642 1716 tur
671 1656 890 1715 Paulus
920 1655 1103 1714 Hebr.
1133 1653 1215 1714 xi.
1246 1658 1301 1730 6,
1349 1653 1454 1713 sed
1495 1674 1614 1713 non
1658 1655 1985 1734 posterius:
2043 1654 2165 1712 Nec
2207 1654 2258 1714 si
2302 1655 2428 1712 Deo
2470 1653 2663 1732 placet
2702 1655 2952 1732 gratiam

545 1735 768 1796 homini
810 1735 1014 1809 facere,
1057 1733 1250 1793 stetim
1291 1734 1552 1811 sequitur
1597 1735 1888 1794 hominem
1926 1733 2091 1793 illum
2130 1733 2357 1812 placere
2399 1734 2564 1809 De0;
2608 1733 2823 1812 alioqui
2864 1753 2951 1793 se⁴

547 1824 837 1894 queretur,
868 1814 1007 1892 quia
1031 1813 1248 1891 placuit
1274 1813 1553 1872 mundum
1582 1814 1695 1872 sibi
1721 1813 2109 1888 reconciliare,
2138 1813 2417 1873 mundum
2456 1813 2630 1872 etiam
2666 1813 2953 1891 placuisse

545 1895 675 1956 -Deo
703 1903 1011 1972 antequam
1038 1894 1440 1953 reconciliatus
1467 1897 1638 1970 esset,
1676 1893 1834 1971 quod
1860 1903 1951 1953 est
1975 1893 2292 1970 ἅσὺπαιτοις
2324 1894 2483 1970 prius
2510 1901 2675 1953 notat
2700 1894 2951 1972 compla-

547 1975 797 2035 centiam
825 1994 956 2052 quse
993 1973 1334 2033 terminatur
1359 1974 1420 2030 in
1445 1973 1697 2050 homine,
1728 1982 1787 2033 et
1813 1982 2007 2034 actum
2034 1975 2163 2052 ejus
2196 1974 2483 2050 supponit,
2512 1973 2799 2050 posterius
2826 1983 2951 2032 tan-

549 2065 676 2115 tum
704 2074 832 2114 eam
861 2073 990 2131 quse
1027 2053 1368 2112 terminatur
1393 2053 1455 2111 in
1491 2053 1619 2131 ipso
1647 2053 1896 2130 decret0,
1945 2062 2004 2113 et
2045 2061 2237 2113 aetum
2269 2053 2382 2111 Dei
2426 2053 2583 2113 dicit.
2668 2052 2951 2127 Quamvis

548 2155 689 2194 vero
730 2135 854 2193 sine
881 2133 996 2192 fide
1036 2133 1262 2210 placeat
1292 2134 1420 2193 Deo
1447 2153 1555 2193 nos
1596 2133 1811 2212 eligere
1854 2133 1927 2192 ab
1969 2142 2201 2210 aeterno,
2232 2153 2349 2192 non
2390 2133 2651 2210 sequitur
2688 2133 2811 2192 sine
2838 2132 2953 2192 fide

546 2215 762 2294 pariter
801 2233 908 2273 nos
949 2213 1176 2292 placere
1217 2233 1388 2292 posse
1418 2214 1545 2273 Deo
1587 2214 1649 2272 in
1684 2223 1977 2291 tempore3
2036 2214 2175 2290 quia
2212 2221 2406 2291 potest
2444 2213 2672 2290 placere
2712 2213 2856 2289 Deo,
2886 2222 2954 2274 ut

546 2295 697 2354 bene
725 2294 869 2353 velit
895 2301 1170 2352 creaturae
1199 2293 1604 2353 antecedenter
1631 2293 1707 2352 ad
1732 2293 1925 2370 fidem,
1968 2293 2070 2354 sed
2096 2313 2214 2353 non
2241 2301 2432 2370 potest
2471 2293 2633 2352 Deus
2660 2293 2773 2352 sibi
2798 2312 2954 2352 eom-

552 2375 782 2452 placere
813 2373 873 2431 in
904 2375 1180 2432 Creatura
1205 2371 1318 2431 nisi
1347 2382 1766 2450 consequenter
1792 2374 1867 2432 ad
1894 2373 2097 2451 ipsam.

635 2453 922 2512 XXVII.
968 2451 1246 2534 Πςόγνωσ-ις
1289 2452 1362 2512 de
1406 2473 1523 2531 qua
1551 2455 1721 2512 Rom.
1751 2454 1875 2513 viii.
1907 2456 2003 2530 29,
2046 2473 2164 2512 non
2204 2452 2538 2530 speculative
2577 2451 2957 2530 intelligenda

551 2541 640 2593 est
667 2552 772 2612 pro
799 2532 957 2591 nuda
983 2533 1361 2610 praescientia,
1392 2533 1530 2610 quia
1555 2533 1702 2592 nihil
1728 2542 1921 2610 potest
1946 2533 2264 2613 praevidere
2300 2533 2362 2590 in
2388 2533 2619 2591 homine
2647 2532 2803 2609 quod
2829 2532 2955 2609 ipse

551 2634 669 2672 non
696 2612 936 2688 dederit,
969 2612 1072 2671 sed
1089 2614 1345 2689 practice
1370 2633 1476 2691 pro
1503 2614 1757 2691 gratuita
1784 2615 1909 2692 ejus
1938 2614 2235 2690 electione,
2265 2621 2331 2673 ut
2359 2632 2532 2690 supra
2556 2612 2781 2689 visum3
2831 2613 2955 2672 Nec

553 2694 600 2751 si
627 2692 846 2752 Paulus
865 2692 963 2767 ait,
991 2693 1182 2751 Deum
1209 2712 1356 2770 quos
1374 2694 1773 2771 praecoynovit,
1786 2695 2217 2770 praedestinasse
2234 2692 2557 2774 συμμᾶςφους
2577 2692 2812 2770 imagini
2817 2694 2961 2752 Filii

550 2773 654 2848 sui,
685 2771 962 2850 intelligit
989 2771 1137 2831 tales
1163 2771 1342 2831 fuisse
1369 2773 1812 2849 antecedenter3
1858 2775 1997 2851 quia
2021 2773 2133 2832 hoc
2172 2793 2291 2832 non
2327 2781 2639 2851 potuerunt
2674 2772 2950 2849 obtinere,

551 2852 666 2911 nisi
693 2872 770 2911 ex
795 2852 1098 2911 vocatione
1127 2871 1257 2928 quae
1300 2853 1574 2929 sequitur,
1607 2852 1713 2912 sed
1738 2862 1805 2912 ut
1845 2862 2039 2912 essent
2074 2852 2224 2912 tales
2264 2861 2696 2930 consequenter,
2725 2859 2793 2911 ut
2820 2872 2953 2929 sup-

552 2931 827 3009 plendum
857 2932 932 2990 sit
959 2936 1078 3012 πςὶς
1104 2936 1160 3009 ,⁴¹³
1187 2929 1320 3006 εἶναι,
1353 2940 1419 2991 ιιι
1441 2931 1771 2992 indicentur
1786 2933 2301 3009 proedestinationis
2317 2935 2511 3008 effecta
2537 2942 2593 2991 et
2615 2931 2817 3009 media,
2835 2952 2955 2991 non

551 3031 742 3071 causae
771 3018 830 3070 et
857 3011 1075 3069 motiva
1099 3033 1114 3071 ι
1143 3019 1316 3089 atque
1343 3011 1478 3070 hinc
1505 3020 1681 3089 patet,
1704 3032 1822 3071 non
1850 3032 2027 3089 quare
2046 3013 2201 3072 hunc
2228 3032 2347 3091 prae
2374 3012 2489 3071 alio
2514 3011 2951 3089 praedestinarit,

555 3089 660 3149 sed
686 3089 763 3149 ad
789 3089 930 3167 quid
957 3091 1344 3168 praedestinet,
1375 3099 1435 3150 et
1462 3091 1675 3169 quibus
1700 3092 1923 3168 mediis,
1954 3092 2225 3152 nimirum
2241 3092 2318 3151 ad
2346 3091 2606 3169 gloriam,
2631 3098 2691 3151 et
2716 3091 2794 3150 ad
2820 3095 2951 3151 con-

555 3168 903 3229 formitatem
932 3190 1064 3229 eum
1093 3170 1340 3247 Christo,
1371 3179 1495 3230 tum
1523 3171 1583 3229 in
1613 3171 1934 3248 sanctitate,
1964 3180 2088 3231 tum
2116 3172 2177 3229 in
2206 3192 2410 3231 cruce:
2452 3172 2533 3230 ita
2560 3170 2829 3253 oego'ymeas
2856 3171 2951 3231 de·

555 3258 774 3309 cretum
796 3249 869 3309 de
889 3249 1004 3309 fine
1033 3270 1136 3309 seu
1158 3249 1599 3310 destinationem
1626 3250 1702 3311 ad
1732 3251 1993 3329 salutem,
2018 3256 2309 3334 πςκςισμὶς
2335 3251 2629 3311 decretum
2650 3252 2724 3311 de
2749 3250 2955 3311 mediis

554 3329 631 3388 ad
657 3328 831 3389 finem
859 3328 1022 3388 illum
1053 3330 1520 3407 consequendum
1546 3331 1887 3391 necessariis
1914 3340 2094 3409 notat,
2124 3341 2190 3392 ut
2220 3332 2369 3411 Eph.
2398 3330 2437 3390 i.
2468 3332 2525 3390 5.

636 3408 958 3469 XXVIII.
990 3410 1158 3484 Quod
1179 3410 1224 3469 J
1225 3410 1440 3469 acobus
1469 3410 1610 3470 dicit
1630 3430 1756 3489 cap.
1785 3411 1845 3470 ii.
1874 3431 1933 3470 v.
1954 3412 2008 3487 5,
2033 3414 2221 3470 Deum
2242 3411 2463 3488 eleqt’sse
2480 3430 2768 3487 pauperes
2793 3411 2955 3486 Ιιιόιω

553 3490 753 3549 mundi
773 3489 969 3549 divites
977 3491 1118 3569 fide,
1151 3489 1340 3549 innuit
1366 3490 1599 3567 quidem
1629 3489 1705 3548 ad
1732 3490 1875 3568 quid
1905 3492 2065 3551 Deus
2092 3491 2349 3568 elegerit,
2369 3489 2639 3549 nimirum
2657 3489 2734 3548 ad
2759 3489 2951 3566 fidem,

553 3569 659 3629 sed
684 3588 804 3628 non
829 3588 935 3647 per
997 3569 1103 3629 uid
1128 3578 1187 3629 et
1212 3578 1446 3648 propter
1459 3568 1605 3647 quid
1630 3589 1731 3630 eos
1759 3570 2015 3648 elegerit,
2044 3579 2111 3630 ut
2130 3570 2311 3629 verba
2335 3571 2447 3628 ista
2466 3570 2809 3649 dimoefide,
2839 3588 2957 3629 non

553 3651 871 3725 causaliter,
903 3668 966 3709 se
1015 3650 1278 3728 finaliter
1318 3650 1434 3709 sint
1474 3649 1809 3727 accipienda
1835 3669 1940 3727 per
1969 3650 2217 3727 ellipsim
2246 3648 2515 3708 infinitivi
2544 3646 2677 3724 ἄνευ,
2708 3658 2777 3708 ιιι
2804 3650 2954 3726 Eph.

553 3729 590 3785 i.
623 3732 680 3787 4.
709 3728 869 3805 quod
894 3737 1054 3805 patet
1081 3749 1116 3787 a
1142 3730 1283 3807 pari,
1314 3730 1450 3807 quia
1477 3749 1547 3788 eo
1574 3730 1747 3788 modo
1790 3729 1969 3806 elegit
1996 3729 2207 3787 divites
2247 3728 2379 3804 fide,
2410 3736 2477 3788 ut
2504 3730 2751 3788 hoeredes
2776 3728 2953 3805 requi,

555 3806 658 3865 sed
685 3806 943 3867 haeredes
971 3809 1136 3885 regni
1165 3808 1335 3867 electi
1363 3817 1497 3867 sunt
1517 3818 1583 3891 ut
1608 3808 1757 3868 tales
1783 3808 2174 3883 redderentur,
2198 3827 2316 3867 non
2332 3808 2489 3885 quod
2508 3810 2633 3886 jam
2660 3816 2793 3867 actu
2810 3810 2958 3867 tales

613 843 795 888 Fontes
819 843 954 889 Solu-

677 901 881 946 tionum.

472 3918 480 3925 ·
553 3893 749 3944 essent
775 3894 908 3945 ante
937 3887 1028 3945 sui
1055 3888 1411 3946 electionem.

637 3963 896 4023 XXIX.
943 3964 1125 4025 Aliud
1155 3974 1242 4025 est
1269 3966 1423 4025 nolle
1453 3966 1791 4026 electionem
1822 3967 2171 4045 suspendere
2198 3987 2234 4026 a
2252 3967 2369 4026 fide
2396 3977 2455 4027 et
2482 3968 2769 4045 operibus,
2800 3968 2957 4044 quod

553 4043 856 4119 volumus3
904 4043 1086 4102 Aliud
1115 4053 1366 4104 statuere
1395 4046 1639 4103 salutem
1666 4046 1835 4105 nobis
1876 4066 2003 4105 esse
2032 4046 2321 4107 decretam
2348 4048 2493 4108 citra
2518 4048 2702 4106 ullum
2730 4066 2955 4123 respec-

551 4131 678 4181 tum
708 4120 1051 4183 obedientiae
1080 4132 1139 4183 et
1165 4123 1318 4198 fidei,
1338 4123 1495 4201 quod
1521 4144 1626 4201 per
1653 4125 1997 4185 calumniam
2018 4127 2188 4186 nobis
2204 4126 2514 4205 affingitur.
2547 4128 2857 4186 Decretum
2881 4126 2955 4185 de

547 4200 738 4262 salute
766 4202 826 4259 in
853 4202 959 4261 tali
983 4212 1248 4279 respectu
1276 4222 1392 4261 non
1419 4203 1711 4281 fundatur,
1756 4204 1859 4263 sed
1886 4214 2080 4265 tamen
2106 4206 2234 4284 ipsa
2260 4207 2417 4266 salus
2446 4206 2677 4267 decreta
2716 4226 2795 4265 ex
2820 4206 2955 4265 obe-

545 4280 771 4340 dientia
797 4280 932 4340 fidei
959 4281 1190 4359 pendet,
1222 4300 1396 4359 quam
1425 4282 1586 4344 Deus
1613 4283 1675 4342 in
1702 4284 1873 4345 nobis
1901 4294 2185 4363 operatur.

634 4358 859 4420 XXX.
905 4360 1092 4420 Aliud
1117 4370 1206 4421 est
1233 4362 1448 4422 electos
1477 4382 1603 4423 esse
1633 4363 1990 4441 credituros3
2036 4365 2195 4425 aliud
2222 4364 2440 4426 electos
2480 4384 2608 4425 esse
2634 4363 2955 4442 reduplica-

549 4442 682 4516 tivo,
697 4448 756 4501 et
784 4441 1102 4518 causaliter,
1146 4440 1284 4519 quia
1312 4442 1409 4501 vel
1436 4463 1552 4521 qua
1578 4443 1895 4521 credentes,
1927 4453 1987 4504 et
2028 4444 2384 4521 credituros,
2414 4446 2574 4524 prius
2602 4444 2789 4520 datur,
2820 4441 2957 4520 quia

545 4520 836 4581 neminem
853 4515 1095 4581 'servare
1123 4521 1396 4597 decrevit,
1441 4522 1580 4600 quin
1609 4543 1841 4601 quoque
1867 4524 2191 4585 decreverit
2216 4525 2304 4583 illi
2331 4524 2505 4585 fidem
2533 4523 2688 4599 dare,
2718 4532 2785 4584 ut
2824 4541 2955 4600 pro·

543 4600 859 4690 positiones
902 4601 1027 4685 istnc
1069 4602 1185 4661 sint
1235 4601 1658 4678 convertibiles,
1706 4600 1893 4663 omnis
1956 4602 2196 4663 credens
2240 4612 2330 4663 est
2374 4604 2609 4681 electus,
2658 4612 2719 4662 et
2766 4601 2955 4661 omnis
