3300 5225
444 285 560 346 296
1367 305 1549 347 Locus
1577 303 1865 355 Quasrus.
2492 279 2744 365 [ouffis'r.
2774 305 2861 347 1η.

529 447 605 506 V.
649 452 706 506 2.
737 447 885 522 Quia
912 467 1090 507 unum
1133 453 1224 507 est
1250 467 1325 506 ex
1369 448 1656 525 primariis
1698 445 2008 524 Evangelii
2056 445 2358 524 capitibus,
2390 450 2449 502 et
2488 445 2627 504 fidei
2654 445 2859 506 funda-

448 528 674 604 mentis,
704 528 862 606 quod
888 549 1006 587 non
1031 535 1223 606 potest
1250 527 1374 587 sine
1414 528 1632 606 insigni
1661 527 1939 587 Ecclesiae
1980 533 2039 585 et
2064 525 2323 584 fidelium
2350 523 2695 586 detrimento
2723 529 2863 586 reti-

449 607 583 682 ceri,
615 616 814 686 utpote
841 608 998 686 quod
1025 607 1155 669 fons
1183 616 1272 667 est
1299 607 1671 686 gratitudinis
1710 616 1923 667 nostras
1964 625 2103 684 erga
2132 605 2339 681 Deum,
2370 604 2543 664 radix
2566 607 2861 667 humilita-

448 687 540 764 tis,
572 687 1005 748 fundamentum
1033 697 1094 748 et
1119 689 1372 746 anchora
1396 687 1622 747 fiduciae
1663 687 1991 746 firmissima
2032 685 2095 744 in
2120 685 2389 744 omnibus
2425 687 2861 764 tentationibus,

449 768 860 828 consolationis
889 768 1236 828 dulcissimae
1264 768 1528 844 fulcrum,
1559 777 1618 828 et
1643 766 2105 846 potentissimum
2146 765 2223 824 ad
2247 764 2521 843 pietatem
2566 774 2626 826 et
2652 769 2861 827 sancti·

451 847 704 906 moniam
728 848 1182 908 incitamentum.

531 926 644 987 VI.
689 931 744 988 3.
796 928 1210 1006 Importunitas
1254 927 1757 1000 Adversariorum,
1808 925 1909 1003 qui
1954 924 2291 1002 primarium
2336 926 2449 986 hoc
2494 926 2633 985 fidei
2677 927 2867 1004 Caput

451 1007 785 1067 exitialibus
832 1009 1120 1068 erroribus
1167 1016 1559 1084 corruperunt,
1607 1015 1668 1065 et
1714 1005 1956 1064 infames
2004 1004 2216 1082 quibus
2260 1005 2505 1065 subinde
2543 1006 2863 1066 doctrinam

450 1097 709 1146 nostram
736 1087 1101 1165 proscindere
1131 1088 1320 1146 solent
1359 1087 1679 1164 calumniae,
1710 1085 2093 1144 Tractationis
2118 1085 2287 1144 istius
2329 1087 2733 1146 necessitatem
2760 1107 2864 1146 no·

450 1166 543 1226 bis
570 1168 888 1245 imponunt,
919 1176 986 1226 ut
1012 1167 1228 1226 veritas
1255 1167 1316 1223 in
1343 1174 1543 1242 aperta
1568 1167 1697 1224 luce
1739 1166 2067 1240 collocetur,
2098 1172 2158 1223 et
2188 1165 2263 1224 ab
2303 1167 2604 1226 hominum
2630 1167 2863 1226 malefe-

450 1247 726 1306 riatorum
755 1245 1079 1306 falsissimis
1107 1253 1165 1304 et
1185 1243 1564 1323 iniquissimis
1585 1245 2080 1304 criminationibus
2098 1245 2405 1322 liberetur;
2436 1246 2603 1324 quasi
2630 1247 2863 1306 fatalem

451 1335 511 1385 et
542 1328 799 1386 Stoicam
825 1327 1228 1386 necessitatem
1254 1325 1610 1403 inducamus,
1643 1325 1811 1404 quasi
1836 1345 1941 1403 per
1966 1345 2093 1383 eam
2114 1325 2525 1403 extinguamus
2552 1347 2783 1386 omnem
2804 1327 2865 1385 in

451 1407 660 1466 animis
686 1407 983 1466 hominum
1012 1405 1369 1483 religionem,
1400 1413 1460 1464 et
1499 1425 1598 1464 eos
1627 1407 1723 1465 vel
1750 1406 1811 1464 in
1849 1405 2173 1464 securitatis
2200 1415 2259 1464 et
2284 1406 2646 1484 profanitatis
2672 1407 2865 1484 pulvi-

452 1506 573 1562 nar,
603 1488 701 1546 vel
728 1487 789 1546 in
817 1487 1233 1566 desperationis
1271 1486 1606 1545 barathrum
1647 1485 2056 1564 projiciamus3
2100 1486 2269 1562 quasi
2314 1486 2505 1545 Deum
2553 1486 2862 1564 crudelem,

451 1566 830 1644 hypocritam,
862 1576 922 1626 et
961 1567 1262 1625 authorem
1303 1566 1541 1644 peccati,
1573 1567 1843 1625 horresco
1889 1565 2157 1640 referens,
2204 1565 2639 1626 constituamus.
2724 1566 2866 1642 Quae

453 1647 646 1704 omnia
673 1667 806 1706 eum
833 1647 950 1706 sint
969 1646 1294 1722 falsissima,
1318 1646 1642 1705 necessario
1672 1645 1884 1705 debent
1909 1645 2113 1720 refelli,
2138 1645 2331 1704 sobria
2350 1654 2409 1705 et
2430 1646 2669 1706 salutari
2696 1647 2869 1708 istius

454 1725 730 1787 doctrinae
759 1747 834 1786 ex
860 1727 1060 1786 Verbo
1089 1726 1202 1785 Dei
1227 1726 1635 1804 propositione.

837 1862 849 1876 ‚
1056 1806 1204 1866 VII.
1251 1805 1415 1865 Licet
1440 1805 1665 1885 profani
1691 1824 1808 1864 non
1836 1826 1965 1864 raro
1992 1805 2304 1865 abutantur
2319 1804 2433 1866 ista
2450 1805 2713 1866 doctrina
2738 1827 2865 1886 per-

489 1861 900 1966 F⁰¹²t⁹ssu÷ss¹⁰t¹m
976 1906 1172 1964 peram
1199 1886 1529 1961 intellecta;
1572 1906 1691 1945 non
1716 1896 2019 1964 propterea
2055 1884 2352 1964 legitimus
2392 1887 2519 1964 ejus
2546 1907 2687 1947 usus
2728 1907 2869 1965 erga

976 1967 1104 2045 pios
1131 1966 1304 2026 debet
1330 1965 1474 2041 tolli,
1505 1966 1618 2025 nisi
1658 1967 1935 2044 majorem
1978 1965 2363 2044 profanorum,
2394 1987 2569 2044 quam
2608 1967 2868 2028 fidelium

452 2046 732 2106 rationem
759 2047 972 2106 habere
999 2047 1282 2106 vellemus
1305 2067 1321 2122 ς
1365 2050 1421 2104 2.
1457 2046 1520 2104 Si
1546 2054 1782 2124 propter
1807 2047 2053 2106 abusum
2078 2046 2440 2123 quorundam
2462 2046 2865 2108 abstinendum

453 2135 608 2186 esset
633 2127 708 2185 ab
733 2127 903 2188 istius
932 2127 1202 2204 Mysterii
1226 2125 1633 2204 propositione,
1658 2125 2063 2186 abstinendum
2090 2134 2245 2185 esset
2276 2127 2491 2204 pariter
2516 2147 2553 2186 a
2576 2128 2867 2205 plerisque

457 2206 779 2285 Religionis
808 2207 1148 2268 Christianae
1176 2205 1482 2283 mysteriis,
1513 2206 1727 2284 quibus
1753 2205 1978 2284 profani
2006 2205 2336 2283 abutuntur,
2361 2208 2459 2265 vel
2478 2226 2609 2285 quse
2629 2206 2871 2267 irrident

455 2295 514 2346 et
539 2288 930 2364 insectantur;
991 2287 1188 2365 qualia
1231 2294 1365 2345 sunt
1406 2286 1693 2363 Mysteria
1736 2285 2052 2362 TrinitatiS,
2085 2286 2525 2363 Incarnationis,
2558 2286 2865 2347 Resurrec-

451 2367 644 2442 tionis,
677 2377 735 2427 et
763 2367 990 2426 similia.
1075 2370 1131 2426 3.
1176 2365 1492 2426 Calumniae
1519 2367 1732 2443 quibus
1761 2365 2203 2443 Pseudapostoli
2230 2366 2551 2426 doctrinam
2579 2366 2747 2426 Pauli
2780 2367 2869 2426 in-

455 2446 765 2521 famabant,
796 2467 913 2505 non
939 2455 1252 2525 potuerunt
1279 2445 1500 2505 efficere
1527 2455 1594 2505 ut
1619 2447 1784 2505 illam
1812 2447 2041 2506 silentio
2067 2455 2368 2523 premeret,
2400 2447 2515 2506 imo
2542 2445 2737 2504 divine
2759 2466 2867 2506 suo

455 2543 614 2585 more
643 2546 770 2584 eam
797 2534 1076 2584 executus
1105 2534 1208 2600 est,
1252 2534 1320 2584 ut
1347 2525 1805 2586 Adversantium
1834 2545 1899 2584 os
1943 2524 2289 2586 occluderet.
2374 2527 2491 2586 Cur
2516 2545 2653 2603 ergo
2680 2526 2755 2584 ab
2796 2545 2869 2586 ea

456 2604 626 2665 nobis
652 2606 1098 2683 temperabimus
1116 2608 1146 2665 Ρ
1186 2624 1494 2683 sequamur
1519 2606 1693 2666 modo
1724 2605 1891 2666 Pauli
1918 2606 2185 2686 vestigia,
2214 2616 2275 2667 et
2310 2628 2444 2667 cum
2470 2626 2539 2667 eo
2565 2607 2871 2685 loquamur

459 2694 520 2746 et
544 2695 856 2746 taceamus.

538 2766 722 2826 VIII.
769 2766 832 2827 Si
859 2766 1093 2845 quidam
1122 2765 1382 2827 doctrina
1409 2764 1522 2827 ista
1561 2768 1895 2843 abutuntur,
1926 2769 2024 2827 vel
2064 2768 2141 2826 ad
2172 2768 2480 2844 licentiam,
2510 2769 2608 2827 vel
2636 2767 2713 2827 ad
2739 2766 2869 2826 des·

456 2847 811 2923 perationem
833 2868 848 2921 3
892 2848 1001 2905 hoc
1029 2866 1146 2905 non
1172 2846 1241 2905 fit
1266 2867 1369 2925 per
1394 2866 1458 2906 se
1485 2868 1561 2906 ex
1587 2849 1717 2927 ipsa
1744 2847 2023 2923 doctrina,
2055 2848 2158 2907 sed
2182 2868 2286 2926 per
2305 2848 2572 2908 accidens
2594 2868 2669 2907 ex
2684 2848 2871 2906 homi·

456 2946 596 2986 num
622 2927 784 3003 vitio,
816 2927 917 3004 qui
944 2926 1288 3004 detorquent
1315 2946 1442 2985 eam
1482 2928 1730 3005 pessime
1759 2928 1836 2987 ad
1874 2929 2168 3007 proprium
2210 2928 2469 2988 exitium.
2554 2929 2683 2987 Imo
2710 2927 2875 2987 nulla

458 3015 548 3065 est
575 3006 838 3067 doctrina
863 3026 939 3065 ex
965 3024 1082 3084 qua
1107 3006 1460 3085 potentiores
1499 3008 1576 3065 ad
1615 3009 1889 3086 pietatem
1916 3016 2187 3086 petantur
2226 3008 2460 3083 stimuli,
2490 3016 2550 3067 et
2575 3008 2870 3068 uberiores

455 3085 686 3145 fiduciae
712 3094 772 3145 et
797 3086 1206 3147 consolationis
1233 3087 1406 3145 rivuli
1435 3087 1746 3165 dimanent,
1776 3098 1845 3148 ut
1870 3109 1977 3149 suo
2004 3088 2133 3147 loeo
2160 3088 2470 3147 videbitur.

540 3165 661 3225 IX.
707 3165 1236 3226 Praedestinationis
1265 3167 1612 3243 Mysterium
1639 3176 1731 3227 est
1758 3168 2079 3243 sublimius,
2108 3187 2283 3245 quam
2321 3175 2388 3227 ut
2414 3188 2451 3225 a
2475 3167 2645 3226 nobis
2688 3166 2879 3245 possit

459 3246 604 3324 capi,
635 3244 828 3323 quoad
851 3251 906 3305 τὶ
934 3244 1071 3322 διὲκ-1,
1103 3255 1160 3306 et
1187 3247 1524 3307 temerarius
1551 3256 1707 3307 esset
1733 3249 1833 3327 qui
1858 3249 2035 3327 hujus
2062 3248 2313 3307 rationes
2340 3248 2437 3306 vel
2478 3266 2682 3307 causas
2708 3249 2871 3306 inve·-

457 3326 583 3385 nire
613 3326 804 3401 vellet,
836 3327 933 3385 vel
959 3326 1197 3387 reddere
1220 3350 1235 3403 ;
1285 3326 1401 3386 Sed
1427 3346 1544 3385 non
1573 3328 1766 3388 obstat
1792 3336 1985 3388 tamen
2006 3327 2315 3405 quominus
2340 3333 2395 3387 τὶ
2424 3327 2498 3387 ’ὅτι
2526 3327 2679 3386 clare
2700 3327 2870 3387 doce·

458 3416 590 3465 atur
613 3406 676 3464 111
709 3406 1020 3484 Scriptura,
1051 3415 1111 3466 et
1137 3426 1172 3465 a
1197 3407 1367 3465 nobis
1393 3408 1579 3466 teneri
1617 3408 1858 3469 firmiter
1884 3408 2127 3468 debeat:
2178 3408 2324 3473 ,Duo
2366 3427 2507 3486 ergo
2542 3408 2639 3466 1110
2668 3407 2872 3466 distin-

458 3486 690 3565 guenda
718 3495 868 3562 sunt,
899 3486 1142 3546 alterum
1169 3486 1327 3565 quod
1345 3488 1507 3546 Deus
1533 3487 1595 3546 in
1618 3488 1817 3547 Verbo
1845 3488 2144 3564 revelavit,
2165 3488 2409 3547 alterum
2438 3486 2597 3565 quod
2622 3487 2871 3562 celavit3

457 3566 604 3627 illud
631 3568 922 3645 aspernari
967 3587 1083 3627 non
1109 3586 1416 3647 possumus
1457 3566 1572 3626 nisi
1611 3587 1927 3645 perperam,
1957 3568 2071 3625 1100
2110 3567 2461 3645 investigare
2504 3567 2618 3626 nisi
2657 3575 2875 3626 temere

459 3646 783 3725 nequimus.
866 3648 1104 3707 Arcana
1129 3650 1276 3723 Deo,
1306 3647 1495 3725 iuquit
1527 3647 1841 3725 Scriptura,
1863 3650 1967 3707 sed
1982 3650 2231 3707 revelata
2250 3649 2403 3707 nobis
2430 3648 2635 3727 ctfiliis
2649 3648 2871 3721 nostra,

461 3728 633 3786 Dent.
654 3729 822 3787 xxix.
841 3732 938 3787 29.
984 3728 1266 3787 Revelata
1293 3727 1592 3805 negligere
1621 3735 1713 3787 est
1738 3727 1971 3805 ingrati,
2002 3726 2107 3787 sed
2133 3728 2359 3787 occulta
2377 3746 2633 3804 quaerere
2660 3737 2750 3786 est
2777 3746 2873 3785 su-

455 3805 637 3884 perbi.
734 3810 872 3866 Non
917 3808 1042 3866 idco
1082 3809 1402 3885 neqandum
1449 3816 1530 3866 est
1567 3810 1724 3883 quod
1745 3817 1828 3867 est
1864 3817 2141 3885 apertum,
2171 3808 2307 3885 quia
2347 3808 2743 3885 comprehendi
2762 3826 2875 3866 non

447 3894 636 3962 potest
660 3888 815 3961 quod
837 3896 917 3945 est
940 3890 1226 3962 occultum,
1255 3894 1323 3945 ut
1349 3886 1432 3946 ait
1461 3885 1618 3963 Aug.
2680 3944 2686 3949 .

541 3964 626 4023 X.
673 3964 874 4023 Patres
901 3975 1036 4025 ante
1063 3966 1318 4044 August.
1347 3966 1576 4042 parcius
1603 3966 1677 4025 de
1718 3967 1829 4026 1100
1856 3966 2133 4045 mysterio
2169 3966 2351 4027 locuti
2378 3975 2528 4042 sunt,
2558 3984 2675 4025 non
2718 3965 2876 4043 quod

449 4043 782 4123 judicarent
808 4044 1128 4103 doctrinam
1156 4064 1282 4104 esse
1311 4044 1540 4103 silentio
1566 4046 1955 4123 premendam,
1986 4046 2090 4106 sed
2117 4045 2255 4125 quia
2292 4066 2411 4106 non
2439 4046 2685 4105 dabatur
2711 4065 2873 4105 occa-

460 4125 546 4182 sio
574 4122 759 4182 fusius
787 4122 858 4181 de
887 4143 957 4182 ea
983 4125 1074 4183 dis
1115 4124 1336 4199 utandi,
1365 4122 1622 4182 nondum
1649 4133 1853 4184 exorta
1877 4126 2084 4186 haeresi
2114 4126 2449 4205 Pelagiana,
2472 4127 2589 4185 imo
2618 4126 2879 4185 securius

457 4201 770 4280 aliquando
796 4201 1022 4263 locutos
1049 4144 1228 4263 filiisse
1254 4210 1474 4262 eertum
1503 4212 1630 4264 est:
1673 4224 1791 4263 non
1820 4213 2013 4263 tamen
2040 4207 2191 4265 hanc
2211 4208 2515 4267 veritatem
2542 4206 2775 4283 penitus
2790 4214 2877 4265 ta-

459 4284 647 4342 cuisse
677 4280 837 4362 (nam
866 4282 1131 4360 ignorare
1158 4282 1259 4361 qui
1285 4291 1596 4360 potuerunt
1613 4283 1675 4341 in
1702 4284 1997 4363 Scriptura
2014 4306 2177 4345 sacra
2202 4293 2322 4345 tam
2341 4286 2493 4345 clare
2509 4285 2807 4363 proposita
2819 4284 2875 4361 Ρ)

457 4363 666 4441 probat
705 4360 964 4441 August.
992 4362 1094 4422 lib.
1125 4362 1197 4421 de
1243 4363 1400 4421 bono
1445 4363 1915 4440 Perseverantiae,
1962 4365 2229 4425 adductis
2274 4366 2335 4423 111
2380 4366 2537 4424 1111110
2584 4364 2761 4423 finem
2802 4384 2879 4422 ex

461 4442 790 4518 Ambrosio,
823 4442 1130 4521 Cypriane,
1163 4442 1527 4502 Nazianzeno
1557 4444 1919 4519 testimoniiS,
1950 4464 2074 4523 cap.
2110 4447 2201 4504 15.

461 4560 708 4611 Quomodo
725 4560 938 4608 Prtedes-
1065 4523 1182 4583 XI.
1229 4522 1393 4582 Licet
1414 4542 1552 4581 vero
1581 4523 1901 4583 docendam
1919 4543 2257 4584 censeamus
2280 4523 2877 4597 Praedestinationem,

519 4619 696 4663 tinnio
737 4620 802 4665 sit
858 4621 938 4664 <10-
981 4623 1096 4661 non
1123 4611 1426 4682 propterea
1453 4602 1689 4662 fibulam
1720 4603 2037 4663 curiositati
2078 4604 2348 4663 humanas
2384 4604 2697 4663 laxandam
2724 4602 2880 4661 arbi-

515 4678 678 4720 conda.
979 4692 1214 4759 tramur,
1261 4682 1364 4742 sed
1407 4702 1620 4759 magna
1662 4684 1955 4742 sobrietate
2000 4692 2052 4741 ct
2084 4680 2400 4759 prudentia
2439 4684 2535 4742 1110
2576 4702 2723 4761 opus
2750 4701 2879 4740 esse
