3300 5225
393 403 610 452 Quaes‘r.
643 383 780 466 xm]
1293 405 1372 446 m:
1403 405 1994 448 rafflnnsrimnonu.
2682 393 2793 451 331

998 546 1178 607 XVI.
1221 548 1438 608 Electio
1465 553 1664 606 nostra
1690 555 1883 625 potest
1890 548 2135 627 firniari
2147 569 2187 607 a
2196 550 2517 625 posteriori,
2536 562 2801 628 respectu

915 645 1106 685 sensus
1129 627 1312 687 nostri
1357 627 1420 685 in
1449 626 1660 702 eorde3
1706 627 1786 686 Et
1825 628 1935 686 hoe
1980 629 2153 688 sensu
2180 628 2361 687 verba
2405 629 2565 688 Petri
2588 630 2809 690 intelli..

919 706 1112 784 genda
1138 714 1289 783 sunt,
1319 707 1360 764 2
1388 707 1513 766 Pet.
1543 705 1583 767 i.
1617 709 1711 766 10.
1753 727 1932 784 quum
1976 709 2147 785 jubet
2192 708 2395 768 fideles
2440 709 2803 770 vocationem

396 807 558 847 suam
577 795 637 846 et
663 787 1002 847 electionem
1028 783 1270 862 βιέιιιῦν,
1283 788 1520 866 firmam
1543 787 1803 863 reddere,
1832 788 1971 865 quia
1994 807 2101 865 per
2114 788 2340 867 praxim
2358 790 2641 849 bonorum
2670 809 2801 868 ope-

393 887 539 943 rum,
571 875 630 926 et
657 866 1126 927 sanctificationis
1154 861 1426 940 studium,
1473 867 1689 926 veritas
1732 867 2031 926 electionis
2076 868 2263 946 magis
2290 887 2359 928 ae
2401 869 2591 946 magis
2638 870 2807 930 nobis

395 947 719 1022 innotescit,
751 955 810 1005 et
835 947 900 1004 in
925 944 1196 1006 cordibus
1221 946 1438 1005 nostris
1479 945 1881 1023 confirmatur;
1930 947 2047 1006 Sed
2072 967 2191 1007 non
2228 947 2363 1007 inde
2393 951 2652 1026 sequitur
2678 969 2805 1008 eam

395 1026 608 1086 debere
627 1026 954 1086 confirmari
979 1046 1015 1084 a
1039 1027 1234 1103 priori,
1256 1035 1314 1085 et
1329 1034 1598 1104 respectu
1611 1025 1798 1103 ipsius
1820 1027 2046 1086 consilii
2075 1027 2204 1102 Dei,
2228 1028 2385 1104 quod
2410 1039 2479 1088 ut
2491 1031 2805 1096 ἀκατίοις-ον,

395 1107 550 1165 idem
576 1125 804 1184 semper
830 1113 1040 1179 manet,
1071 1125 1180 1165 nee
1198 1105 1424 1166 irritum
1450 1105 1577 1163 fieri
1603 1113 1812 1183 potest.

475 1187 694 1247 XVII.
724 1187 863 1246 Vox
888 1181 1120 1263 ἃωμος
1145 1206 1264 1245 non
1289 1186 1616 1244 necessario
1644 1185 1890 1246 sumitur
1914 1185 2351 1263 participialiter
2367 1207 2473 1265 pro
2500 1208 2571 1248 eo
2590 1191 2693 1267 qui
2720 1209 2807 1250 re·

395 1267 670 1344 probatus
697 1275 786 1326 est
814 1287 850 1325 a
879 1267 1023 1342 Dee,
1055 1276 1114 1325 et
1141 1265 1216 1324 ad
1242 1274 1516 1325 aeternam
1542 1273 1787 1325 mortem
1814 1265 2272 1342 praedestinatae,
2324 1267 2428 1327 sed
2452 1270 2813 1328 nominaliter

395 1365 546 1423 saepe
574 1355 886 1424 usurpatur
910 1365 1016 1423 pro
1043 1346 1256 1422 inepto,
1305 1345 1592 1422 inidoneO,
1623 1347 1775 1406 sieut
1818 1345 2075 1405 vicissim
2121 1342 2319 1422 δέκαμος
2346 1347 2635 1425 significat
2678 1367 2809 1408 eum

463 611 643 656 Fontes
663 609 804 656 Solu-

541 670 746 714 tionum.

281 1451 289 1460 ·
394 1427 496 1503 qui
521 1427 716 1503 probae
743 1435 836 1485 est
859 1431 1029 1499 notae,
1053 1433 1114 1485 et
1137 1435 1309 1502 aptus
1336 1445 1404 1484 ac
1431 1425 1675 1485 idoneus
1701 1424 1776 1485 ad
1804 1445 1951 1503 opus
1978 1426 2053 1484 ad
2093 1427 2251 1504 quod
2274 1436 2536 1490 vocatur.
2620 1429 2811 1504 Quum

394 1525 534 1583 ergo
563 1505 783 1565 Paulus
809 1505 967 1579 dicit,
1003 1509 1054 1564 1.
1085 1505 1219 1564 Cor.
1247 1506 1330 1564 ix.
1359 1509 1456 1563 27.
1497 1505 1574 1565 Se
1599 1507 1941 1565 contrudere
1966 1527 2173 1583 eorpus
2206 1527 2389 1583 suum,
2432 1527 2505 1567 ne
2532 1529 2659 1567 eum
2680 1510 2813 1568 aliis

369 1581 376 1588 ”
384 1587 801 1662 proedicavem't,
829 1586 950 1663 ipse
973 1587 1294 1645 inveniatur
1316 1581 1565 1662 ἀδόκιμος,
1596 1605 1713 1644 non
1740 1587 1871 1645 vult
1894 1605 2219 1664 supponere
2246 1607 2309 1646 se
2326 1605 2496 1665 posse
2524 1607 2599 1646 ex
2628 1588 2813 1649 eleeto

285 1729 292 1736 ,
393 1665 518 1725 fieri
545 1666 870 1743 reprobum,
901 1665 1006 1725 sed
1031 1666 1222 1725 innuit
1247 1674 1472 1726 tantum
1501 1685 1562 1725 se
1589 1685 1801 1744 corpus
1828 1685 1999 1725 suum
2036 1667 2099 1724 in
2141 1667 2481 1728 servitutem
2528 1668 2811 1746 redigere,

392 1765 466 1804 ne
493 1746 570 1804 ob
594 1746 776 1806 vitam
802 1745 1250 1806 licentiosiorem
1277 1741 1510 1823 ἀδόκιμος
1535 1753 1596 1805 et
1635 1745 1713 1804 ad
1742 1746 2056 1823 Evangelii
2083 1747 2551 1824 pradicationem
2580 1747 2815 1826 ineptus

398 1824 765 1901 redderetur3
809 1825 1018 1886 alludit
1061 1825 1284 1885 seilicet
1307 1826 1384 1884 ad
1428 1827 1677 1904 pugiles,
1727 1845 1973 1903 quorum
2000 1827 2041 1884 ii
2088 1827 2190 1903 qui
2234 1827 2509 1888 desidiosi
2552 1839 2717 1889 erant
2756 1837 2816 1888 et

397 1903 552 1981 pigri
577 1923 656 1964 ex
679 1905 860 1963 nimia
897 1905 1256 1982 saginatione
1281 1906 1707 1985 rejiciebantur,
1752 1914 2028 1982 tanquam
2068 1907 2249 1985 inepti
2276 1916 2337 1968 et
2362 1909 2555 1967 minus
2581 1909 2775 1968 idonei
2800 1933 2814 1968 ε

400 1983 550 2043 adde
577 1983 736 2061 quod
763 1984 1100 2058 sollicitudq,
1141 1985 1310 2042 Pauli
1355 2005 1474 2043 non
1517 1992 1742 2062 poterat
1783 1985 2097 2062 infringere
2136 1987 2538 2047 certitudinem
2580 1987 2813 2065 decreti,

401 2083 532 2140 quae
555 2081 727 2122 usum
751 2063 1068 2124 mediorum
1099 2082 1218 2122 non
1243 2064 1518 2138 excludit,
1540 2064 1643 2123 sed
1668 2064 1933 2124 includit.
1970 2083 1977 2090 ·

485 2142 736 2203 XVIII.
779 2142 1018 2203 Electus
1045 2152 1238 2221 potest
1261 2142 1506 2203 deficere
1533 2143 1595 2202 in
1619 2163 1784 2202 eeneii
1811 2145 2003 2218 divn‘so,
2034 2164 2151 2220 qua
2188 2145 2363 2204 homo
2404 2146 2467 2202 in
2516 2165 2579 2205 se
2622 2147 2811 2207 eonsi-

402 2223 676 2283 deratus:
720 2223 824 2282 sed
847 2223 1054 2282 nonin
1095 2243 1258 2282 semu
1297 2224 1598 2299 composito
1641 2231 1925 2300 quatenus
1972 2222 2208 2301 electus,
2256 2225 2435 2284 relate
2483 2225 2559 2284 ad
2600 2226 2819 2287 decreti

403 2302 588 2361 divini
614 2303 1156 2378 immutabilitatem,
1179 2311 1240 2362 et
1267 2303 1542 2362 invictam
1575 2303 1689 2362 Dei
1714 2302 2055 2362 custodiam.

486 2383 675 2441 XIX.
717 2384 892 2441 Liber
916 2382 988 2441 de
1019 2403 1134 2460 quo
1164 2384 1361 2442 Moses
1389 2391 1550 2460 optat
1577 2382 1775 2458 deleri,
1808 2382 1999 2441 Exod.
2040 2384 2229 2443 xxxii.
2262 2387 2358 2443 32.
2400 2403 2517 2443 non
2544 2393 2637 2444 est
2681 2385 2821 2446 liber

405 2463 528 2522 vitoe
553 2472 792 2537 ceternoe,
825 2481 928 2521 seu
954 2462 1512 2540 praedestinationi83
1557 2463 1661 2522 sed
1688 2463 1827 2521 liber
1845 2464 2233 2540 providentioe,
2276 2483 2381 2523 seu
2422 2463 2553 2524 vita
2565 2483 2817 2542 praeen-

403 2543 488 2617 tr’s,
518 2551 585 2601 ιιι
611 2541 817 2602 doceat
845 2562 908 2600 se
931 2551 1096 2601 tanto
1125 2561 1265 2621 erga
1293 2543 1407 2601 Dei
1434 2543 1677 2621 gloriam
1706 2544 1849 2619 zelo,
1894 2551 1953 2602 et
1978 2551 2141 2602 tanta
2166 2543 2444 2603 charitate
2470 2563 2613 2623 erga
2638 2563 2819 2625 popu-

401 2624 524 2682 lum
565 2622 718 2697 ferri,
761 2631 828 2682 ut
863 2622 1100 2683 interitu
1141 2642 1248 2683 suo
1271 2632 1510 2699 paratus
1555 2625 1632 2683 sit
1676 2624 1959 2682 redimere
2008 2624 2187 2683 totius
2227 2625 2427 2701 populi
2468 2626 2731 2702 exitium,
2760 2636 2821 2687 et

401 2712 562 2781 optet
587 2704 782 2780 potius
807 2703 972 2779 mori,
1003 2722 1176 2779 quam
1205 2702 1532 2761 universam
1561 2703 1721 2761 illam
1749 2712 1999 2780 gentem,
2022 2703 2083 2761 in
2102 2702 2295 2762 foedus
2312 2704 2425 2763 Dei
2452 2704 2817 2783 adscriptam,

401 2790 489 2842 tot
515 2782 810 2841 miraculis
835 2782 1068 2858 claram,
1095 2802 1230 2841 cum
1258 2801 1486 2859 magna,
1516 2792 1582 2843 ut
1608 2782 1931 2859 videbatur,
1965 2783 2230 2843 Nominis
2271 2783 2456 2841 divini
2502 2784 2821 2861 ignominia

402 2863 464 2921 in
491 2862 720 2922 deserto
745 2862 973 2940 periret
1013 2862 1138 2922 Nec
1179 2861 1410 2921 difficile
1435 2872 1526 2921 est
1551 2863 1664 2921 hoc
1692 2863 1983 2941 colligere,
2012 2871 2135 2922 tum
2184 2883 2261 2923 ex
2288 2883 2359 2922 eo
2404 2864 2564 2941 quod
2603 2866 2821 2925 mentio

401 2943 470 3003 fit
493 2951 720 3002 tantum
745 2942 880 3001 libri
909 2942 1038 3018 Dei,
1071 2946 1192 3002 dele
1217 2964 1305 3002 me
1331 2946 1403 3001 de
1430 2944 1569 3002 libro
1597 2952 1709 3019 tuo,
1759 2962 1877 3002 non
1902 2944 2038 3003 libri
2064 2944 2235 3021 vitae;
2280 2952 2406 3003 tum
2434 2944 2591 3022 quod
2618 2955 2819 3007 votum

403 3023 590 3083 Mosis
615 3022 963 3100 respondere
981 3022 1156 3082 debet
1181 3042 1385 3101 poenae,
1416 3042 1589 3099 quam
1616 3023 1899 3083 adversus
1925 3024 2201 3102 populum
2231 3026 2393 3084 Deus
2418 3025 2822 3086 interminatus

403 3100 605 3177 fuerat,
637 3122 767 3179 quae
807 3102 933 3178 fuit,
965 3102 1298 3177 destructio,
1330 3111 1390 3162 et
1429 3122 1586 3162 mors
1633 3123 1925 3182 corporea,
1970 3124 2046 3163 ex
2092 3124 2151 3164 V.
2202 3108 2299 3165 10.
2340 3106 2577 3165 Dimitte
2622 3128 2729 3183 me,
2758 3118 2823 3165 ut

403 3182 690 3241 irascatur
699 3184 883 3256 fiaror
909 3202 1078 3259 meua,
1110 3192 1164 3241 et
1189 3186 1404 3241 deleam
1433 3203 1541 3258 eos,
1556 3185 1888 3261 faciamque
1916 3194 1967 3242 te
1994 3186 2053 3242 in
2073 3194 2294 3261 yentem
2320 3204 2589 3263 maqnam
2602 3210 2628 3261 ;
2656 3188 2821 3265 Ergo

403 3261 477 3321 de
505 3260 710 3322 eodem
737 3261 944 3320 mortis
971 3281 1181 3339 genere
1207 3260 1411 3321 debuit
1455 3263 1634 3341 loqui,
1666 3264 1823 3340 quod
1843 3264 2015 3322 etiam
2044 3264 2104 3323 in
2150 3264 2326 3323 simili
2354 3284 2497 3324 casu
2523 3264 2817 3345 intelligit,

406 3341 580 3399 Num.
607 3341 690 3399 xi.
726 3343 818 3399 15.
875 3342 946 3399 Si
965 3342 1046 3399 eie
1069 3360 1284 3399 meeum
1309 3343 1450 3418 aque,
1481 3345 1703 3403 obsecro
1729 3353 1795 3401 ut
1814 3344 2115 3422 interficias
2140 3364 2244 3403 me.
2288 3348 2346 3403 2.
2377 3345 2545 3405 Licet
2568 3346 2641 3405 de
2669 3348 2821 3406 libro

405 3418 544 3479 vitae
570 3420 682 3479 hoc
707 3419 1146 3497 intelligeretur,
1175 3440 1294 3479 non
1323 3422 1518 3481 statim
1543 3422 1742 3479 inferri
1790 3422 1925 3480 inde
1954 3431 2151 3500 posset
2179 3424 2499 3484 Electionis
2524 3428 2817 3486 mutabili-

405 3508 512 3575 tas,
545 3499 682 3577 quia
707 3508 910 3559 votum
939 3508 1030 3559 est
1056 3500 1216 3576 quod
1241 3501 1478 3559 tacitam
1521 3500 1699 3559 habet
1726 3501 2149 3575 conditionem,‘
2164 3504 2216 3561 si
2240 3522 2337 3562 res
2362 3504 2489 3561 fieri
2516 3514 2727 3582 posset,
2758 3516 2821 3566 et

404 3578 620 3638 faceret
645 3580 722 3638 ad
751 3580 865 3638 Dei
891 3580 1154 3657 gloriam.
1239 3580 1334 3639 Ita
1372 3598 1490 3639 non
1530 3588 1765 3639 notatur
1783 3582 1939 3653 sacti
1950 3582 2311 3656 possibilitas,
2344 3581 2447 3640 sed
2476 3585 2693 3642 aranuk
2718 3602 2817 3643 ar-

407 3660 532 3734 dor,
563 3668 622 3718 et
647 3660 795 3718 zelus
821 3667 881 3718 et
899 3660 1151 3719 charitas
1179 3678 1419 3735 summa,
1451 3679 1568 3737 qua
1592 3658 1924 3736 impellitur,
1954 3666 2021 3718 ut
2046 3661 2277 3736 proprio
2304 3660 2501 3737 exiti0,
2532 3662 2819 3743 siquidem

405 3739 516 3797 hoc
541 3738 668 3797 fieri
693 3747 906 3816 posset,
937 3739 1177 3799 fratrum
1208 3758 1438 3799 suorum
1469 3739 1713 3798 salutem
1742 3738 2023 3797 redimere
2049 3739 2257 3801 vellet:
2304 3741 2597 3816 quomodo
2624 3743 2818 3802 Chris-

405 3826 503 3878 tus
529 3827 657 3878 orat
686 3820 933 3895 Patrem,
963 3828 1032 3879 ut
1057 3838 1094 3878 a
1121 3838 1184 3879 se
1211 3827 1467 3879 transeat
1491 3818 1646 3877 calix
1672 3818 2023 3895 passionum,
2066 3838 2187 3877 non
2210 3819 2371 3897 quod
2396 3819 2507 3879 hoc
2532 3821 2659 3881 fieri
2684 3841 2817 3901 pos-

407 3907 510 3973 set,
541 3916 646 3977 per
687 3898 981 3959 decretum
1031 3900 1160 3975 Dei,
1209 3899 1312 3959 sed
1353 3908 1422 3959 ut
1467 3899 1735 3957 intimum
1784 3898 1885 3957 irae
1933 3899 2147 3957 divinae
2190 3898 2303 3957 eibi
2346 3898 2715 3978 imminentia,
2760 3912 2821 3965 et

407 3978 712 4039 dirissimae
735 3981 938 4038 mortis
968 3998 1200 4038 sensum
1244 3980 1610 4057 exprimeret.
1694 3979 1917 4038 Eodem
1962 3979 2213 4056 pertinet
2258 3986 2461 4038 votum
2490 3981 2675 4059 Pauli,
2718 3984 2821 4061 qui

405 4069 568 4135 optat
589 4061 1048 4140 anathemafieii
1067 4080 1108 4117 a
1139 4060 1362 4119 Gla-thro
1378 4078 1498 4136 pro
1523 4059 1829 4135 ῥυὲν-ῶτιν,
1864 4059 2035 4117 Rom.
2062 4059 2143 4117 ix.
2174 4062 2232 4119 3.
2272 4078 2392 4119 non
2416 4068 2487 4120 ut
2527 4078 2815 4141 separare·

405 4147 502 4197 tur
527 4158 564 4197 a
591 4140 821 4199 Christo
849 4140 1042 4218 quoad
1064 4140 1318 4217 qratiam
1358 4150 1413 4199 et
1433 4140 1798 4215 sanctitatem,
1828 4139 1987 4216 quod
2032 4158 2151 4197 non
2176 4140 2351 4199 modo
2396 4139 2524 4199 Deo
2552 4152 2706 4203 esset
2730 4144 2818 4201 in-

404 4227 654 4295 gratum,
687 4218 792 4279 sed
817 4220 1036 4298 petenti
1084 4220 1342 4298 impium,
1395 4220 1498 4278 sed
1541 4219 1737 4297 quoad
1759 4220 2007 4296 yloriam
2054 4230 2109 4279 et
2135 4220 2486 4297 felicitatem,
2532 4222 2818 4300 siquidem

403 4299 518 4359 hoc
541 4318 650 4377 per
673 4300 756 4359 rei
783 4309 1066 4374 naturam,
1097 4306 1156 4358 et
1186 4300 1298 4359 Dei
1325 4299 1685 4359 voluntatem
1711 4299 1836 4359 fieri
1860 4308 2077 4377 posset.

488 4379 644 4439 XX.
688 4379 873 4439 Aliud
900 4387 990 4439 est
1017 4379 1198 4439 delet-i
1219 4380 1470 4455 realiter,
1503 4389 1557 4438 et
1574 4380 1815 4456 positive
1853 4400 1929 4438 ex
1956 4380 2107 4439 libro
2134 4380 2289 4455 vitae',
2320 4381 2553 4457 quando
2596 4402 2815 4461 expun-

405 4462 624 4536 guntur
649 4458 750 4537 qui
777 4468 948 4519 antea
976 4460 1176 4537 scripti
1203 4460 1468 4535 fuerant3
1514 4459 1699 4518 Aliud
1728 4461 1906 4518 deleri
1932 4468 2157 4519 tantum
2195 4464 2335 4518 κατὰ
2360 4458 2519 4537 δόξαν,
2562 4472 2621 4521 et
2648 4480 2817 4539 mya-

407 4539 527 4615 tive,
580 4558 758 4616 quum
806 4539 1132 4620 declaratur
1179 4540 1431 4618 aliquem
1474 4560 1594 4598 non
1639 4559 1769 4599 esse
1816 4542 2111 4618 scriptum.
2197 4536 2385 4600 Priori
2431 4560 2605 4600 sensu
2649 4562 2818 4601 nemo

405 4618 586 4679 deleri
611 4628 805 4697 potest
831 4620 1022 4698 reipsa
1061 4637 1137 4679 ex
1177 4620 1327 4679 libro
1353 4620 1526 4695 vitoe3
1589 4620 1707 4679 Sed
1732 4620 2035 4697 posteriori
2070 4621 2389 4698 hypocritis
2432 4631 2489 4680 et
2532 4628 2819 4704 πρόσκαιρα

405 4698 586 4759 deleri
629 4700 914 4776 dicuntur,
951 4718 1132 4778 quum
1176 4700 1340 4758 larva
1381 4699 1526 4777 ipsis
1573 4699 1911 4776 detrahitur,
1950 4709 2011 4759 et
2052 4720 2129 4760 ex
2172 4700 2302 4779 ipso
2336 4710 2551 4760 eventu
2592 4714 2819 4762 constat
