3300 5225
594 262 713 321 494
1543 276 1730 319 Locus
1757 275 2062 319 ssmmus.
2643 252 2944 342 [cuins-r.
2985 280 3093 322 vr,

1520 482 1912 573 QUAEsTm
1952 495 2065 557 VI.

1288 676 1367 715 DE
1393 674 1890 717 APrAm'rromnns
1919 672 2304 716 Ananmnmt.

588 820 801 886 Quales
813 816 1039 893 ficet-int
1063 815 1409 895 Angelorum
1434 815 1836 894 appoeiabnes,
1867 825 1923 875 et
1955 834 2219 893 quamam
2255 835 2508 894 corpora
2545 819 2996 897 asmnpoen‘nt
3013 820 3052 878 ‚²

664 976 716 1035 1.
760 975 893 1035 Non
920 976 1212 1054 quaeritur,
1242 974 1345 1033 An
1371 973 1591 1056 Angeli
1616 973 1950 1035 hominibus
1975 974 2344 1053 apparuerint
2365 996 2381 1051 ς
2423 974 2598 1036 toties
2623 976 2784 1037 enim
2807 979 3038 1057 Scrip-

580 1062 712 1116 tura
736 1055 941 1115 talium
982 1076 1019 1113 a
1056 1056 1405 1133 petitionum
1447 1054 1728 1131 meminit,
1757 1074 1890 1131 qum
1916 1054 2016 1113 vel
2059 1054 2408 1115 Patriarchis
2447 1064 2584 1115 ante
2625 1056 2878 1135 Legem,
2913 1060 3036 1118 vel

582 1135 855 1195 Patribus
882 1136 991 1195 sub
1072 1154 1198 1213 ege,
1228 1134 1327 1194 vel
1352 1135 1568 1194 sanctis
1594 1134 1926 1194 hominibus
1953 1135 2015 1193 in
2043 1134 2118 1194 N.
2147 1134 2324 1209 Test.,
2343 1133 2620 1194 exhibitae
2645 1136 2914 1213 fuerunt,
2953 1150 3032 1198 ut

580 1224 749 1275 extra
776 1234 1003 1275 omnem
1032 1214 1409 1275 dubitationis
1436 1214 1623 1273 aleam
1649 1214 1761 1273 hoc
1801 1214 2054 1293 positum
2082 1214 2196 1290 sit;
2243 1213 2362 1273 Sed
2387 1214 2589 1292 quales
2622 1215 2848 1276 fuerint
2875 1219 3025 1278 isti-

578 1294 809 1390 usmodi
834 1294 1237 1373 apparitiones,
1268 1304 1328 1355 et
1352 1294 1549 1372 qualia
1575 1314 1833 1372 corpora,
1865 1314 1995 1372 quoe
2021 1292 2097 1353 ab
2125 1293 2376 1371 Angelis
2417 1304 2715 1374 assumpta
2741 1306 2908 1374 sunt,
2945 1307 3024 1359 ut

580 1394 643 1433 m
660 1396 747 1514 ff
771 1383 1365 1531 affiaprliggsltlegimus
1406 1456 1800 1527 ὢῃιλοφωώς
1824 1476 1840 1531 ;
1901 1451 2198 1529 Quaedsm,
2227 1472 2358 1533 ques
2397 1454 2460 1512 in
2497 1454 2713 1514 somnio
2751 1456 3012 1533 fiebant,

577 1534 767 1612 qualis
794 1535 839 1595 J
841 1534 1023 1593 scobe
1050 1533 1296 1611 contigit
1321 1534 1384 1593 in
1408 1534 1634 1593 visione
1664 1533 1834 1593 scslae
1860 1533 2140 1611 mystieae,
2173 1534 2212 1567 ‘⁴
2231 1553 2335 1611 per
2353 1552 2528 1613 quam
2553 1534 2706 1594 vidit
2721 1535 3014 1613 Angelos

578 1613 955 1673 ascendentes
995 1620 1057 1671 et
1095 1611 1571 1689 descendentes,”
1603 1612 1754 1673 Gen..
1795 1612 2004 1672 xxviii.
2037 1615 2152 1688 123
2195 1613 2240 1673 J
2241 1614 2475 1693 oseph0,
2519 1614 2614 1673 cui
2657 1617 2694 1649 “
2715 1614 3010 1692 Angelus

580 1693 819 1752 Domini
858 1691 1123 1769 apparuit
1162 1692 1225 1749 in
1263 1692 1549 1768 somnio,''
1576 1690 1756 1752 Matt.
1797 1692 1837 1751 i.
1879 1693 1997 1769 203
2057 1700 2122 1751 et
2150 1692 2352 1768 Paule,
2384 1695 2422 1729 ‘⁴
2441 1694 2537 1753 cui
2561 1702 2731 1753 nocte
2759 1694 3008 1755 adstitit

580 1772 851 1850 Angelus
880 1771 995 1831 Dei
1022 1771 1238 1848 dicens,
1271 1772 1361 1831 Ne
1404 1780 1597 1831 metue
1638 1771 1880 1847 Paule,”
1909 1771 2048 1831 Act.
2082 1772 2270 1831 xxvii.
2299 1776 2396 1835 23.
2479 1772 2633 1832 Aliae
2674 1774 2738 1831 in
2775 1775 3002 1834 υὶςὶωιε

577 1871 733 1911 mere
762 1852 1025 1927 extatica,
1056 1851 1258 1929 quales
1284 1850 1618 1929 obtigerunt
1638 1871 1791 1931 saepe
1816 1851 2121 1930 Prophetis
2141 1860 2200 1912 et
2219 1853 2264 1914 J
2265 1851 2480 1911 ohanni
2505 1853 2568 1911 in
2585 1853 2959 1933 Apocalypsi
2977 1877 2999 1931 ς

578 1931 696 1991 Vel
721 1931 782 1988 in
812 1930 1013 1991 assiam
1049 1932 1306 2006 sensibili,
1336 1940 1397 1991 et
1436 1927 1726 2010 ejusmodi
1751 1931 1942 2011 specie
1981 1950 2114 2011 quse
2139 1932 2202 1990 in
2243 1932 2442 1992 oculos
2489 1932 2822 2010 incurreret,
2853 1955 2996 2011 quoe

576 2010 911 2071 videntibus
934 2019 997 2071 et
1017 2010 1397 2089 vigilantibus
1416 2010 1748 2073 hominibus
1768 2010 2198 2089 contingebant,
2221 2011 2423 2091 quales
2442 2011 2674 2089 fuerunt
2693 2014 2996 2091 pleneque

576 2091 963 2168 apparitiones
993 2090 1343 2151 Patr-iambis
1370 2091 1666 2153 exhibitis.
1748 2090 1822 2150 In
1848 2091 2050 2170 primis
2076 2090 2530 2169 apparitionibus
2554 2112 2672 2151 non
2699 2112 2847 2171 opus
2875 2092 2994 2153 fuit

576 2169 967 2248 assumptione
996 2190 1315 2249 corporum,
1344 2170 1483 2249 quia
1507 2190 1612 2249 per
1636 2169 1958 2249 simplicem
1984 2176 2333 2252 mpura-»dv
2352 2172 2496 2231 citra
2515 2172 2713 2231 formae
2732 2172 2989 2251 alicujus

578 2249 1111 2310 determinationem
1138 2250 1417 2311 revelatio
1442 2248 1569 2311 fieri
1594 2252 1818 2330 potnit3
1863 2270 1972 2309 nec
2012 2252 2186 2310 etiam
2226 2251 2289 2309 in
2315 2251 2638 2311 visionibus
2669 2252 2982 2329 extaticis3

582 2329 702 2389 Sed
726 2330 791 2389 in
816 2330 964 2407 aliis,
995 2350 1236 2407 corpora
1260 2330 1335 2391 ab
1362 2328 1506 2409 ipsis
1532 2329 1750 2391 assumi
1775 2330 2115 2406 debuerunt,
2144 2338 2213 2390 ut
2239 2330 2348 2391 sub
2377 2332 2566 2410 specie
2587 2332 2850 2391 sensibili
2874 2332 2982 2391 ho·

574 2409 829 2503 minibus
856 2418 1212 2503 apparerent,
1240 2418 1303 2469 et
1330 2408 1402 2470 de
1429 2410 1558 2470 istis
1584 2410 1949 2488 potissimum
1977 2410 2288 2488 qussi-itum
2332 2409 2434 2469 An
2460 2430 2600 2471 vera
2623 2430 2866 2489 corpora
2905 2412 2981 2471 ab

574 2489 1312 2646 lpsllfissgffidugllinein
1326 2487 1799 2649 eigg'utssnggpssus
1825 2566 2206 2648 apparebant,
2221 2588 2331 2630 nec
2359 2577 2522 2630 erant
2539 2569 2734 2630 inania
2753 2578 2979 2648 spectra

572 2656 637 2708 et
662 2650 1081 2728 phantasmata,
1111 2650 1322 2727 quibus
1348 2649 1690 2718 hominibus·
1704 2648 2032 2725 illuderent,
2059 2669 2168 2709 nee
2195 2667 2436 2727 corpora
2458 2649 2691 2727 propria
2715 2649 2828 2710 sibi
2865 2651 2973 2728 hy-

574 2729 857 2806 postatice
903 2730 1083 2806 unita,
1116 2729 1221 2789 sed
1264 2729 1599 2790 oeconontae‘ca
1645 2737 1706 2789 et
1751 2728 2097 2804 mumatitis,
2125 2749 2204 2788 ex
2253 2728 2366 2787 Dei
2399 2730 2752 2808 praescripto,
2793 2729 2976 2790 libers

575 2809 892 2886 voluntate,
920 2809 1241 2886 ministerii,
1265 2809 1422 2887 quod
1447 2809 1589 2887 ipsis
1608 2807 2082 2885 demandabamr,
2099 2808 2416 2887 peragendi
2439 2810 2630 2887 gretia
2654 2809 2732 2868 ad
2749 2818 2974 2888 tempus

572 2908 773 2948 assum
812 2897 891 2949 ta.
2477 2905 2486 2914 ’

658 2910 1020 3042 IV.PQualia
1046 2977 1239 3027 autem
1266 2966 1369 3025 illa
1392 2965 1621 3044 fuerint,
1652 2974 1712 3027 et
1751 2965 1906 3027 unde
1935 2976 2245 3046 assumpta,
2275 2967 2378 3026 An
2415 2987 2493 3027 ex
2533 2967 2732 3046 nihilo,
2761 2967 2860 3028 vel
2895 2987 2970 3028 ex

574 3047 816 3106 materia
860 3046 1057 3124 aliqua
1101 3046 1446 3124 praejacente
1472 3045 1577 3106 sed
1622 3045 1882 3124 inhabili,
1927 3047 2177 3125 condita,
2207 3047 2308 3106 An
2350 3067 2427 3107 ex
2467 3047 2818 3108 condensato
2841 3055 2970 3108 aere

574 3134 772 3204 aptate
796 3134 856 3185 et
882 3134 1299 3203 coagmentata,
1332 3125 1433 3183 An
1458 3145 1599 3186 vero
1626 3146 1704 3186 ex
1731 3126 1846 3185 alia
1871 3127 2068 3206 aliqua.
2093 3127 2333 3187 materia
2351 3135 2665 3206 compacta,
2685 3128 2968 3188 curiosum

572 3213 667 3297 est
692 3224 964 3283 quarere,
984 3214 1043 3265 et
1068 3205 1433 3266 temerarium
1458 3205 1756 3285 Scriptura
1780 3215 2006 3300 tecente
2021 3207 2279 3285 definire,
2301 3214 2362 3267 et
2387 3207 2569 3267 satius
2595 3217 2684 3268 est
2711 3207 2969 3285 ignorare

572 3304 1200 3444 meffrifndrxssecdlrffi
1214 3285 2097 3445 sffgtssssgcggpffisumpgffgge,
2127 3365 2252 3426 sive
2279 3386 2350 3426 ea
2374 3365 2449 3426 de
2472 3386 2630 3426 novo
2656 3329 2704 3426 a.
2721 3365 2848 3426 Deo
2867 3365 2964 3426 im-

572 3444 823 3505 mediate
850 3445 1083 3506 condits
1108 3446 1336 3522 fuerint,
1368 3446 1493 3506 sive
1520 3446 1736 3506 fuerint
1759 3465 2000 3524 corpora
2039 3445 2338 3506 hominum
2365 3446 2686 3507 viventium
2706 3445 2831 3526 jem
2871 3468 2966 3506 ex·

572 3523 823 3601 istentia,
852 3526 915 3584 in
942 3545 1071 3604 quae
1100 3524 1321 3605 delapsi
1346 3526 1603 3586 actiones
1642 3525 1926 3603 quasdam
1961 3526 2344 3585 oeconomicas
2381 3535 2742 3604 peragerent,
2769 3546 2968 3586 averse

572 3605 855 3684 tantisper
878 3626 1079 3666 eorum
1118 3625 1363 3684 quorum
1404 3614 1569 3667 erant
1606 3603 1928 3684 phantasia,
1961 3612 2029 3664 ut
2067 3605 2180 3683 ipsi
2219 3605 2522 3681 nescirent,
2552 3604 2696 3683 quid
2723 3605 2785 3663 in
2811 3625 2873 3665 se
2911 3615 2966 3666 et

570 3703 675 3762 per
702 3705 765 3745 se
790 3685 971 3760 fieret,
1000 3685 1203 3762 negari
1228 3705 1345 3744 non
1372 3693 1600 3764 potest3
1644 3683 2112 3823 efflorationes
2139 3684 2502 3762 Angelorum
2528 3685 2592 3744 in
2616 3685 2746 3744 istis
2771 3705 2961 3762 corpo·

571 3763 749 3840 ribus,
780 3773 839 3824 et
866 3765 1155 3842 colloquia
1192 3784 1323 3842 quae
1366 3765 1511 3842 ipsis
1550 3765 1670 3824 inte
1808 3763 1982 3822 ebant
2021 3781 2155 3823 cnm
2188 3765 2536 3842 hominibus,
2565 3773 2626 3824 et
2651 3765 2960 3842 convictus,

573 3843 715 3902 satis
741 3851 1065 3922 testantur-3
1110 3844 1201 3902 Ne
1226 3844 1415 3904 dicam
1444 3852 1772 3904 anctorum
1799 3843 2074 3902 Virorum
2101 3862 2307 3904 sensus
2334 3861 2535 3903 omnes
2559 3845 2710 3904 bene
2728 3843 2962 3921 disposi-

571 3930 681 3997 tos,
712 3942 821 3981 nec
846 3922 971 3981 ulla
994 3942 1147 3982 vana
1171 3923 1583 4002 imaginatione
1609 3923 1844 3983 delusos
1870 3922 1982 3982 hoc
2009 3923 2335 4001 agnovisse,
2363 3923 2448 3984 ita
2471 3933 2538 3984 ut
2562 3943 2668 4002 pro
2695 3923 2848 3983 veris
2866 3923 2960 3984 ho·

572 4000 827 4060 minibus
852 4020 970 4060 non
998 4004 1175 4061 semel
1200 4003 1386 4062 habiti
1412 4002 1546 4062 sint.

654 4080 766 4139 VI.
810 4079 907 4140 Its
948 4087 1141 4141 tamen
1180 4081 1333 4142 uniti
1378 4089 1543 4140 erant
1578 4080 1698 4139 illis
1737 4081 2089 4159 corporibus,
2117 4089 2186 4143 ut
2209 4091 2512 4162 propterea
2547 4081 2810 4143 homines
2835 4101 2962 4143 vere

570 4155 691 4218 dici
716 4179 833 4219 non
858 4161 1165 4238 potuerint,
1196 4161 1334 4238 quia
1360 4161 1491 4219 unio
1516 4179 1635 4219 non
1660 4168 1788 4220 erat
1799 4164 2124 4238 person-hb
2149 4171 2210 4223 et
2233 4164 2473 4239 irata-na,
2503 4163 2692 4240 qualis
2717 4171 2809 4223 est
2845 4163 2954 4222 eni·

572 4259 683 4298 mse
710 4247 769 4298 et
795 4239 1067 4318 corporis,
1098 4238 1203 4299 sed
1229 4249 1467 4299 externa
1504 4249 1565 4299 et
1590 4240 1964 4316 accidmtalis,
1993 4240 2072 4301 ad
2095 4243 2332 4303 modum
2343 4245 2677 4318 formarum
2713 4243 2955 4302 maeten-

569 4319 725 4396 tium,
745 4319 821 4379 ad
840 4339 903 4378 se
923 4318 1391 4396 manifestandos,
1408 4327 1477 4380 ut
1494 4327 1748 4380 motores
1772 4321 2051 4381 uniuntur
2063 4320 2283 4399 mobili,
2301 4341 2543 4402 corpora
2567 4323 2670 4382 illa
2695 4331 2956 4400 tanquam

569 4407 765 4460 vestes
784 4396 1077 4458 induendo
1095 4406 1158 4459 et
1177 4399 1533 4478 deponendo,
1555 4408 1623 4460 ut
1642 4400 1726 4460 ait
1743 4400 1998 4480 Δωρικὰ,
2011 4400 2224 4478 quibus
2243 4409 2542 4463 uterentur
2557 4401 2636 4462 ad
2653 4401 2956 4462 ministeria

568 4499 693 4556 sun,
711 4499 831 4541 non
856 4488 1131 4557 tanquam
1157 4479 1562 4557 compartibus,
1582 4477 1688 4540 sed
1711 4488 1780 4540 ut
1793 4481 2192 4541 instrumentis
2218 4481 2294 4540 ad
2313 4501 2462 4561 opus
2481 4501 2652 4542 suum
2677 4501 2954 4559 exequen-

568 4557 727 4620 dum.
812 4560 878 4622 Si
904 4579 1045 4638 ergo
1070 4567 1351 4620 vocantur
1364 4579 1521 4622 :am
1538 4579 1641 4634 seu
1660 4560 1788 4637 viri,
1809 4559 1874 4621 id
1891 4561 1958 4622 fit
1983 4564 2122 4620 aava)
2147 4557 2307 4640 δόξαν,
2327 4571 2386 4622 et
2411 4571 2648 4641 propter
2671 4569 2953 4622 externam
