<?xml version="1.0" encoding="UTF-8"?>
<!DOCTYPE html PUBLIC "-//W3C//DTD XHTML 1.0 Transitional//EN"
    "http://www.w3.org/TR/xhtml1/DTD/xhtml1-transitional.dtd">
<html xmlns="http://www.w3.org/1999/xhtml" xml:lang="en" lang="en">
 <head>
  <title>
</title>
<meta http-equiv="Content-Type" content="text/html;charset=utf-8" />
  <meta name='ocr-system' content='tesseract 3.04.00' />
  <meta name='ocr-capabilities' content='ocr_page ocr_carea ocr_par ocr_line ocrx_word'/>
</head>
<body>
  <div class='ocr_page' id='page_1' title='image "./institutiotheol00turrgoog_0578.png"; bbox 0 0 3300 5225; ppageno 0'>
   <div class='ocr_carea' id='block_1_1' title="bbox 520 285 2936 367">
    <p class='ocr_par' dir='ltr' id='par_1_1' title="bbox 520 285 2936 367">
     <span class='ocr_line' id='line_1_1' title="bbox 520 285 2936 367; baseline -0.002 -12"><span class='ocrx_word' id='word_1_1' title='bbox 520 297 635 355; x_wconf 77' lang='lat'><strong>526</strong></span> <span class='ocrx_word' id='word_1_2' title='bbox 1472 308 1656 351; x_wconf 78' lang='lat' dir='ltr'><strong>Locus</strong></span> <span class='ocrx_word' id='word_1_3' title='bbox 1683 306 1970 350; x_wconf 73' lang='lat' dir='ltr'><strong>eor-Avus.</strong></span> <span class='ocrx_word' id='word_1_4' title='bbox 2551 285 2808 367; x_wconf 64' lang='lat' dir='ltr'><strong>[Quffisr.</strong></span> <span class='ocrx_word' id='word_1_5' title='bbox 2841 306 2936 349; x_wconf 83' lang='lat' dir='ltr'><strong>vr.</strong></span> 
     </span>
    </p>
   </div>
   <div class='ocr_carea' id='block_1_2' title="bbox 496 446 2939 4666">
    <p class='ocr_par' dir='ltr' id='par_1_2' title="bbox 496 446 2939 909">
     <span class='ocr_line' id='line_1_2' title="bbox 524 446 2939 527; baseline -0.003 -14"><span class='ocrx_word' id='word_1_6' title='bbox 524 453 653 513; x_wconf 87' lang='lat' dir='ltr'><strong>Lex</strong></span> <span class='ocrx_word' id='word_1_7' title='bbox 699 450 1006 527; x_wconf 77' lang='lat' dir='ltr'><strong>utrobique</strong></span> <span class='ocrx_word' id='word_1_8' title='bbox 1047 448 1239 527; x_wconf 87' lang='lat' dir='ltr'><strong>quoad</strong></span> <span class='ocrx_word' id='word_1_9' title='bbox 1278 449 1700 509; x_wconf 74' lang='lat' dir='ltr'><strong>substantiam:</strong></span> <span class='ocrx_word' id='word_1_10' title='bbox 1741 448 1903 525; x_wconf 89' lang='lat' dir='ltr'><strong>prius</strong></span> <span class='ocrx_word' id='word_1_11' title='bbox 1940 454 2103 525; x_wconf 88' lang='lat' dir='ltr'><strong>patet</strong></span> <span class='ocrx_word' id='word_1_12' title='bbox 2141 466 2218 505; x_wconf 86' lang='lat' dir='ltr'><strong>ex</strong></span> <span class='ocrx_word' id='word_1_13' title='bbox 2261 446 2454 506; x_wconf 82' lang='lat' dir='ltr'><strong>Levit.</strong></span> <span class='ocrx_word' id='word_1_14' title='bbox 2493 446 2660 505; x_wconf 80' lang='lat' dir='ltr'><strong>xviii.</strong></span> <span class='ocrx_word' id='word_1_15' title='bbox 2703 451 2760 523; x_wconf 88' lang='lat'><strong>5,</strong></span> <span class='ocrx_word' id='word_1_16' title='bbox 2811 448 2939 515; x_wconf 73' lang='lat' dir='ltr'><strong>Qui</strong></span> 
     </span>
     <span class='ocr_line' id='line_1_3' title="bbox 496 526 2932 608; baseline -0.002 -15"><span class='ocrx_word' id='word_1_17' title='bbox 496 532 711 608; x_wconf 75' lang='lat' dir='ltr'><strong>fecerit</strong></span> <span class='ocrx_word' id='word_1_18' title='bbox 745 532 869 605; x_wconf 74' lang='lat' dir='ltr'><strong>ista,</strong></span> <span class='ocrx_word' id='word_1_19' title='bbox 898 531 1042 589; x_wconf 75' lang='lat' dir='ltr'><strong>vivet</strong></span> <span class='ocrx_word' id='word_1_20' title='bbox 1079 531 1139 589; x_wconf 72' lang='lat' dir='ltr'><strong>in</strong></span> <span class='ocrx_word' id='word_1_21' title='bbox 1165 530 1273 589; x_wconf 69' lang='lat' dir='ltr'><strong>illis</strong></span> <span class='ocrx_word' id='word_1_22' title='bbox 1288 554 1313 602; x_wconf 92' lang='lat'><em>;</em></span> <span class='ocrx_word' id='word_1_23' title='bbox 1344 530 1514 589; x_wconf 86' lang='lat' dir='ltr'><strong>Matt.</strong></span> <span class='ocrx_word' id='word_1_24' title='bbox 1544 528 1674 589; x_wconf 80' lang='lat' dir='ltr'><strong>xix.</strong></span> <span class='ocrx_word' id='word_1_25' title='bbox 1707 530 1800 603; x_wconf 89' lang='lat'><strong>16,</strong></span> <span class='ocrx_word' id='word_1_26' title='bbox 1835 532 1928 603; x_wconf 84' lang='lat'><strong>17,</strong></span> <span class='ocrx_word' id='word_1_27' title='bbox 1959 527 2028 587; x_wconf 80' lang='lat' dir='ltr'><strong>Si</strong></span> <span class='ocrx_word' id='word_1_28' title='bbox 2050 526 2132 585; x_wconf 58' lang='lat' dir='ltr'><strong>vtis</strong></span> <span class='ocrx_word' id='word_1_29' title='bbox 2159 526 2378 585; x_wconf 59' lang='lat' dir='ltr'><strong>inwarc</strong></span> <span class='ocrx_word' id='word_1_30' title='bbox 2413 527 2474 585; x_wconf 78' lang='lat' dir='ltr'><strong>in</strong></span> <span class='ocrx_word' id='word_1_31' title='bbox 2512 527 2701 603; x_wconf 73' lang='lat' dir='ltr'><strong>vitam,</strong></span> <span class='ocrx_word' id='word_1_32' title='bbox 2729 528 2932 587; x_wconf 89' lang='lat' dir='ltr'><strong>nimir.</strong></span> 
     </span>
     <span class='ocr_line' id='line_1_4' title="bbox 516 605 2932 685; baseline -0.002 -13"><span class='ocrx_word' id='word_1_33' title='bbox 516 612 826 685; x_wconf 86' lang='lat' dir='ltr'><strong>coelestem,</strong></span> <span class='ocrx_word' id='word_1_34' title='bbox 856 630 1022 669; x_wconf 80' lang='lat' dir='ltr'><strong>serva</strong></span> <span class='ocrx_word' id='word_1_35' title='bbox 1048 612 1339 684; x_wconf 77' lang='lat' dir='ltr'><strong>mandata,</strong></span> <span class='ocrx_word' id='word_1_36' title='bbox 1371 617 1429 668; x_wconf 89' lang='lat' dir='ltr'><strong>et</strong></span> <span class='ocrx_word' id='word_1_37' title='bbox 1468 609 1638 668; x_wconf 87' lang='lat' dir='ltr'><strong>Rom.</strong></span> <span class='ocrx_word' id='word_1_38' title='bbox 1668 608 1769 667; x_wconf 85' lang='lat' dir='ltr'><strong>vii.</strong></span> <span class='ocrx_word' id='word_1_39' title='bbox 1805 610 1896 683; x_wconf 89' lang='grc'><strong>10,</strong></span> <span class='ocrx_word' id='word_1_40' title='bbox 1938 608 2294 682; x_wconf 69' lang='lat' dir='ltr'><strong>Proecepmm</strong></span> <span class='ocrx_word' id='word_1_41' title='bbox 2335 605 2551 667; x_wconf 82' lang='lat' dir='ltr'><strong>dicitur</strong></span> <span class='ocrx_word' id='word_1_42' title='bbox 2571 626 2685 667; x_wconf 69' lang='lat' dir='ltr'><strong>esse</strong></span> <span class='ocrx_word' id='word_1_43' title='bbox 2727 611 2932 667; x_wconf 73' lang='lat' dir='ltr'><strong>datum</strong></span> 
     </span>
     <span class='ocr_line' id='line_1_5' title="bbox 513 686 2926 767; baseline -0.002 -16"><span class='ocrx_word' id='word_1_44' title='bbox 513 694 600 751; x_wconf 83' lang='lat' dir='ltr'><strong>ad</strong></span> <span class='ocrx_word' id='word_1_45' title='bbox 621 692 807 763; x_wconf 81' lang='lat' dir='ltr'><strong>vitam,</strong></span> <span class='ocrx_word' id='word_1_46' title='bbox 838 708 957 747; x_wconf 90' lang='lat' dir='ltr'><strong>non</strong></span> <span class='ocrx_word' id='word_1_47' title='bbox 983 689 1183 766; x_wconf 89' lang='lat' dir='ltr'><strong>utique</strong></span> <span class='ocrx_word' id='word_1_48' title='bbox 1232 697 1535 762; x_wconf 87' lang='lat' dir='ltr'><strong>terrenam,</strong></span> <span class='ocrx_word' id='word_1_49' title='bbox 1588 687 1693 747; x_wconf 87' lang='lat' dir='ltr'><strong>sed</strong></span> <span class='ocrx_word' id='word_1_50' title='bbox 1736 687 2047 747; x_wconf 87' lang='lat' dir='ltr'><strong>coelestem.</strong></span> <span class='ocrx_word' id='word_1_51' title='bbox 2133 686 2280 745; x_wconf 87' lang='lat' dir='ltr'><strong>Cum</strong></span> <span class='ocrx_word' id='word_1_52' title='bbox 2329 704 2468 746; x_wconf 85' lang='lat' dir='ltr'><strong>vere</strong></span> <span class='ocrx_word' id='word_1_53' title='bbox 2513 696 2646 764; x_wconf 88' lang='lat' dir='ltr'><strong>pest</strong></span> <span class='ocrx_word' id='word_1_54' title='bbox 2689 687 2926 767; x_wconf 81' lang='lat' dir='ltr'><strong>lapsum</strong></span> 
     </span>
     <span class='ocr_line' id='line_1_6' title="bbox 514 765 2925 847; baseline -0.001 -18"><span class='ocrx_word' id='word_1_55' title='bbox 514 770 643 829; x_wconf 83' lang='lat' dir='ltr'><strong>Lex</strong></span> <span class='ocrx_word' id='word_1_56' title='bbox 670 770 959 829; x_wconf 88' lang='lat' dir='ltr'><strong>neminem</strong></span> <span class='ocrx_word' id='word_1_57' title='bbox 985 768 1169 845; x_wconf 78' lang='lat' dir='ltr'><strong>possit</strong></span> <span class='ocrx_word' id='word_1_58' title='bbox 1202 767 1561 845; x_wconf 78' lang='lat' dir='ltr'><strong>justificare3</strong></span> <span class='ocrx_word' id='word_1_59' title='bbox 1604 766 1930 827; x_wconf 84' lang='lat' dir='ltr'><strong>necessarie</strong></span> <span class='ocrx_word' id='word_1_60' title='bbox 1971 767 2034 825; x_wconf 91' lang='lat' dir='ltr'><strong>in</strong></span> <span class='ocrx_word' id='word_1_61' title='bbox 2081 765 2314 827; x_wconf 85' lang='lat' dir='ltr'><strong>Adame</strong></span> <span class='ocrx_word' id='word_1_62' title='bbox 2355 766 2582 843; x_wconf 82' lang='lat' dir='ltr'><strong>integre</strong></span> <span class='ocrx_word' id='word_1_63' title='bbox 2622 768 2748 827; x_wconf 75' lang='lat' dir='ltr'><strong>haec</strong></span> <span class='ocrx_word' id='word_1_64' title='bbox 2787 787 2925 847; x_wconf 86' lang='lat' dir='ltr'><strong>pro-</strong></span> 
     </span>
     <span class='ocr_line' id='line_1_7' title="bbox 511 847 1271 909; baseline -0.007 0"><span class='ocrx_word' id='word_1_65' title='bbox 511 850 711 909; x_wconf 78' lang='lat' dir='ltr'>missio</span> <span class='ocrx_word' id='word_1_66' title='bbox 738 849 931 908; x_wconf 90' lang='lat' dir='ltr'><strong>lecum</strong></span> <span class='ocrx_word' id='word_1_67' title='bbox 956 847 1271 908; x_wconf 75' lang='lat' dir='ltr'><strong>habuisset.</strong></span> 
     </span>
    </p>

    <p class='ocr_par' dir='ltr' id='par_1_3' title="bbox 502 924 2925 1879">
     <span class='ocr_line' id='line_1_8' title="bbox 590 924 2925 1003; baseline -0.002 -15"><span class='ocrx_word' id='word_1_68' title='bbox 590 928 667 988; x_wconf 90' lang='lat' dir='ltr'><strong>V.</strong></span> <span class='ocrx_word' id='word_1_69' title='bbox 716 927 999 1002; x_wconf 80' lang='lat' dir='ltr'><strong>Secunde,</strong></span> <span class='ocrx_word' id='word_1_70' title='bbox 1032 927 1401 990; x_wconf 84' lang='lat' dir='ltr'><strong>confirmatur</strong></span> <span class='ocrx_word' id='word_1_71' title='bbox 1426 946 1503 985; x_wconf 88' lang='lat' dir='ltr'><strong>ex</strong></span> <span class='ocrx_word' id='word_1_72' title='bbox 1530 946 1617 1003; x_wconf 89' lang='lat' dir='ltr'><strong>ee,</strong></span> <span class='ocrx_word' id='word_1_73' title='bbox 1647 925 1806 1003; x_wconf 90' lang='lat' dir='ltr'><strong>quod</strong></span> <span class='ocrx_word' id='word_1_74' title='bbox 1829 925 2094 985; x_wconf 84' lang='lat' dir='ltr'><strong>Christus</strong></span> <span class='ocrx_word' id='word_1_75' title='bbox 2120 924 2302 983; x_wconf 86' lang='lat' dir='ltr'><strong>vitam</strong></span> <span class='ocrx_word' id='word_1_76' title='bbox 2330 933 2602 985; x_wconf 71' lang='lat' dir='ltr'><strong>veternam</strong></span> <span class='ocrx_word' id='word_1_77' title='bbox 2630 934 2690 985; x_wconf 91' lang='lat' dir='ltr'><strong>et</strong></span> <span class='ocrx_word' id='word_1_78' title='bbox 2717 926 2925 985; x_wconf 79' lang='lat' dir='ltr'><strong>coeles-</strong></span> 
     </span>
     <span class='ocr_line' id='line_1_9' title="bbox 508 1004 2922 1085; baseline -0.001 -18"><span class='ocrx_word' id='word_1_79' title='bbox 508 1015 643 1085; x_wconf 89' lang='lat' dir='ltr'><strong>tem,</strong></span> <span class='ocrx_word' id='word_1_80' title='bbox 675 1028 850 1085; x_wconf 87' lang='lat' dir='ltr'><strong>quam</strong></span> <span class='ocrx_word' id='word_1_81' title='bbox 875 1007 1043 1067; x_wconf 89' lang='lat' dir='ltr'><strong>nobis</strong></span> <span class='ocrx_word' id='word_1_82' title='bbox 1072 1006 1309 1082; x_wconf 82' lang='lat' dir='ltr'><strong>confert,</strong></span> <span class='ocrx_word' id='word_1_83' title='bbox 1338 1025 1456 1065; x_wconf 90' lang='lat' dir='ltr'><strong>non</strong></span> <span class='ocrx_word' id='word_1_84' title='bbox 1483 1006 1652 1065; x_wconf 87' lang='lat' dir='ltr'><strong>aliter</strong></span> <span class='ocrx_word' id='word_1_85' title='bbox 1678 1005 2004 1083; x_wconf 83' lang='lat' dir='ltr'><strong>acquisivit,</strong></span> <span class='ocrx_word' id='word_1_86' title='bbox 2035 1024 2209 1082; x_wconf 86' lang='lat' dir='ltr'><strong>quam</strong></span> <span class='ocrx_word' id='word_1_87' title='bbox 2229 1004 2366 1082; x_wconf 88' lang='lat' dir='ltr'><strong>quia</strong></span> <span class='ocrx_word' id='word_1_88' title='bbox 2391 1004 2578 1065; x_wconf 89' lang='lat' dir='ltr'><strong>factus</strong></span> <span class='ocrx_word' id='word_1_89' title='bbox 2605 1005 2716 1065; x_wconf 86' lang='lat' dir='ltr'><strong>sub</strong></span> <span class='ocrx_word' id='word_1_90' title='bbox 2737 1005 2922 1083; x_wconf 87' lang='lat' dir='ltr'><strong>Lege,</strong></span> 
     </span>
     <span class='ocr_line' id='line_1_10' title="bbox 511 1084 2924 1165; baseline -0.002 -16"><span class='ocrx_word' id='word_1_91' title='bbox 511 1088 691 1165; x_wconf 86' lang='lat' dir='ltr'><strong>Legis</strong></span> <span class='ocrx_word' id='word_1_92' title='bbox 718 1084 971 1163; x_wconf 68' lang='grc' dir='ltr'><strong>δαιιάιμι</strong></span> <span class='ocrx_word' id='word_1_93' title='bbox 1008 1106 1113 1165; x_wconf 88' lang='lat' dir='ltr'><strong>pre</strong></span> <span class='ocrx_word' id='word_1_94' title='bbox 1140 1086 1310 1147; x_wconf 88' lang='lat' dir='ltr'><strong>nobis</strong></span> <span class='ocrx_word' id='word_1_95' title='bbox 1350 1086 1630 1163; x_wconf 84' lang='lat' dir='ltr'><strong>implevit,</strong></span> <span class='ocrx_word' id='word_1_96' title='bbox 1665 1086 1834 1145; x_wconf 87' lang='lat' dir='ltr'><strong>Rom.</strong></span> <span class='ocrx_word' id='word_1_97' title='bbox 1864 1084 1986 1144; x_wconf 84' lang='lat' dir='ltr'><strong>viii.</strong></span> <span class='ocrx_word' id='word_1_98' title='bbox 2016 1088 2072 1159; x_wconf 81' lang='lat'><strong>4,</strong></span> <span class='ocrx_word' id='word_1_99' title='bbox 2105 1084 2238 1143; x_wconf 85' lang='lat' dir='ltr'><strong>Gal.</strong></span> <span class='ocrx_word' id='word_1_100' title='bbox 2267 1084 2348 1143; x_wconf 83' lang='lat' dir='ltr'><strong>iv.</strong></span> <span class='ocrx_word' id='word_1_101' title='bbox 2379 1086 2434 1161; x_wconf 79' lang='lat'><strong>5,</strong></span> <span class='ocrx_word' id='word_1_102' title='bbox 2465 1085 2623 1163; x_wconf 87' lang='lat' dir='ltr'><strong>qued</strong></span> <span class='ocrx_word' id='word_1_103' title='bbox 2647 1086 2776 1144; x_wconf 87' lang='lat' dir='ltr'><strong>fieri</strong></span> <span class='ocrx_word' id='word_1_104' title='bbox 2801 1105 2924 1145; x_wconf 90' lang='lat' dir='ltr'><strong>non</strong></span> 
     </span>
     <span class='ocr_line' id='line_1_11' title="bbox 508 1163 2924 1245; baseline -0.002 -18"><span class='ocrx_word' id='word_1_105' title='bbox 508 1168 808 1245; x_wconf 84' lang='lat' dir='ltr'><strong>potuisset,</strong></span> <span class='ocrx_word' id='word_1_106' title='bbox 851 1168 967 1226; x_wconf 89' lang='lat' dir='ltr'><strong>nisi</strong></span> <span class='ocrx_word' id='word_1_107' title='bbox 1006 1166 1135 1225; x_wconf 86' lang='lat' dir='ltr'><strong>Lex</strong></span> <span class='ocrx_word' id='word_1_108' title='bbox 1161 1166 1343 1225; x_wconf 83' lang='lat' dir='ltr'><strong>vitam</strong></span> <span class='ocrx_word' id='word_1_109' title='bbox 1384 1165 1680 1225; x_wconf 84' lang='lat' dir='ltr'><strong>coelestem</strong></span> <span class='ocrx_word' id='word_1_110' title='bbox 1721 1164 2014 1225; x_wconf 82' lang='lat' dir='ltr'><strong>obedienti</strong></span> <span class='ocrx_word' id='word_1_111' title='bbox 2055 1163 2393 1225; x_wconf 83' lang='lat' dir='ltr'><strong>addixisset.</strong></span> <span class='ocrx_word' id='word_1_112' title='bbox 2482 1164 2566 1224; x_wconf 93' lang='lat' dir='ltr'><strong>Ut</strong></span> <span class='ocrx_word' id='word_1_113' title='bbox 2605 1165 2761 1224; x_wconf 88' lang='lat' dir='ltr'><strong>enim</strong></span> <span class='ocrx_word' id='word_1_114' title='bbox 2801 1184 2924 1223; x_wconf 88' lang='lat' dir='ltr'><strong>nen</strong></span> 
     </span>
     <span class='ocr_line' id='line_1_12' title="bbox 508 1243 2920 1323; baseline -0.002 -16"><span class='ocrx_word' id='word_1_115' title='bbox 508 1248 681 1307; x_wconf 84' lang='lat' dir='ltr'><strong>aliam</strong></span> <span class='ocrx_word' id='word_1_116' title='bbox 709 1246 1097 1307; x_wconf 65' lang='lat' dir='ltr'><strong>obedientiam</strong></span> <span class='ocrx_word' id='word_1_117' title='bbox 1126 1246 1253 1306; x_wconf 91' lang='lat' dir='ltr'><strong>Dee</strong></span> <span class='ocrx_word' id='word_1_118' title='bbox 1284 1245 1445 1303; x_wconf 85' lang='lat' dir='ltr'><strong>Patri</strong></span> <span class='ocrx_word' id='word_1_119' title='bbox 1482 1245 1770 1322; x_wconf 75' lang='lat' dir='ltr'><strong>praestitit,</strong></span> <span class='ocrx_word' id='word_1_120' title='bbox 1813 1251 2021 1323; x_wconf 74' lang='lat' dir='ltr'><strong>praeter</strong></span> <span class='ocrx_word' id='word_1_121' title='bbox 2058 1263 2202 1319; x_wconf 87' lang='lat' dir='ltr'><strong>eam,</strong></span> <span class='ocrx_word' id='word_1_122' title='bbox 2233 1263 2408 1321; x_wconf 88' lang='lat' dir='ltr'><strong>quam</strong></span> <span class='ocrx_word' id='word_1_123' title='bbox 2449 1243 2576 1303; x_wconf 82' lang='lat' dir='ltr'><strong>Lex</strong></span> <span class='ocrx_word' id='word_1_124' title='bbox 2603 1244 2920 1321; x_wconf 82' lang='lat' dir='ltr'><strong>exigebat3</strong></span> 
     </span>
     <span class='ocr_line' id='line_1_13' title="bbox 508 1323 2922 1403; baseline -0.001 -18"><span class='ocrx_word' id='word_1_125' title='bbox 508 1326 603 1386; x_wconf 88' lang='lat' dir='ltr'><strong>Ita</strong></span> <span class='ocrx_word' id='word_1_126' title='bbox 629 1346 747 1385; x_wconf 90' lang='lat' dir='ltr'><strong>non</strong></span> <span class='ocrx_word' id='word_1_127' title='bbox 783 1327 957 1385; x_wconf 85' lang='lat' dir='ltr'><strong>aliam</strong></span> <span class='ocrx_word' id='word_1_128' title='bbox 984 1327 1167 1385; x_wconf 80' lang='lat' dir='ltr'><strong>vitam</strong></span> <span class='ocrx_word' id='word_1_129' title='bbox 1208 1325 1518 1402; x_wconf 83' lang='lat' dir='ltr'><strong>acquisivit</strong></span> <span class='ocrx_word' id='word_1_130' title='bbox 1556 1345 1661 1403; x_wconf 90' lang='lat' dir='ltr'><strong>per</strong></span> <span class='ocrx_word' id='word_1_131' title='bbox 1701 1324 2092 1401; x_wconf 86' lang='lat' dir='ltr'><strong>impletionem</strong></span> <span class='ocrx_word' id='word_1_132' title='bbox 2134 1323 2329 1400; x_wconf 85' lang='lat' dir='ltr'><strong>Legis,</strong></span> <span class='ocrx_word' id='word_1_133' title='bbox 2373 1344 2545 1401; x_wconf 86' lang='lat' dir='ltr'><strong>quam</strong></span> <span class='ocrx_word' id='word_1_134' title='bbox 2587 1343 2718 1402; x_wconf 82' lang='lat' dir='ltr'><strong>quae</strong></span> <span class='ocrx_word' id='word_1_135' title='bbox 2755 1324 2922 1401; x_wconf 86' lang='lat' dir='ltr'><strong>Lege</strong></span> 
     </span>
     <span class='ocr_line' id='line_1_14' title="bbox 506 1402 2920 1483; baseline 0 -20"><span class='ocrx_word' id='word_1_136' title='bbox 506 1406 965 1483; x_wconf 73' lang='lat' dir='ltr'><strong>promittebatur.</strong></span> <span class='ocrx_word' id='word_1_137' title='bbox 1051 1404 1224 1465; x_wconf 88' lang='lat' dir='ltr'><strong>Adde</strong></span> <span class='ocrx_word' id='word_1_138' title='bbox 1252 1404 1410 1482; x_wconf 90' lang='lat' dir='ltr'><strong>qued</strong></span> <span class='ocrx_word' id='word_1_139' title='bbox 1437 1424 1569 1464; x_wconf 89' lang='lat' dir='ltr'><strong>cum</strong></span> <span class='ocrx_word' id='word_1_140' title='bbox 1599 1404 1864 1463; x_wconf 85' lang='lat' dir='ltr'><strong>Christus</strong></span> <span class='ocrx_word' id='word_1_141' title='bbox 1890 1411 2152 1463; x_wconf 86' lang='lat' dir='ltr'><strong>mortuus</strong></span> <span class='ocrx_word' id='word_1_142' title='bbox 2181 1402 2274 1477; x_wconf 86' lang='lat' dir='ltr'><strong>sit,</strong></span> <span class='ocrx_word' id='word_1_143' title='bbox 2303 1412 2370 1463; x_wconf 90' lang='lat' dir='ltr'><strong>ut</strong></span> <span class='ocrx_word' id='word_1_144' title='bbox 2408 1423 2513 1480; x_wconf 92' lang='lat' dir='ltr'><strong>per</strong></span> <span class='ocrx_word' id='word_1_145' title='bbox 2537 1404 2728 1480; x_wconf 89' lang='lat' dir='ltr'><strong>ipsum</strong></span> <span class='ocrx_word' id='word_1_146' title='bbox 2753 1423 2920 1463; x_wconf 89' lang='lat' dir='ltr'><strong>recu-</strong></span> 
     </span>
     <span class='ocr_line' id='line_1_15' title="bbox 506 1482 2917 1563; baseline -0 -21"><span class='ocrx_word' id='word_1_147' title='bbox 506 1504 773 1563; x_wconf 89' lang='lat' dir='ltr'><strong>peremus</strong></span> <span class='ocrx_word' id='word_1_148' title='bbox 801 1486 958 1563; x_wconf 90' lang='lat' dir='ltr'><strong>quod</strong></span> <span class='ocrx_word' id='word_1_149' title='bbox 1000 1484 1296 1543; x_wconf 89' lang='lat' dir='ltr'><strong>amisimus</strong></span> <span class='ocrx_word' id='word_1_150' title='bbox 1337 1484 1397 1541; x_wconf 89' lang='lat' dir='ltr'><strong>in</strong></span> <span class='ocrx_word' id='word_1_151' title='bbox 1427 1482 1675 1558; x_wconf 88' lang='lat' dir='ltr'><strong>Adame,</strong></span> <span class='ocrx_word' id='word_1_152' title='bbox 1721 1491 1781 1542; x_wconf 89' lang='lat' dir='ltr'><strong>et</strong></span> <span class='ocrx_word' id='word_1_153' title='bbox 1806 1484 1988 1542; x_wconf 85' lang='lat' dir='ltr'><strong>vitam</strong></span> <span class='ocrx_word' id='word_1_154' title='bbox 2023 1483 2317 1542; x_wconf 86' lang='lat' dir='ltr'><strong>coelestem</strong></span> <span class='ocrx_word' id='word_1_155' title='bbox 2342 1482 2511 1541; x_wconf 87' lang='lat' dir='ltr'><strong>nobis</strong></span> <span class='ocrx_word' id='word_1_156' title='bbox 2538 1483 2776 1541; x_wconf 81' lang='lat' dir='ltr'><strong>meritus</strong></span> <span class='ocrx_word' id='word_1_157' title='bbox 2805 1482 2917 1559; x_wconf 81' lang='lat' dir='ltr'><strong>sit3</strong></span> 
     </span>
     <span class='ocr_line' id='line_1_16' title="bbox 507 1560 2918 1639; baseline -0 -17"><span class='ocrx_word' id='word_1_158' title='bbox 507 1564 759 1623; x_wconf 83' lang='lat' dir='ltr'><strong>Necesse</strong></span> <span class='ocrx_word' id='word_1_159' title='bbox 787 1574 877 1624; x_wconf 87' lang='lat' dir='ltr'><strong>est</strong></span> <span class='ocrx_word' id='word_1_160' title='bbox 902 1564 1063 1621; x_wconf 87' lang='lat' dir='ltr'><strong>illam</strong></span> <span class='ocrx_word' id='word_1_161' title='bbox 1088 1563 1259 1622; x_wconf 88' lang='lat' dir='ltr'><strong>nobis</strong></span> <span class='ocrx_word' id='word_1_162' title='bbox 1298 1564 1537 1639; x_wconf 87' lang='lat' dir='ltr'><strong>periisse</strong></span> <span class='ocrx_word' id='word_1_163' title='bbox 1577 1562 1636 1619; x_wconf 91' lang='lat' dir='ltr'><strong>in</strong></span> <span class='ocrx_word' id='word_1_164' title='bbox 1667 1562 1914 1636; x_wconf 88' lang='lat' dir='ltr'><strong>Adame,</strong></span> <span class='ocrx_word' id='word_1_165' title='bbox 1945 1570 2006 1621; x_wconf 92' lang='lat' dir='ltr'><strong>et</strong></span> <span class='ocrx_word' id='word_1_166' title='bbox 2033 1560 2328 1620; x_wconf 88' lang='lat' dir='ltr'><strong>Adamum</strong></span> <span class='ocrx_word' id='word_1_167' title='bbox 2355 1561 2432 1620; x_wconf 86' lang='lat' dir='ltr'><strong>ad</strong></span> <span class='ocrx_word' id='word_1_168' title='bbox 2471 1562 2632 1621; x_wconf 86' lang='lat' dir='ltr'><strong>illam</strong></span> <span class='ocrx_word' id='word_1_169' title='bbox 2671 1581 2918 1639; x_wconf 85' lang='lat' dir='ltr'><strong>perven-</strong></span> 
     </span>
     <span class='ocr_line' id='line_1_17' title="bbox 504 1641 2914 1720; baseline -0.001 -18"><span class='ocrx_word' id='word_1_170' title='bbox 504 1650 699 1702; x_wconf 86' lang='lat' dir='ltr'><strong>turum</strong></span> <span class='ocrx_word' id='word_1_171' title='bbox 739 1643 935 1717; x_wconf 83' lang='lat' dir='ltr'><strong>fuisse,</strong></span> <span class='ocrx_word' id='word_1_172' title='bbox 980 1643 1032 1701; x_wconf 92' lang='lat' dir='ltr'><strong>si</strong></span> <span class='ocrx_word' id='word_1_173' title='bbox 1070 1650 1497 1719; x_wconf 87' lang='lat' dir='ltr'><strong>perseverasset</strong></span> <span class='ocrx_word' id='word_1_174' title='bbox 1535 1642 1598 1698; x_wconf 90' lang='lat' dir='ltr'><strong>in</strong></span> <span class='ocrx_word' id='word_1_175' title='bbox 1624 1641 1922 1719; x_wconf 85' lang='lat' dir='ltr'><strong>obsequie.</strong></span> <span class='ocrx_word' id='word_1_176' title='bbox 2007 1641 2130 1699; x_wconf 88' lang='lat' dir='ltr'><strong>Nec</strong></span> <span class='ocrx_word' id='word_1_177' title='bbox 2160 1641 2423 1700; x_wconf 85' lang='lat' dir='ltr'><strong>Christus</strong></span> <span class='ocrx_word' id='word_1_178' title='bbox 2449 1641 2622 1699; x_wconf 88' lang='lat' dir='ltr'><strong>arbor</strong></span> <span class='ocrx_word' id='word_1_179' title='bbox 2647 1643 2785 1700; x_wconf 78' lang='lat' dir='ltr'><strong>vitae</strong></span> <span class='ocrx_word' id='word_1_180' title='bbox 2813 1662 2914 1720; x_wconf 89' lang='lat' dir='ltr'><strong>ap-</strong></span> 
     </span>
     <span class='ocr_line' id='line_1_18' title="bbox 502 1720 2922 1799; baseline -0.001 -18"><span class='ocrx_word' id='word_1_181' title='bbox 502 1722 831 1799; x_wconf 90' lang='lat' dir='ltr'><strong>pellaretur,</strong></span> <span class='ocrx_word' id='word_1_182' title='bbox 860 1722 975 1779; x_wconf 90' lang='lat' dir='ltr'><strong>nisi</strong></span> <span class='ocrx_word' id='word_1_183' title='bbox 1001 1740 1129 1779; x_wconf 90' lang='lat' dir='ltr'><strong>eam</strong></span> <span class='ocrx_word' id='word_1_184' title='bbox 1157 1721 1339 1779; x_wconf 84' lang='lat' dir='ltr'><strong>vitam</strong></span> <span class='ocrx_word' id='word_1_185' title='bbox 1364 1720 1533 1779; x_wconf 86' lang='lat' dir='ltr'><strong>nobis</strong></span> <span class='ocrx_word' id='word_1_186' title='bbox 1560 1720 1905 1796; x_wconf 86' lang='lat' dir='ltr'><strong>restitueret,</strong></span> <span class='ocrx_word' id='word_1_187' title='bbox 1936 1720 2105 1798; x_wconf 86' lang='lat' dir='ltr'><strong>cujus</strong></span> <span class='ocrx_word' id='word_1_188' title='bbox 2131 1720 2568 1797; x_wconf 86' lang='lat' dir='ltr'><strong>promissionem</strong></span> <span class='ocrx_word' id='word_1_189' title='bbox 2594 1720 2720 1779; x_wconf 84' lang='lat' dir='ltr'><strong>haec</strong></span> <span class='ocrx_word' id='word_1_190' title='bbox 2747 1721 2922 1781; x_wconf 88' lang='lat' dir='ltr'><strong>arbor</strong></span> 
     </span>
     <span class='ocr_line' id='line_1_19' title="bbox 507 1799 1908 1879; baseline -0.004 -21"><span class='ocrx_word' id='word_1_191' title='bbox 507 1800 878 1879; x_wconf 78' lang='lat' dir='ltr'><strong>protoplastis</strong></span> <span class='ocrx_word' id='word_1_192' title='bbox 906 1799 1269 1877; x_wconf 79' lang='lat' dir='ltr'><strong>obsignabat.</strong></span> <span class='ocrx_word' id='word_1_193' title='bbox 1897 1830 1908 1842; x_wconf 89' lang='lat'>-</span> 
     </span>
    </p>

    <p class='ocr_par' dir='ltr' id='par_1_4' title="bbox 500 1878 2918 2834">
     <span class='ocr_line' id='line_1_20' title="bbox 586 1878 2914 1957; baseline 0 -18"><span class='ocrx_word' id='word_1_194' title='bbox 586 1880 699 1939; x_wconf 87' lang='lat' dir='ltr'><strong>VI.</strong></span> <span class='ocrx_word' id='word_1_195' title='bbox 761 1879 975 1955; x_wconf 87' lang='lat' dir='ltr'><strong>Tertio,</strong></span> <span class='ocrx_word' id='word_1_196' title='bbox 1024 1879 1175 1954; x_wconf 87' lang='lat' dir='ltr'><strong>Quia</strong></span> <span class='ocrx_word' id='word_1_197' title='bbox 1213 1879 1567 1939; x_wconf 71' lang='lat' dir='ltr'><strong>comminatio</strong></span> <span class='ocrx_word' id='word_1_198' title='bbox 1626 1880 1838 1955; x_wconf 62' lang='lat' dir='ltr'><strong>mortib,</strong></span> <span class='ocrx_word' id='word_1_199' title='bbox 1883 1898 2013 1956; x_wconf 78' lang='lat' dir='ltr'><strong>quse</strong></span> <span class='ocrx_word' id='word_1_200' title='bbox 2057 1878 2437 1939; x_wconf 87' lang='lat' dir='ltr'><strong>denunciatur</strong></span> <span class='ocrx_word' id='word_1_201' title='bbox 2481 1880 2914 1957; x_wconf 80' lang='lat' dir='ltr'><strong>transgressori,</strong></span> 
     </span>
     <span class='ocr_line' id='line_1_21' title="bbox 504 1958 2914 2037; baseline 0 -19"><span class='ocrx_word' id='word_1_202' title='bbox 504 1959 905 2036; x_wconf 85' lang='lat' dir='ltr'><strong>complectitur</strong></span> <span class='ocrx_word' id='word_1_203' title='bbox 944 1967 1005 2018; x_wconf 89' lang='lat' dir='ltr'><strong>et</strong></span> <span class='ocrx_word' id='word_1_204' title='bbox 1042 1958 1463 2037; x_wconf 78' lang='lat' dir='ltr'><strong>temporariam,</strong></span> <span class='ocrx_word' id='word_1_205' title='bbox 1507 1967 1568 2019; x_wconf 90' lang='lat' dir='ltr'><strong>et</strong></span> <span class='ocrx_word' id='word_1_206' title='bbox 1606 1967 1880 2018; x_wconf 75' lang='lat' dir='ltr'><strong>aeternam</strong></span> <span class='ocrx_word' id='word_1_207' title='bbox 1915 1966 2160 2017; x_wconf 88' lang='lat' dir='ltr'><strong>mortem</strong></span> <span class='ocrx_word' id='word_1_208' title='bbox 2197 1959 2258 2016; x_wconf 91' lang='lat' dir='ltr'><strong>in</strong></span> <span class='ocrx_word' id='word_1_209' title='bbox 2302 1959 2499 2019; x_wconf 88' lang='lat' dir='ltr'><strong>inferis</strong></span> <span class='ocrx_word' id='word_1_210' title='bbox 2534 1959 2914 2019; x_wconf 87' lang='lat' dir='ltr'><strong>subeundam.</strong></span> 
     </span>
     <span class='ocr_line' id='line_1_22' title="bbox 504 2038 2918 2130; baseline 0 -33"><span class='ocrx_word' id='word_1_211' title='bbox 504 2038 597 2097; x_wconf 89' lang='lat' dir='ltr'><strong>Ea</strong></span> <span class='ocrx_word' id='word_1_212' title='bbox 636 2039 790 2097; x_wconf 87' lang='lat' dir='ltr'><strong>enim</strong></span> <span class='ocrx_word' id='word_1_213' title='bbox 830 2058 985 2097; x_wconf 90' lang='lat' dir='ltr'><strong>mers</strong></span> <span class='ocrx_word' id='word_1_214' title='bbox 1026 2038 1387 2115; x_wconf 77' lang='lat' dir='ltr'><strong>intelligitur,</strong></span> <span class='ocrx_word' id='word_1_215' title='bbox 1435 2039 1605 2115; x_wconf 89' lang='lat' dir='ltr'><strong>cujus</strong></span> <span class='ocrx_word' id='word_1_216' title='bbox 1646 2046 1880 2117; x_wconf 88' lang='lat' dir='ltr'><strong>propter</strong></span> <span class='ocrx_word' id='word_1_217' title='bbox 1913 2046 2222 2130; x_wconf 81' lang='lat' dir='ltr'><strong>peccatum</strong></span> <span class='ocrx_word' id='word_1_218' title='bbox 2265 2038 2566 2117; x_wconf 91' lang='lat' dir='ltr'><strong>imperium</strong></span> <span class='ocrx_word' id='word_1_219' title='bbox 2594 2047 2798 2097; x_wconf 87' lang='lat' dir='ltr'><strong>nactus</strong></span> <span class='ocrx_word' id='word_1_220' title='bbox 2825 2048 2918 2097; x_wconf 90' lang='lat' dir='ltr'><strong>est</strong></span> 
     </span>
     <span class='ocr_line' id='line_1_23' title="bbox 506 2117 2918 2195; baseline -0 -18"><span class='ocrx_word' id='word_1_221' title='bbox 506 2118 808 2194; x_wconf 83' lang='lat' dir='ltr'><strong>Diabolus,</strong></span> <span class='ocrx_word' id='word_1_222' title='bbox 840 2119 993 2177; x_wconf 84' lang='lat' dir='ltr'><strong>Heb.</strong></span> <span class='ocrx_word' id='word_1_223' title='bbox 1023 2117 1084 2177; x_wconf 86' lang='lat' dir='ltr'><strong>ii.</strong></span> <span class='ocrx_word' id='word_1_224' title='bbox 1118 2120 1211 2177; x_wconf 84' lang='lat'><strong>14.</strong></span> <span class='ocrx_word' id='word_1_225' title='bbox 1296 2118 1384 2177; x_wconf 82' lang='lat' dir='ltr'><strong>At</strong></span> <span class='ocrx_word' id='word_1_226' title='bbox 1418 2118 1470 2179; x_wconf 88' lang='lat' dir='ltr'><strong>is</strong></span> <span class='ocrx_word' id='word_1_227' title='bbox 1510 2117 1689 2178; x_wconf 87' lang='lat' dir='ltr'><strong>habet</strong></span> <span class='ocrx_word' id='word_1_228' title='bbox 1727 2118 2032 2195; x_wconf 78' lang='lat' dir='ltr'><strong>imperium</strong></span> <span class='ocrx_word' id='word_1_229' title='bbox 2058 2118 2262 2175; x_wconf 88' lang='lat' dir='ltr'><strong>mertis</strong></span> <span class='ocrx_word' id='word_1_230' title='bbox 2291 2126 2520 2179; x_wconf 77' lang='lat' dir='ltr'><strong>aeternae</strong></span> <span class='ocrx_word' id='word_1_231' title='bbox 2559 2118 2622 2175; x_wconf 91' lang='lat' dir='ltr'><strong>in</strong></span> <span class='ocrx_word' id='word_1_232' title='bbox 2648 2118 2918 2195; x_wconf 85' lang='lat' dir='ltr'><strong>gehenna</strong></span> 
     </span>
     <span class='ocr_line' id='line_1_24' title="bbox 502 2196 2913 2277; baseline -0 -21"><span class='ocrx_word' id='word_1_233' title='bbox 502 2198 809 2277; x_wconf 78' lang='lat' dir='ltr'><strong>patiendae.</strong></span> <span class='ocrx_word' id='word_1_234' title='bbox 893 2198 1053 2274; x_wconf 88' lang='lat' dir='ltr'><strong>Ergo</strong></span> <span class='ocrx_word' id='word_1_235' title='bbox 1082 2205 1141 2257; x_wconf 90' lang='lat' dir='ltr'><strong>et</strong></span> <span class='ocrx_word' id='word_1_236' title='bbox 1179 2198 1483 2275; x_wconf 88' lang='lat' dir='ltr'><strong>promissio</strong></span> <span class='ocrx_word' id='word_1_237' title='bbox 1512 2198 1652 2257; x_wconf 82' lang='lat' dir='ltr'><strong>vitae</strong></span> <span class='ocrx_word' id='word_1_238' title='bbox 1692 2198 1778 2255; x_wconf 89' lang='lat' dir='ltr'><strong>illi</strong></span> <span class='ocrx_word' id='word_1_239' title='bbox 1821 2197 2100 2274; x_wconf 83' lang='lat' dir='ltr'><strong>opposita,</strong></span> <span class='ocrx_word' id='word_1_240' title='bbox 2131 2196 2314 2255; x_wconf 81' lang='lat' dir='ltr'><strong>vitam</strong></span> <span class='ocrx_word' id='word_1_241' title='bbox 2342 2197 2634 2256; x_wconf 83' lang='lat' dir='ltr'><strong>coelestem</strong></span> <span class='ocrx_word' id='word_1_242' title='bbox 2662 2204 2720 2255; x_wconf 89' lang='lat' dir='ltr'><strong>et</strong></span> <span class='ocrx_word' id='word_1_243' title='bbox 2748 2206 2913 2255; x_wconf 78' lang='lat' dir='ltr'><strong>aeter-</strong></span> 
     </span>
     <span class='ocr_line' id='line_1_25' title="bbox 500 2275 2917 2355; baseline -0.001 -18"><span class='ocrx_word' id='word_1_244' title='bbox 500 2298 638 2337; x_wconf 87' lang='lat' dir='ltr'><strong>nam</strong></span> <span class='ocrx_word' id='word_1_245' title='bbox 665 2276 942 2351; x_wconf 89' lang='lat' dir='ltr'><strong>includit;</strong></span> <span class='ocrx_word' id='word_1_246' title='bbox 990 2277 1427 2355; x_wconf 76' lang='lat' dir='ltr'><strong>consequentiae</strong></span> <span class='ocrx_word' id='word_1_247' title='bbox 1453 2278 1601 2338; x_wconf 89' lang='lat' dir='ltr'><strong>ratio</strong></span> <span class='ocrx_word' id='word_1_248' title='bbox 1628 2277 1843 2355; x_wconf 88' lang='lat' dir='ltr'><strong>pendet</strong></span> <span class='ocrx_word' id='word_1_249' title='bbox 1870 2297 1946 2335; x_wconf 88' lang='lat' dir='ltr'><strong>ex</strong></span> <span class='ocrx_word' id='word_1_250' title='bbox 1975 2276 2088 2334; x_wconf 88' lang='lat' dir='ltr'><strong>Dei</strong></span> <span class='ocrx_word' id='word_1_251' title='bbox 2124 2275 2397 2351; x_wconf 87' lang='lat' dir='ltr'><strong>bonitate,</strong></span> <span class='ocrx_word' id='word_1_252' title='bbox 2427 2297 2556 2353; x_wconf 75' lang='lat' dir='ltr'><strong>quse</strong></span> <span class='ocrx_word' id='word_1_253' title='bbox 2583 2297 2700 2335; x_wconf 90' lang='lat' dir='ltr'><strong>non</strong></span> <span class='ocrx_word' id='word_1_254' title='bbox 2725 2276 2917 2335; x_wconf 90' lang='lat' dir='ltr'><strong>minor</strong></span> 
     </span>
     <span class='ocr_line' id='line_1_26' title="bbox 503 2354 2912 2435; baseline -0 -19"><span class='ocrx_word' id='word_1_255' title='bbox 503 2366 593 2416; x_wconf 89' lang='lat' dir='ltr'><strong>est</strong></span> <span class='ocrx_word' id='word_1_256' title='bbox 621 2358 749 2434; x_wconf 86' lang='lat' dir='ltr'><strong>ejus</strong></span> <span class='ocrx_word' id='word_1_257' title='bbox 784 2357 1032 2433; x_wconf 83' lang='lat' dir='ltr'><strong>justitia.</strong></span> <span class='ocrx_word' id='word_1_258' title='bbox 1115 2357 1287 2433; x_wconf 87' lang='lat' dir='ltr'><strong>Quod</strong></span> <span class='ocrx_word' id='word_1_259' title='bbox 1314 2358 1363 2417; x_wconf 90' lang='lat' dir='ltr'><strong>si</strong></span> <span class='ocrx_word' id='word_1_260' title='bbox 1392 2357 1784 2435; x_wconf 87' lang='lat' dir='ltr'><strong>Legislatores</strong></span> <span class='ocrx_word' id='word_1_261' title='bbox 1813 2356 2000 2415; x_wconf 87' lang='lat' dir='ltr'><strong>solent</strong></span> <span class='ocrx_word' id='word_1_262' title='bbox 2028 2354 2352 2414; x_wconf 87' lang='lat' dir='ltr'><strong>mitioribus</strong></span> <span class='ocrx_word' id='word_1_263' title='bbox 2379 2356 2565 2433; x_wconf 76' lang='lat' dir='ltr'><strong>poenis</strong></span> <span class='ocrx_word' id='word_1_264' title='bbox 2591 2363 2912 2433; x_wconf 88' lang='lat' dir='ltr'><strong>transgres-</strong></span> 
     </span>
     <span class='ocr_line' id='line_1_27' title="bbox 502 2434 2914 2515; baseline -0.001 -18"><span class='ocrx_word' id='word_1_265' title='bbox 502 2456 663 2497; x_wconf 87' lang='lat' dir='ltr'><strong>sores</strong></span> <span class='ocrx_word' id='word_1_266' title='bbox 707 2437 976 2513; x_wconf 83' lang='lat' dir='ltr'><strong>plectere,</strong></span> <span class='ocrx_word' id='word_1_267' title='bbox 1028 2444 1087 2495; x_wconf 89' lang='lat' dir='ltr'><strong>et</strong></span> <span class='ocrx_word' id='word_1_268' title='bbox 1134 2437 1509 2515; x_wconf 79' lang='lat' dir='ltr'><strong>amplioribus</strong></span> <span class='ocrx_word' id='word_1_269' title='bbox 1554 2436 1808 2515; x_wconf 72' lang='lat' dir='ltr'><strong>praemiis</strong></span> <span class='ocrx_word' id='word_1_270' title='bbox 1856 2435 2192 2494; x_wconf 81' lang='lat' dir='ltr'><strong>obedientes</strong></span> <span class='ocrx_word' id='word_1_271' title='bbox 2237 2434 2621 2512; x_wconf 86' lang='lat' dir='ltr'><strong>remunerari;</strong></span> <span class='ocrx_word' id='word_1_272' title='bbox 2682 2435 2914 2510; x_wconf 83' lang='lat' dir='ltr'><strong>Quanto</strong></span> 
     </span>
     <span class='ocr_line' id='line_1_28' title="bbox 502 2514 2914 2593; baseline -0 -18"><span class='ocrx_word' id='word_1_273' title='bbox 502 2516 691 2593; x_wconf 87' lang='lat' dir='ltr'><strong>magis</strong></span> <span class='ocrx_word' id='word_1_274' title='bbox 731 2516 843 2574; x_wconf 85' lang='lat' dir='ltr'><strong>hec</strong></span> <span class='ocrx_word' id='word_1_275' title='bbox 870 2515 943 2574; x_wconf 89' lang='lat' dir='ltr'><strong>de</strong></span> <span class='ocrx_word' id='word_1_276' title='bbox 974 2515 1101 2574; x_wconf 93' lang='lat' dir='ltr'><strong>Dee</strong></span> <span class='ocrx_word' id='word_1_277' title='bbox 1130 2516 1347 2593; x_wconf 86' lang='lat' dir='ltr'><strong>optime</strong></span> <span class='ocrx_word' id='word_1_278' title='bbox 1388 2524 1447 2576; x_wconf 91' lang='lat' dir='ltr'><strong>et</strong></span> <span class='ocrx_word' id='word_1_279' title='bbox 1486 2515 2020 2575; x_wconf 84' lang='lat' dir='ltr'><strong>munificentissime</strong></span> <span class='ocrx_word' id='word_1_280' title='bbox 2051 2514 2412 2591; x_wconf 88' lang='lat' dir='ltr'><strong>Legislatore</strong></span> <span class='ocrx_word' id='word_1_281' title='bbox 2439 2514 2762 2590; x_wconf 88' lang='lat' dir='ltr'><strong>dicendum,</strong></span> <span class='ocrx_word' id='word_1_282' title='bbox 2807 2515 2914 2592; x_wconf 90' lang='lat' dir='ltr'><strong>qui</strong></span> 
     </span>
     <span class='ocr_line' id='line_1_29' title="bbox 500 2593 2912 2673; baseline 0 -19"><span class='ocrx_word' id='word_1_283' title='bbox 500 2596 704 2664; x_wconf 84' lang='lat' dir='ltr'><strong>tardus</strong></span> <span class='ocrx_word' id='word_1_284' title='bbox 732 2602 821 2655; x_wconf 90' lang='lat' dir='ltr'><strong>est</strong></span> <span class='ocrx_word' id='word_1_285' title='bbox 848 2594 923 2654; x_wconf 88' lang='lat' dir='ltr'><strong>ad</strong></span> <span class='ocrx_word' id='word_1_286' title='bbox 962 2596 1125 2672; x_wconf 90' lang='lat' dir='ltr'><strong>iram,</strong></span> <span class='ocrx_word' id='word_1_287' title='bbox 1156 2604 1215 2656; x_wconf 92' lang='lat' dir='ltr'><strong>et</strong></span> <span class='ocrx_word' id='word_1_288' title='bbox 1241 2596 1458 2656; x_wconf 88' lang='lat' dir='ltr'><strong>multus</strong></span> <span class='ocrx_word' id='word_1_289' title='bbox 1484 2596 1878 2656; x_wconf 85' lang='lat' dir='ltr'><strong>misericordia</strong></span> <span class='ocrx_word' id='word_1_290' title='bbox 1893 2598 1922 2654; x_wconf 74' lang='grc' dir='ltr'>Ρ</span> <span class='ocrx_word' id='word_1_291' title='bbox 1969 2594 2070 2654; x_wconf 90' lang='lat' dir='ltr'><strong>An</strong></span> <span class='ocrx_word' id='word_1_292' title='bbox 2099 2595 2261 2654; x_wconf 87' lang='lat' dir='ltr'><strong>Deus</strong></span> <span class='ocrx_word' id='word_1_293' title='bbox 2288 2593 2669 2656; x_wconf 86' lang='lat' dir='ltr'><strong>delectaretur</strong></span> <span class='ocrx_word' id='word_1_294' title='bbox 2707 2615 2912 2673; x_wconf 86' lang='lat' dir='ltr'><strong>peenas</strong></span> 
     </span>
     <span class='ocr_line' id='line_1_30' title="bbox 500 2674 2912 2754; baseline -0.001 -18"><span class='ocrx_word' id='word_1_295' title='bbox 500 2695 841 2754; x_wconf 80' lang='lat' dir='ltr'><strong>aggravare,</strong></span> <span class='ocrx_word' id='word_1_296' title='bbox 886 2682 945 2734; x_wconf 90' lang='lat' dir='ltr'><strong>ct</strong></span> <span class='ocrx_word' id='word_1_297' title='bbox 984 2675 1220 2753; x_wconf 77' lang='lat' dir='ltr'><strong>praemia</strong></span> <span class='ocrx_word' id='word_1_298' title='bbox 1258 2677 1516 2736; x_wconf 86' lang='lat' dir='ltr'><strong>minnere</strong></span> <span class='ocrx_word' id='word_1_299' title='bbox 1532 2680 1561 2736; x_wconf 74' lang='grc' dir='ltr'>Ρ</span> <span class='ocrx_word' id='word_1_300' title='bbox 1600 2696 1804 2754; x_wconf 89' lang='lat' dir='ltr'><strong>peenas</strong></span> <span class='ocrx_word' id='word_1_301' title='bbox 1831 2675 2176 2754; x_wconf 75' lang='lat' dir='ltr'><strong>spirituales,</strong></span> <span class='ocrx_word' id='word_1_302' title='bbox 2220 2682 2464 2736; x_wconf 67' lang='lat' dir='ltr'><strong>aeternas</strong></span> <span class='ocrx_word' id='word_1_303' title='bbox 2501 2685 2562 2736; x_wconf 88' lang='lat' dir='ltr'><strong>et</strong></span> <span class='ocrx_word' id='word_1_304' title='bbox 2601 2674 2912 2734; x_wconf 75' lang='lat' dir='ltr'><strong>infernales</strong></span> 
     </span>
     <span class='ocr_line' id='line_1_31' title="bbox 501 2754 2203 2834; baseline -0.001 -19"><span class='ocrx_word' id='word_1_305' title='bbox 501 2755 867 2834; x_wconf 86' lang='lat' dir='ltr'><strong>denunciare,</strong></span> <span class='ocrx_word' id='word_1_306' title='bbox 898 2763 958 2814; x_wconf 91' lang='lat' dir='ltr'><strong>et</strong></span> <span class='ocrx_word' id='word_1_307' title='bbox 982 2756 1392 2833; x_wconf 87' lang='lat' dir='ltr'><strong>promissiones</strong></span> <span class='ocrx_word' id='word_1_308' title='bbox 1419 2763 1643 2816; x_wconf 88' lang='lat' dir='ltr'><strong>tantum</strong></span> <span class='ocrx_word' id='word_1_309' title='bbox 1670 2764 1929 2815; x_wconf 86' lang='lat' dir='ltr'><strong>terrenas</strong></span> <span class='ocrx_word' id='word_1_310' title='bbox 1952 2754 2155 2832; x_wconf 88' lang='lat' dir='ltr'><strong>largiri</strong></span> <span class='ocrx_word' id='word_1_311' title='bbox 2173 2757 2203 2814; x_wconf 79' lang='lat'><strong>⁴?</strong></span> 
     </span>
    </p>

    <p class='ocr_par' dir='ltr' id='par_1_5' title="bbox 499 2834 2911 3469">
     <span class='ocr_line' id='line_1_32' title="bbox 584 2834 2911 2912; baseline 0 -18"><span class='ocrx_word' id='word_1_312' title='bbox 584 2835 732 2894; x_wconf 91' lang='lat' dir='ltr'><strong>VII.</strong></span> <span class='ocrx_word' id='word_1_313' title='bbox 778 2835 1011 2911; x_wconf 84' lang='lat' dir='ltr'><strong>Quarte,</strong></span> <span class='ocrx_word' id='word_1_314' title='bbox 1044 2835 1178 2895; x_wconf 92' lang='lat' dir='ltr'><strong>Hoc</strong></span> <span class='ocrx_word' id='word_1_315' title='bbox 1204 2835 1391 2912; x_wconf 82' lang='lat' dir='ltr'><strong>exigit</strong></span> <span class='ocrx_word' id='word_1_316' title='bbox 1428 2855 1652 2896; x_wconf 87' lang='lat' dir='ltr'><strong>summa</strong></span> <span class='ocrx_word' id='word_1_317' title='bbox 1694 2835 1807 2896; x_wconf 89' lang='lat' dir='ltr'><strong>Dei</strong></span> <span class='ocrx_word' id='word_1_318' title='bbox 1846 2834 2078 2894; x_wconf 87' lang='lat' dir='ltr'><strong>bonitas</strong></span> <span class='ocrx_word' id='word_1_319' title='bbox 2119 2835 2211 2894; x_wconf 90' lang='lat' dir='ltr'><strong>sui</strong></span> <span class='ocrx_word' id='word_1_320' title='bbox 2251 2834 2748 2910; x_wconf 84' lang='lat' dir='ltr'><strong>communicativa,</strong></span> <span class='ocrx_word' id='word_1_321' title='bbox 2779 2851 2911 2910; x_wconf 78' lang='lat' dir='ltr'><strong>quae</strong></span> 
     </span>
     <span class='ocr_line' id='line_1_33' title="bbox 502 2914 2907 2991; baseline -0.001 -17"><span class='ocrx_word' id='word_1_322' title='bbox 502 2935 635 2975; x_wconf 87' lang='lat' dir='ltr'><strong>cum</strong></span> <span class='ocrx_word' id='word_1_323' title='bbox 664 2923 939 2975; x_wconf 79' lang='lat' dir='ltr'><strong>creaturae</strong></span> <span class='ocrx_word' id='word_1_324' title='bbox 966 2915 1233 2974; x_wconf 84' lang='lat' dir='ltr'><strong>rationali</strong></span> <span class='ocrx_word' id='word_1_325' title='bbox 1261 2914 1336 2973; x_wconf 89' lang='lat' dir='ltr'><strong>ad</strong></span> <span class='ocrx_word' id='word_1_326' title='bbox 1363 2914 1426 2972; x_wconf 92' lang='lat' dir='ltr'><strong>id</strong></span> <span class='ocrx_word' id='word_1_327' title='bbox 1453 2915 1717 2990; x_wconf 73' lang='lat' dir='ltr'><strong>conditae,</strong></span> <span class='ocrx_word' id='word_1_328' title='bbox 1749 2923 1808 2973; x_wconf 91' lang='lat' dir='ltr'><strong>et</strong></span> <span class='ocrx_word' id='word_1_329' title='bbox 1835 2915 1984 2973; x_wconf 85' lang='lat' dir='ltr'><strong>inter</strong></span> <span class='ocrx_word' id='word_1_330' title='bbox 2005 2933 2204 2974; x_wconf 85' lang='lat' dir='ltr'><strong>omnes</strong></span> <span class='ocrx_word' id='word_1_331' title='bbox 2231 2923 2522 2974; x_wconf 87' lang='lat' dir='ltr'><strong>creaturas</strong></span> <span class='ocrx_word' id='word_1_332' title='bbox 2550 2914 2663 2974; x_wconf 89' lang='lat' dir='ltr'><strong>Dei</strong></span> <span class='ocrx_word' id='word_1_333' title='bbox 2691 2915 2907 2991; x_wconf 86' lang='lat' dir='ltr'><strong>capaci,</strong></span> 
     </span>
     <span class='ocr_line' id='line_1_34' title="bbox 501 2993 2909 3072; baseline 0 -18"><span class='ocrx_word' id='word_1_334' title='bbox 501 3014 620 3054; x_wconf 86' lang='lat' dir='ltr'><strong>nen</strong></span> <span class='ocrx_word' id='word_1_335' title='bbox 659 2995 843 3072; x_wconf 90' lang='lat' dir='ltr'><strong>pessit</strong></span> <span class='ocrx_word' id='word_1_336' title='bbox 882 3013 1000 3052; x_wconf 93' lang='lat' dir='ltr'><strong>non</strong></span> <span class='ocrx_word' id='word_1_337' title='bbox 1040 3013 1103 3054; x_wconf 90' lang='lat' dir='ltr'><strong>se</strong></span> <span class='ocrx_word' id='word_1_338' title='bbox 1145 2993 1583 3068; x_wconf 83' lang='lat' dir='ltr'><strong>communicare,</strong></span> <span class='ocrx_word' id='word_1_339' title='bbox 1628 2994 1802 3053; x_wconf 89' lang='lat' dir='ltr'><strong>debet</strong></span> <span class='ocrx_word' id='word_1_340' title='bbox 1842 3001 1901 3054; x_wconf 92' lang='lat' dir='ltr'><strong>et</strong></span> <span class='ocrx_word' id='word_1_341' title='bbox 1941 3013 2004 3052; x_wconf 86' lang='lat' dir='ltr'><strong>se</strong></span> <span class='ocrx_word' id='word_1_342' title='bbox 2043 2993 2345 3052; x_wconf 87' lang='lat' dir='ltr'><strong>fruendam</strong></span> <span class='ocrx_word' id='word_1_343' title='bbox 2371 2994 2646 3053; x_wconf 84' lang='lat' dir='ltr'><strong>exhibere</strong></span> <span class='ocrx_word' id='word_1_344' title='bbox 2685 3002 2909 3054; x_wconf 71' lang='lat' dir='ltr'><strong>natiuae</strong></span> 
     </span>
     <span class='ocr_line' id='line_1_35' title="bbox 502 3071 2910 3151; baseline -0.001 -17"><span class='ocrx_word' id='word_1_345' title='bbox 502 3093 623 3134; x_wconf 78' lang='lat' dir='ltr'><strong>suae</strong></span> <span class='ocrx_word' id='word_1_346' title='bbox 652 3073 1074 3148; x_wconf 82' lang='lat' dir='ltr'><strong>convenienter,</strong></span> <span class='ocrx_word' id='word_1_347' title='bbox 1117 3071 1197 3131; x_wconf 92' lang='lat' dir='ltr'><strong>id.</strong></span> <span class='ocrx_word' id='word_1_348' title='bbox 1228 3073 1511 3150; x_wconf 89' lang='lat' dir='ltr'><strong>spirituali</strong></span> <span class='ocrx_word' id='word_1_349' title='bbox 1551 3073 1762 3134; x_wconf 81' lang='lat' dir='ltr'><strong>modo:</strong></span> <span class='ocrx_word' id='word_1_350' title='bbox 1805 3073 1956 3132; x_wconf 88' lang='lat' dir='ltr'><strong>Nam</strong></span> <span class='ocrx_word' id='word_1_351' title='bbox 1983 3074 2303 3151; x_wconf 85' lang='lat' dir='ltr'><strong>corporalia</strong></span> <span class='ocrx_word' id='word_1_352' title='bbox 2329 3082 2388 3133; x_wconf 92' lang='lat' dir='ltr'><strong>et</strong></span> <span class='ocrx_word' id='word_1_353' title='bbox 2423 3073 2716 3134; x_wconf 85' lang='lat' dir='ltr'><strong>terrestria</strong></span> <span class='ocrx_word' id='word_1_354' title='bbox 2754 3073 2910 3138; x_wconf 86' lang='lat' dir='ltr'><strong>bena</strong></span> 
     </span>
     <span class='ocr_line' id='line_1_36' title="bbox 500 3151 2907 3230; baseline 0 -18"><span class='ocrx_word' id='word_1_355' title='bbox 500 3151 813 3230; x_wconf 86' lang='lat' dir='ltr'><strong>possidere,</strong></span> <span class='ocrx_word' id='word_1_356' title='bbox 837 3171 955 3210; x_wconf 90' lang='lat' dir='ltr'><strong>non</strong></span> <span class='ocrx_word' id='word_1_357' title='bbox 975 3159 1064 3210; x_wconf 93' lang='lat' dir='ltr'><strong>est</strong></span> <span class='ocrx_word' id='word_1_358' title='bbox 1084 3151 1186 3210; x_wconf 85' lang='lat' dir='ltr'><strong>ino</strong></span> <span class='ocrx_word' id='word_1_359' title='bbox 1204 3151 1319 3211; x_wconf 88' lang='lat' dir='ltr'><strong>frui</strong></span> <span class='ocrx_word' id='word_1_360' title='bbox 1338 3159 1403 3212; x_wconf 89' lang='lat' dir='ltr'><strong>ut</strong></span> <span class='ocrx_word' id='word_1_361' title='bbox 1425 3153 1569 3228; x_wconf 91' lang='lat' dir='ltr'><strong>Dee,</strong></span> <span class='ocrx_word' id='word_1_362' title='bbox 1592 3152 1673 3213; x_wconf 87' lang='lat' dir='ltr'><strong>id.</strong></span> <span class='ocrx_word' id='word_1_363' title='bbox 1695 3160 1762 3212; x_wconf 91' lang='lat' dir='ltr'><strong>ut</strong></span> <span class='ocrx_word' id='word_1_364' title='bbox 1783 3153 1969 3212; x_wconf 88' lang='lat' dir='ltr'><strong>solide</strong></span> <span class='ocrx_word' id='word_1_365' title='bbox 1991 3160 2050 3212; x_wconf 93' lang='lat' dir='ltr'><strong>et</strong></span> <span class='ocrx_word' id='word_1_366' title='bbox 2067 3153 2414 3213; x_wconf 85' lang='lat' dir='ltr'><strong>immutabili</strong></span> <span class='ocrx_word' id='word_1_367' title='bbox 2432 3154 2585 3213; x_wconf 89' lang='lat' dir='ltr'><strong>bone</strong></span> <span class='ocrx_word' id='word_1_368' title='bbox 2605 3177 2620 3230; x_wconf 81' lang='lat'>3</span> <span class='ocrx_word' id='word_1_369' title='bbox 2654 3153 2907 3214; x_wconf 84' lang='lat' dir='ltr'><strong>maxime</strong></span> 
     </span>
     <span class='ocr_line' id='line_1_37' title="bbox 501 3230 2905 3312; baseline 0 -20"><span class='ocrx_word' id='word_1_370' title='bbox 501 3252 633 3292; x_wconf 91' lang='lat' dir='ltr'><strong>cum</strong></span> <span class='ocrx_word' id='word_1_371' title='bbox 661 3230 866 3305; x_wconf 86' lang='lat' dir='ltr'><strong>foedus,</strong></span> <span class='ocrx_word' id='word_1_372' title='bbox 896 3231 957 3288; x_wconf 90' lang='lat' dir='ltr'><strong>in</strong></span> <span class='ocrx_word' id='word_1_373' title='bbox 984 3230 1153 3308; x_wconf 89' lang='lat' dir='ltr'><strong>cujus</strong></span> <span class='ocrx_word' id='word_1_374' title='bbox 1189 3231 1523 3292; x_wconf 87' lang='lat' dir='ltr'><strong>societatem</strong></span> <span class='ocrx_word' id='word_1_375' title='bbox 1563 3233 1729 3292; x_wconf 85' lang='lat' dir='ltr'><strong>illum</strong></span> <span class='ocrx_word' id='word_1_376' title='bbox 1765 3241 2015 3310; x_wconf 86' lang='lat' dir='ltr'><strong>cooptat,</strong></span> <span class='ocrx_word' id='word_1_377' title='bbox 2054 3253 2171 3292; x_wconf 88' lang='lat' dir='ltr'><strong>nen</strong></span> <span class='ocrx_word' id='word_1_378' title='bbox 2207 3234 2447 3311; x_wconf 73' lang='lat' dir='ltr'><strong>quaevis,</strong></span> <span class='ocrx_word' id='word_1_379' title='bbox 2488 3233 2593 3293; x_wconf 91' lang='lat' dir='ltr'><strong>sed</strong></span> <span class='ocrx_word' id='word_1_380' title='bbox 2631 3241 2905 3312; x_wconf 69' lang='lat' dir='ltr'><strong>praestan-</strong></span> 
     </span>
     <span class='ocr_line' id='line_1_38' title="bbox 499 3311 2906 3390; baseline 0 -19"><span class='ocrx_word' id='word_1_381' title='bbox 499 3311 726 3371; x_wconf 82' lang='lat' dir='ltr'><strong>tissima</strong></span> <span class='ocrx_word' id='word_1_382' title='bbox 764 3311 917 3370; x_wconf 87' lang='lat' dir='ltr'><strong>bena</strong></span> <span class='ocrx_word' id='word_1_383' title='bbox 955 3311 1019 3368; x_wconf 89' lang='lat' dir='ltr'><strong>in</strong></span> <span class='ocrx_word' id='word_1_384' title='bbox 1056 3311 1261 3370; x_wconf 88' lang='lat' dir='ltr'><strong>intima</strong></span> <span class='ocrx_word' id='word_1_385' title='bbox 1303 3312 1416 3372; x_wconf 89' lang='lat' dir='ltr'><strong>Dei</strong></span> <span class='ocrx_word' id='word_1_386' title='bbox 1455 3312 1857 3374; x_wconf 86' lang='lat' dir='ltr'><strong>communione</strong></span> <span class='ocrx_word' id='word_1_387' title='bbox 1897 3313 2253 3390; x_wconf 84' lang='lat' dir='ltr'><strong>polliceatur,</strong></span> <span class='ocrx_word' id='word_1_388' title='bbox 2295 3333 2427 3390; x_wconf 79' lang='lat' dir='ltr'><strong>quse</strong></span> <span class='ocrx_word' id='word_1_389' title='bbox 2467 3313 2584 3372; x_wconf 86' lang='lat' dir='ltr'><strong>alia</strong></span> <span class='ocrx_word' id='word_1_390' title='bbox 2621 3333 2749 3373; x_wconf 87' lang='lat' dir='ltr'><strong>esse</strong></span> <span class='ocrx_word' id='word_1_391' title='bbox 2787 3333 2906 3373; x_wconf 90' lang='lat' dir='ltr'><strong>non</strong></span> 
     </span>
     <span class='ocr_line' id='line_1_39' title="bbox 500 3393 1592 3469; baseline 0.002 -19"><span class='ocrx_word' id='word_1_392' title='bbox 500 3398 761 3469; x_wconf 87' lang='lat' dir='ltr'><strong>pessunt,</strong></span> <span class='ocrx_word' id='word_1_393' title='bbox 792 3410 965 3469; x_wconf 91' lang='lat' dir='ltr'><strong>quam</strong></span> <span class='ocrx_word' id='word_1_394' title='bbox 992 3399 1205 3450; x_wconf 70' lang='lat' dir='ltr'><strong>aeterna</strong></span> <span class='ocrx_word' id='word_1_395' title='bbox 1232 3400 1292 3452; x_wconf 88' lang='lat' dir='ltr'><strong>et</strong></span> <span class='ocrx_word' id='word_1_396' title='bbox 1318 3393 1592 3453; x_wconf 82' lang='lat' dir='ltr'><strong>coelestia.</strong></span> 
     </span>
    </p>

    <p class='ocr_par' dir='ltr' id='par_1_6' title="bbox 497 3469 2907 4186">
     <span class='ocr_line' id='line_1_40' title="bbox 583 3469 2907 3549; baseline 0 -19"><span class='ocrx_word' id='word_1_397' title='bbox 583 3471 765 3530; x_wconf 88' lang='lat' dir='ltr'><strong>VIH.</strong></span> <span class='ocrx_word' id='word_1_398' title='bbox 806 3469 971 3530; x_wconf 90' lang='lat' dir='ltr'><strong>Idem</strong></span> <span class='ocrx_word' id='word_1_399' title='bbox 991 3472 1248 3549; x_wconf 85' lang='lat' dir='ltr'><strong>postulat</strong></span> <span class='ocrx_word' id='word_1_400' title='bbox 1267 3473 1487 3549; x_wconf 87' lang='lat' dir='ltr'><strong>quinte,</strong></span> <span class='ocrx_word' id='word_1_401' title='bbox 1510 3472 1774 3532; x_wconf 75' lang='lat' dir='ltr'><strong>Hominis</strong></span> <span class='ocrx_word' id='word_1_402' title='bbox 1793 3472 1965 3549; x_wconf 73' lang='lat' dir='ltr'><strong>ipsius</strong></span> <span class='ocrx_word' id='word_1_403' title='bbox 1991 3471 2250 3548; x_wconf 75' lang='lat' dir='ltr'><strong>di9nitas,</strong></span> <span class='ocrx_word' id='word_1_404' title='bbox 2274 3470 2376 3548; x_wconf 90' lang='lat' dir='ltr'><strong>qui</strong></span> <span class='ocrx_word' id='word_1_405' title='bbox 2395 3491 2527 3530; x_wconf 91' lang='lat' dir='ltr'><strong>cum</strong></span> <span class='ocrx_word' id='word_1_406' title='bbox 2546 3471 2907 3531; x_wconf 89' lang='lat' dir='ltr'><strong>nobilissima</strong></span> 
     </span>
     <span class='ocr_line' id='line_1_41' title="bbox 500 3549 2904 3630; baseline -0 -19"><span class='ocrx_word' id='word_1_407' title='bbox 500 3549 593 3611; x_wconf 86' lang='lat' dir='ltr'><strong>sui</strong></span> <span class='ocrx_word' id='word_1_408' title='bbox 631 3559 793 3627; x_wconf 89' lang='lat' dir='ltr'><strong>parte</strong></span> <span class='ocrx_word' id='word_1_409' title='bbox 833 3551 1069 3628; x_wconf 87' lang='lat' dir='ltr'><strong>spiritus</strong></span> <span class='ocrx_word' id='word_1_410' title='bbox 1112 3551 1203 3627; x_wconf 88' lang='lat' dir='ltr'><strong>sit,</strong></span> <span class='ocrx_word' id='word_1_411' title='bbox 1248 3552 1487 3630; x_wconf 88' lang='lat' dir='ltr'><strong>originis</strong></span> <span class='ocrx_word' id='word_1_412' title='bbox 1527 3552 1768 3630; x_wconf 90' lang='lat' dir='ltr'><strong>preinde</strong></span> <span class='ocrx_word' id='word_1_413' title='bbox 1811 3551 2079 3627; x_wconf 88' lang='lat' dir='ltr'><strong>coelestis,</strong></span> <span class='ocrx_word' id='word_1_414' title='bbox 2119 3552 2222 3628; x_wconf 90' lang='lat' dir='ltr'><strong>qui</strong></span> <span class='ocrx_word' id='word_1_415' title='bbox 2261 3550 2581 3610; x_wconf 86' lang='lat' dir='ltr'><strong>coelestium</strong></span> <span class='ocrx_word' id='word_1_416' title='bbox 2620 3550 2904 3611; x_wconf 90' lang='lat' dir='ltr'><strong>bonerum</strong></span> 
     </span>
     <span class='ocr_line' id='line_1_42' title="bbox 498 3629 2905 3710; baseline -0.001 -20"><span class='ocrx_word' id='word_1_417' title='bbox 498 3630 785 3690; x_wconf 90' lang='lat' dir='ltr'><strong>desiderio</strong></span> <span class='ocrx_word' id='word_1_418' title='bbox 812 3631 1141 3692; x_wconf 80' lang='lat' dir='ltr'><strong>vehementi</strong></span> <span class='ocrx_word' id='word_1_419' title='bbox 1180 3632 1453 3709; x_wconf 85' lang='lat' dir='ltr'><strong>tangitur,</strong></span> <span class='ocrx_word' id='word_1_420' title='bbox 1497 3632 1708 3710; x_wconf 89' lang='lat' dir='ltr'><strong>quibus</strong></span> <span class='ocrx_word' id='word_1_421' title='bbox 1750 3630 1890 3691; x_wconf 89' lang='lat' dir='ltr'><strong>solis</strong></span> <span class='ocrx_word' id='word_1_422' title='bbox 1917 3631 2206 3709; x_wconf 84' lang='lat' dir='ltr'><strong>appetitus</strong></span> <span class='ocrx_word' id='word_1_423' title='bbox 2232 3631 2358 3708; x_wconf 91' lang='lat' dir='ltr'><strong>ejus</strong></span> <span class='ocrx_word' id='word_1_424' title='bbox 2397 3629 2657 3690; x_wconf 87' lang='lat' dir='ltr'><strong>infinitus</strong></span> <span class='ocrx_word' id='word_1_425' title='bbox 2695 3631 2905 3688; x_wconf 88' lang='lat' dir='ltr'><strong>summi</strong></span> 
     </span>
     <span class='ocr_line' id='line_1_43' title="bbox 499 3708 2902 3790; baseline 0 -20"><span class='ocrx_word' id='word_1_426' title='bbox 499 3711 641 3770; x_wconf 90' lang='lat' dir='ltr'><strong>beni</strong></span> <span class='ocrx_word' id='word_1_427' title='bbox 668 3710 889 3788; x_wconf 83' lang='lat' dir='ltr'><strong>expleri</strong></span> <span class='ocrx_word' id='word_1_428' title='bbox 914 3718 1139 3788; x_wconf 70' lang='lat' dir='ltr'><strong>petest,</strong></span> <span class='ocrx_word' id='word_1_429' title='bbox 1185 3711 1318 3770; x_wconf 89' lang='lat' dir='ltr'><strong>Non</strong></span> <span class='ocrx_word' id='word_1_430' title='bbox 1344 3713 1534 3790; x_wconf 84' lang='lat' dir='ltr'><strong>potuit</strong></span> <span class='ocrx_word' id='word_1_431' title='bbox 1559 3712 1623 3770; x_wconf 89' lang='lat' dir='ltr'><strong>in</strong></span> <span class='ocrx_word' id='word_1_432' title='bbox 1641 3720 1796 3772; x_wconf 88' lang='lat' dir='ltr'><strong>terra</strong></span> <span class='ocrx_word' id='word_1_433' title='bbox 1821 3711 2051 3788; x_wconf 89' lang='lat' dir='ltr'><strong>plenam</strong></span> <span class='ocrx_word' id='word_1_434' title='bbox 2073 3730 2236 3770; x_wconf 88' lang='lat' dir='ltr'><strong>suam</strong></span> <span class='ocrx_word' id='word_1_435' title='bbox 2255 3708 2589 3769; x_wconf 85' lang='lat' dir='ltr'><strong>felicitatem</strong></span> <span class='ocrx_word' id='word_1_436' title='bbox 2611 3711 2902 3788; x_wconf 86' lang='lat' dir='ltr'><strong>consequi,</strong></span> 
     </span>
     <span class='ocr_line' id='line_1_44' title="bbox 500 3789 2903 3869; baseline -0.001 -19"><span class='ocrx_word' id='word_1_437' title='bbox 500 3790 606 3850; x_wconf 89' lang='lat' dir='ltr'><strong>sed</strong></span> <span class='ocrx_word' id='word_1_438' title='bbox 631 3790 779 3848; x_wconf 82' lang='lat' dir='ltr'><strong>coele</strong></span> <span class='ocrx_word' id='word_1_439' title='bbox 806 3789 1041 3850; x_wconf 89' lang='lat' dir='ltr'><strong>tandem</strong></span> <span class='ocrx_word' id='word_1_440' title='bbox 1068 3790 1372 3850; x_wconf 87' lang='lat' dir='ltr'><strong>donandus</strong></span> <span class='ocrx_word' id='word_1_441' title='bbox 1397 3791 1523 3867; x_wconf 81' lang='lat' dir='ltr'><strong>fuit,</strong></span> <span class='ocrx_word' id='word_1_442' title='bbox 1562 3791 1668 3851; x_wconf 92' lang='lat' dir='ltr'><strong>ubi</strong></span> <span class='ocrx_word' id='word_1_443' title='bbox 1705 3790 2042 3869; x_wconf 87' lang='lat' dir='ltr'><strong>plenissima</strong></span> <span class='ocrx_word' id='word_1_444' title='bbox 2067 3797 2126 3850; x_wconf 91' lang='lat' dir='ltr'><strong>et</strong></span> <span class='ocrx_word' id='word_1_445' title='bbox 2163 3789 2581 3867; x_wconf 85' lang='lat' dir='ltr'><strong>perfectissima</strong></span> <span class='ocrx_word' id='word_1_446' title='bbox 2609 3791 2722 3848; x_wconf 90' lang='lat' dir='ltr'><strong>Dei</strong></span> <span class='ocrx_word' id='word_1_447' title='bbox 2750 3809 2903 3848; x_wconf 87' lang='lat' dir='ltr'><strong>cem-</strong></span> 
     </span>
     <span class='ocr_line' id='line_1_45' title="bbox 499 3869 2907 3949; baseline 0.001 -21"><span class='ocrx_word' id='word_1_448' title='bbox 499 3869 789 3944; x_wconf 87' lang='lat' dir='ltr'><strong>munione,</strong></span> <span class='ocrx_word' id='word_1_449' title='bbox 833 3871 895 3928; x_wconf 90' lang='lat' dir='ltr'><strong>in</strong></span> <span class='ocrx_word' id='word_1_450' title='bbox 921 3890 1037 3948; x_wconf 90' lang='lat' dir='ltr'><strong>qua</strong></span> <span class='ocrx_word' id='word_1_451' title='bbox 1085 3870 1260 3930; x_wconf 88' lang='lat' dir='ltr'><strong>situm</strong></span> <span class='ocrx_word' id='word_1_452' title='bbox 1286 3880 1377 3931; x_wconf 89' lang='lat' dir='ltr'><strong>est</strong></span> <span class='ocrx_word' id='word_1_453' title='bbox 1404 3891 1688 3930; x_wconf 89' lang='lat' dir='ltr'><strong>summum</strong></span> <span class='ocrx_word' id='word_1_454' title='bbox 1719 3873 1846 3949; x_wconf 90' lang='lat' dir='ltr'><strong>ejus</strong></span> <span class='ocrx_word' id='word_1_455' title='bbox 1871 3870 2105 3946; x_wconf 89' lang='lat' dir='ltr'><strong>benum,</strong></span> <span class='ocrx_word' id='word_1_456' title='bbox 2149 3869 2263 3929; x_wconf 84' lang='lat' dir='ltr'><strong>frui</strong></span> <span class='ocrx_word' id='word_1_457' title='bbox 2301 3871 2507 3947; x_wconf 88' lang='lat' dir='ltr'><strong>potuit.</strong></span> <span class='ocrx_word' id='word_1_458' title='bbox 2591 3869 2742 3928; x_wconf 86' lang='lat' dir='ltr'><strong>Nam</strong></span> <span class='ocrx_word' id='word_1_459' title='bbox 2769 3869 2907 3930; x_wconf 90' lang='lat' dir='ltr'><strong>licet</strong></span> 
     </span>
     <span class='ocr_line' id='line_1_46' title="bbox 499 3948 2904 4028; baseline -0.002 -16"><span class='ocrx_word' id='word_1_460' title='bbox 499 3949 561 4012; x_wconf 84' lang='lat' dir='ltr'><strong>in</strong></span> <span class='ocrx_word' id='word_1_461' title='bbox 587 3948 757 4007; x_wconf 87' lang='lat' dir='ltr'><strong>terris</strong></span> <span class='ocrx_word' id='word_1_462' title='bbox 784 3968 847 4007; x_wconf 89' lang='lat' dir='ltr'><strong>se</strong></span> <span class='ocrx_word' id='word_1_463' title='bbox 874 3957 1167 4028; x_wconf 88' lang='lat' dir='ltr'><strong>utcunque</strong></span> <span class='ocrx_word' id='word_1_464' title='bbox 1207 3949 1428 4010; x_wconf 89' lang='lat' dir='ltr'><strong>homini</strong></span> <span class='ocrx_word' id='word_1_465' title='bbox 1466 3949 1769 4010; x_wconf 87' lang='lat' dir='ltr'><strong>fruendum</strong></span> <span class='ocrx_word' id='word_1_466' title='bbox 1798 3950 1936 4009; x_wconf 84' lang='lat' dir='ltr'><strong>dare</strong></span> <span class='ocrx_word' id='word_1_467' title='bbox 1975 3949 2258 4027; x_wconf 79' lang='lat' dir='ltr'><strong>potuerit3</strong></span> <span class='ocrx_word' id='word_1_468' title='bbox 2304 3949 2535 4008; x_wconf 86' lang='lat' dir='ltr'><strong>Certum</strong></span> <span class='ocrx_word' id='word_1_469' title='bbox 2575 3958 2665 4008; x_wconf 89' lang='lat' dir='ltr'><strong>est</strong></span> <span class='ocrx_word' id='word_1_470' title='bbox 2704 3949 2904 4008; x_wconf 89' lang='lat' dir='ltr'><strong>imme-</strong></span> 
     </span>
     <span class='ocr_line' id='line_1_47' title="bbox 497 4028 2904 4102; baseline -0 -14"><span class='ocrx_word' id='word_1_471' title='bbox 497 4028 715 4090; x_wconf 78' lang='lat' dir='ltr'><strong>diatam</strong></span> <span class='ocrx_word' id='word_1_472' title='bbox 754 4035 815 4087; x_wconf 90' lang='lat' dir='ltr'><strong>et</strong></span> <span class='ocrx_word' id='word_1_473' title='bbox 854 4029 1177 4089; x_wconf 84' lang='lat' dir='ltr'><strong>absolutam</strong></span> <span class='ocrx_word' id='word_1_474' title='bbox 1220 4029 1485 4090; x_wconf 89' lang='lat' dir='ltr'><strong>omnibus</strong></span> <span class='ocrx_word' id='word_1_475' title='bbox 1527 4029 1783 4088; x_wconf 89' lang='lat' dir='ltr'><strong>numeris</strong></span> <span class='ocrx_word' id='word_1_476' title='bbox 1828 4029 1939 4088; x_wconf 90' lang='lat' dir='ltr'><strong>Dei</strong></span> <span class='ocrx_word' id='word_1_477' title='bbox 1977 4028 2324 4102; x_wconf 87' lang='lat' dir='ltr'><strong>fruitionem,</strong></span> <span class='ocrx_word' id='word_1_478' title='bbox 2371 4035 2539 4088; x_wconf 83' lang='lat' dir='ltr'><strong>extra</strong></span> <span class='ocrx_word' id='word_1_479' title='bbox 2579 4028 2904 4088; x_wconf 85' lang='lat' dir='ltr'><strong>beatificam</strong></span> 
     </span>
     <span class='ocr_line' id='line_1_48' title="bbox 498 4107 2745 4186; baseline 0 -20"><span class='ocrx_word' id='word_1_480' title='bbox 498 4107 798 4183; x_wconf 83' lang='lat' dir='ltr'><strong>visionem,</strong></span> <span class='ocrx_word' id='word_1_481' title='bbox 830 4125 960 4184; x_wconf 81' lang='lat' dir='ltr'><strong>quse</strong></span> <span class='ocrx_word' id='word_1_482' title='bbox 986 4108 1049 4167; x_wconf 91' lang='lat' dir='ltr'><strong>in</strong></span> <span class='ocrx_word' id='word_1_483' title='bbox 1076 4109 1222 4167; x_wconf 86' lang='lat' dir='ltr'><strong>coele</strong></span> <span class='ocrx_word' id='word_1_484' title='bbox 1250 4108 1481 4167; x_wconf 88' lang='lat' dir='ltr'><strong>demum</strong></span> <span class='ocrx_word' id='word_1_485' title='bbox 1502 4108 1796 4185; x_wconf 84' lang='lat' dir='ltr'><strong>expectari</strong></span> <span class='ocrx_word' id='word_1_486' title='bbox 1821 4116 2028 4186; x_wconf 87' lang='lat' dir='ltr'><strong>petest,</strong></span> <span class='ocrx_word' id='word_1_487' title='bbox 2059 4107 2428 4186; x_wconf 73' lang='lat' dir='ltr'><strong>quaerendam</strong></span> <span class='ocrx_word' id='word_1_488' title='bbox 2454 4127 2574 4167; x_wconf 89' lang='lat' dir='ltr'><strong>non</strong></span> <span class='ocrx_word' id='word_1_489' title='bbox 2600 4127 2745 4168; x_wconf 90' lang='lat' dir='ltr'><strong>esse.</strong></span> 
     </span>
    </p>

    <p class='ocr_par' dir='ltr' id='par_1_7' title="bbox 498 4186 2905 4666">
     <span class='ocr_line' id='line_1_49' title="bbox 582 4186 2903 4264; baseline 0.001 -20"><span class='ocrx_word' id='word_1_490' title='bbox 582 4186 705 4244; x_wconf 88' lang='lat' dir='ltr'><strong>IX.</strong></span> <span class='ocrx_word' id='word_1_491' title='bbox 753 4188 951 4262; x_wconf 83' lang='lat' dir='ltr'><strong>Sexte,</strong></span> <span class='ocrx_word' id='word_1_492' title='bbox 998 4187 1147 4260; x_wconf 84' lang='lat' dir='ltr'><strong>Quia</strong></span> <span class='ocrx_word' id='word_1_493' title='bbox 1184 4187 1335 4246; x_wconf 88' lang='lat' dir='ltr'><strong>alius</strong></span> <span class='ocrx_word' id='word_1_494' title='bbox 1374 4187 1549 4247; x_wconf 90' lang='lat' dir='ltr'><strong>debet</strong></span> <span class='ocrx_word' id='word_1_495' title='bbox 1588 4207 1717 4247; x_wconf 85' lang='lat' dir='ltr'><strong>esse</strong></span> <span class='ocrx_word' id='word_1_496' title='bbox 1757 4189 1950 4248; x_wconf 66' lang='lat' dir='ltr'><strong>scam</strong></span> <span class='ocrx_word' id='word_1_497' title='bbox 1988 4190 2108 4264; x_wconf 81' lang='lat' dir='ltr'><strong>vioe,</strong></span> <span class='ocrx_word' id='word_1_498' title='bbox 2139 4196 2198 4246; x_wconf 87' lang='lat' dir='ltr'><strong>et</strong></span> <span class='ocrx_word' id='word_1_499' title='bbox 2223 4189 2418 4248; x_wconf 77' lang='lat' dir='ltr'><strong>Status</strong></span> <span class='ocrx_word' id='word_1_500' title='bbox 2445 4188 2699 4260; x_wconf 64' lang='lat' dir='ltr'><strong>Patr-5025</strong></span> <span class='ocrx_word' id='word_1_501' title='bbox 2737 4187 2903 4246; x_wconf 86' lang='lat' dir='ltr'><strong>locus</strong></span> 
     </span>
     <span class='ocr_line' id='line_1_50' title="bbox 498 4259 2905 4345; baseline -0.001 -17"><span class='ocrx_word' id='word_1_502' title='bbox 498 4265 827 4328; x_wconf 86' lang='lat' dir='ltr'><strong>certaminis</strong></span> <span class='ocrx_word' id='word_1_503' title='bbox 867 4273 927 4325; x_wconf 90' lang='lat' dir='ltr'><strong>et</strong></span> <span class='ocrx_word' id='word_1_504' title='bbox 966 4259 1397 4343; x_wconf 84' lang='lat' dir='ltr'><strong>explorationis,</strong></span> <span class='ocrx_word' id='word_1_505' title='bbox 1439 4275 1501 4326; x_wconf 89' lang='lat' dir='ltr'><strong>et</strong></span> <span class='ocrx_word' id='word_1_506' title='bbox 1539 4267 1704 4327; x_wconf 89' lang='lat' dir='ltr'><strong>locus</strong></span> <span class='ocrx_word' id='word_1_507' title='bbox 1745 4267 1968 4345; x_wconf 70' lang='lat' dir='ltr'><strong>praemii</strong></span> <span class='ocrx_word' id='word_1_508' title='bbox 2007 4276 2067 4328; x_wconf 91' lang='lat' dir='ltr'><strong>et</strong></span> <span class='ocrx_word' id='word_1_509' title='bbox 2107 4267 2406 4326; x_wconf 87' lang='lat' dir='ltr'><strong>mercedis.</strong></span> <span class='ocrx_word' id='word_1_510' title='bbox 2489 4267 2576 4327; x_wconf 86' lang='lat' dir='ltr'><strong>At</strong></span> <span class='ocrx_word' id='word_1_511' title='bbox 2601 4267 2905 4345; x_wconf 86' lang='lat' dir='ltr'><strong>paradisus</strong></span> 
     </span>
     <span class='ocr_line' id='line_1_51' title="bbox 499 4344 2901 4424; baseline -0.002 -16"><span class='ocrx_word' id='word_1_512' title='bbox 499 4344 789 4408; x_wconf 86' lang='lat' dir='ltr'><strong>terrestris</strong></span> <span class='ocrx_word' id='word_1_513' title='bbox 816 4344 923 4405; x_wconf 89' lang='lat' dir='ltr'><strong>fuit</strong></span> <span class='ocrx_word' id='word_1_514' title='bbox 948 4346 1113 4405; x_wconf 90' lang='lat' dir='ltr'><strong>locus</strong></span> <span class='ocrx_word' id='word_1_515' title='bbox 1140 4345 1571 4422; x_wconf 85' lang='lat' dir='ltr'><strong>explorationis,</strong></span> <span class='ocrx_word' id='word_1_516' title='bbox 1600 4355 1660 4406; x_wconf 89' lang='lat' dir='ltr'><strong>et</strong></span> <span class='ocrx_word' id='word_1_517' title='bbox 1687 4347 1825 4424; x_wconf 85' lang='lat' dir='ltr'><strong>vita,</strong></span> <span class='ocrx_word' id='word_1_518' title='bbox 1857 4367 1972 4424; x_wconf 87' lang='lat' dir='ltr'><strong>qua</strong></span> <span class='ocrx_word' id='word_1_519' title='bbox 2011 4347 2072 4406; x_wconf 90' lang='lat' dir='ltr'><strong>in</strong></span> <span class='ocrx_word' id='word_1_520' title='bbox 2099 4367 2169 4405; x_wconf 89' lang='lat' dir='ltr'><strong>ee</strong></span> <span class='ocrx_word' id='word_1_521' title='bbox 2197 4345 2510 4423; x_wconf 86' lang='lat' dir='ltr'><strong>fruebatur,</strong></span> <span class='ocrx_word' id='word_1_522' title='bbox 2541 4354 2726 4407; x_wconf 84' lang='lat' dir='ltr'><strong>status</strong></span> <span class='ocrx_word' id='word_1_523' title='bbox 2754 4346 2901 4423; x_wconf 81' lang='lat' dir='ltr'><strong>viae3</strong></span> 
     </span>
     <span class='ocr_line' id='line_1_52' title="bbox 500 4425 2901 4506; baseline -0.001 -19"><span class='ocrx_word' id='word_1_524' title='bbox 500 4427 645 4487; x_wconf 88' lang='lat' dir='ltr'><strong>Ideo</strong></span> <span class='ocrx_word' id='word_1_525' title='bbox 673 4425 873 4486; x_wconf 88' lang='lat' dir='ltr'><strong>debuit</strong></span> <span class='ocrx_word' id='word_1_526' title='bbox 900 4425 1047 4484; x_wconf 89' lang='lat' dir='ltr'><strong>alius</strong></span> <span class='ocrx_word' id='word_1_527' title='bbox 1072 4425 1235 4484; x_wconf 85' lang='lat' dir='ltr'><strong>locus</strong></span> <span class='ocrx_word' id='word_1_528' title='bbox 1262 4426 1545 4504; x_wconf 87' lang='lat' dir='ltr'><strong>assignari</strong></span> <span class='ocrx_word' id='word_1_529' title='bbox 1584 4427 1761 4486; x_wconf 88' lang='lat' dir='ltr'><strong>statui</strong></span> <span class='ocrx_word' id='word_1_530' title='bbox 1799 4427 2018 4505; x_wconf 58' lang='lat' dir='ltr'><strong>patriae,</strong></span> <span class='ocrx_word' id='word_1_531' title='bbox 2049 4428 2110 4485; x_wconf 89' lang='lat' dir='ltr'><strong>in</strong></span> <span class='ocrx_word' id='word_1_532' title='bbox 2137 4446 2252 4503; x_wconf 92' lang='lat' dir='ltr'><strong>quo</strong></span> <span class='ocrx_word' id='word_1_533' title='bbox 2279 4427 2578 4504; x_wconf 72' lang='lat' dir='ltr'><strong>praemium</strong></span> <span class='ocrx_word' id='word_1_534' title='bbox 2605 4427 2901 4506; x_wconf 87' lang='lat' dir='ltr'><strong>premitte-</strong></span> 
     </span>
     <span class='ocr_line' id='line_1_53' title="bbox 498 4503 2902 4585; baseline -0.001 -17"><span class='ocrx_word' id='word_1_535' title='bbox 498 4508 685 4582; x_wconf 83' lang='lat' dir='ltr'><strong>batur,</strong></span> <span class='ocrx_word' id='word_1_536' title='bbox 716 4506 817 4584; x_wconf 90' lang='lat' dir='ltr'><strong>qui</strong></span> <span class='ocrx_word' id='word_1_537' title='bbox 856 4525 973 4564; x_wconf 88' lang='lat' dir='ltr'><strong>non</strong></span> <span class='ocrx_word' id='word_1_538' title='bbox 1013 4503 1203 4583; x_wconf 89' lang='lat' dir='ltr'><strong>potuit</strong></span> <span class='ocrx_word' id='word_1_539' title='bbox 1228 4505 1378 4566; x_wconf 86' lang='lat' dir='ltr'><strong>alius</strong></span> <span class='ocrx_word' id='word_1_540' title='bbox 1406 4526 1531 4568; x_wconf 88' lang='lat' dir='ltr'><strong>esse</strong></span> <span class='ocrx_word' id='word_1_541' title='bbox 1571 4515 1780 4584; x_wconf 84' lang='lat' dir='ltr'><strong>praeter</strong></span> <span class='ocrx_word' id='word_1_542' title='bbox 1807 4507 2033 4568; x_wconf 87' lang='lat' dir='ltr'><strong>coelum.</strong></span> <span class='ocrx_word' id='word_1_543' title='bbox 2117 4506 2290 4566; x_wconf 87' lang='lat' dir='ltr'><strong>Alias</strong></span> <span class='ocrx_word' id='word_1_544' title='bbox 2317 4515 2653 4585; x_wconf 84' lang='lat' dir='ltr'><strong>sequeretur</strong></span> <span class='ocrx_word' id='word_1_545' title='bbox 2677 4507 2902 4566; x_wconf 84' lang='lat' dir='ltr'><strong>nulium</strong></span> 
     </span>
     <span class='ocr_line' id='line_1_54' title="bbox 500 4585 2902 4666; baseline -0.002 -18"><span class='ocrx_word' id='word_1_546' title='bbox 500 4588 717 4651; x_wconf 85' lang='lat' dir='ltr'><strong>benum</strong></span> <span class='ocrx_word' id='word_1_547' title='bbox 757 4586 844 4646; x_wconf 91' lang='lat' dir='ltr'><strong>illi</strong></span> <span class='ocrx_word' id='word_1_548' title='bbox 884 4585 1230 4666; x_wconf 86' lang='lat' dir='ltr'><strong>premissum</strong></span> <span class='ocrx_word' id='word_1_549' title='bbox 1270 4585 1465 4663; x_wconf 85' lang='lat' dir='ltr'><strong>fuisse,</strong></span> <span class='ocrx_word' id='word_1_550' title='bbox 1496 4587 1663 4666; x_wconf 89' lang='lat' dir='ltr'><strong>cujus</strong></span> <span class='ocrx_word' id='word_1_551' title='bbox 1689 4594 1860 4648; x_wconf 85' lang='lat' dir='ltr'><strong>antea</strong></span> <span class='ocrx_word' id='word_1_552' title='bbox 1896 4585 2185 4666; x_wconf 86' lang='lat' dir='ltr'><strong>particeps</strong></span> <span class='ocrx_word' id='word_1_553' title='bbox 2215 4607 2332 4646; x_wconf 89' lang='lat' dir='ltr'><strong>nen</strong></span> <span class='ocrx_word' id='word_1_554' title='bbox 2372 4587 2559 4648; x_wconf 84' lang='lat' dir='ltr'><strong>factus</strong></span> <span class='ocrx_word' id='word_1_555' title='bbox 2586 4594 2742 4647; x_wconf 88' lang='lat' dir='ltr'><strong>esset</strong></span> <span class='ocrx_word' id='word_1_556' title='bbox 2767 4591 2902 4646; x_wconf 86' lang='lat' dir='ltr'><strong>ante</strong></span> 
     </span>
    </p>
   </div>
  </div>
 </body>
</html>
