3300 5225
338 280 569 329 QUAEST.
600 259 691 343 v.]
1341 286 1421 337 ns.
1449 286 1734 329 raecum
2630 270 2748 327 545

336 423 662 482 sententiae.
745 422 893 481 Nam
922 432 988 484 ut
1013 424 1163 483 nihil
1191 425 1264 485 de
1292 428 1543 505 luoeum'a,
1575 428 1734 505 quod
1760 436 1954 488 tamen
1982 448 2179 489 eorum
2207 435 2507 506 peccatum
2543 426 2739 505 fuisse,

332 520 455 560 non
482 502 655 561 modo
680 505 961 580 Josephus
986 513 1046 564 et
1072 506 1237 565 Philo
1264 526 1393 566 cum
1422 509 1465 568 J
1468 508 1666 583 udaeis,
1698 509 1802 567 sed
1828 508 1976 568 varii
2015 526 2092 567 ex
2131 508 2418 583 Patribus,
2448 507 2493 567 J
2494 507 2739 584 ustinus,

336 582 607 641 Clemens
636 583 831 660 Alex„
856 583 1115 662 Tertull.,
1137 586 1491 665 Lactantius,
1513 595 1573 647 et
1598 589 1718 665 alii,
1738 609 1813 648 ex
1840 590 1969 647 loco
1989 589 2136 649 Gen.
2159 589 2240 647 vi.
2269 592 2304 646 2
2328 606 2626 666 perperam
2654 587 2740 644 in-
2815 656 2820 665 .

332 662 569 721 tellecto
597 662 844 723 absurde
885 664 1322 743 existimarunt3
1370 668 1517 726 Duae
1560 678 1696 728 sunt
1734 669 2038 747 praecipuae
2077 669 2394 728 Doctorum
2423 665 2738 742 sententiae,

334 742 536 801 Prima
561 762 759 802 eorum
786 744 887 821 qui
914 745 1143 804 livorem
1170 755 1225 804 et
1248 747 1517 806 invidiam
1543 748 1603 805 in
1630 750 1923 808 hominem
1951 749 2128 808 fuisse
2155 756 2408 824 censent,
2441 755 2624 806 ortam
2667 766 2742 805 ex

333 821 569 881 decreto
596 823 738 901 ipsis
764 825 1039 900 revelat0,
1070 824 1143 884 de
1171 835 1377 885 natura
1403 828 1657 886 humana
1683 848 1858 907 supra
1885 828 2233 906 Angelicam
2259 828 2322 885 in
2351 826 2579 887 Christo
2607 846 2743 885 eve-

332 902 545 978 henda,
573 904 675 981 qui
699 923 818 962 non
846 903 1127 983 Angelos,
1160 905 1263 963 sed
1304 925 1501 965 semen
1529 908 1786 967 Abrahae
1827 928 1930 986 per
1955 909 2406 967 incarnationem
2449 925 2742 965 assumere

332 981 537 1043 debuit
560 1005 575 1059 ;
639 983 861 1061 Altera,
892 1004 1023 1062 quae
1071 986 1427 1045 communior
1472 994 1563 1047 est
1602 988 1759 1065 apud
1803 987 2210 1063 Scholasticos,
2261 1006 2458 1046 eorum
2503 994 2610 1063 est,
2641 986 2743 1063 qui

331 1064 654 1138 superbiam
674 1063 851 1123 fuisse
878 1064 1243 1142 pertendunt,
1262 1074 1329 1125 ut
1344 1067 1657 1144 Anselmus,
1677 1067 1750 1127 de
1774 1068 1927 1127 Casu
1950 1068 2121 1127 Diab.
2145 1088 2196 1127 c.
2215 1070 2272 1143 4,
2297 1075 2355 1127 et
2383 1087 2459 1125 ex
2477 1086 2546 1125 eo
2567 1069 2738 1125 Lom-

331 1143 563 1219 bardus,
593 1142 695 1203 lib.
724 1144 784 1203 ii.
815 1144 949 1203 dist.
980 1148 1033 1221 5,
1066 1165 1191 1223 cap.
1225 1147 1278 1204 1.

415 1223 492 1282 V.
537 1223 683 1283 Cum
711 1244 850 1283 vero
872 1224 1167 1303 Scriptura
1194 1224 1443 1303 speciem
1472 1225 1639 1286 istius
1667 1226 1890 1304 peccati
1910 1246 2183 1305 expresse
2211 1225 2448 1286 definire
2467 1224 2736 1301 noluerit,

330 1302 438 1361 sed
486 1322 671 1379 genus
716 1312 941 1364 tantum
988 1306 1115 1383 ejus
1162 1314 1460 1383 proponat,
1492 1326 1672 1383 quum
1712 1326 1812 1366 eos
1839 1326 2108 1386 peccasse
2145 1308 2366 1381 asserit,
2395 1306 2542 1365 nihil
2568 1305 2642 1364 de
2670 1325 2740 1364 eo

331 1390 554 1442 certum
582 1392 776 1461 potest
802 1384 993 1461 statui,
1024 1405 1132 1443 nec
1160 1385 1351 1443 nimiae
1378 1386 1701 1445 curiositati
1725 1386 2180 1465 indulgendum;
2225 1386 2433 1446 sufficit
2453 1394 2520 1445 ut
2543 1394 2739 1445 tenea-

332 1482 465 1521 mus
504 1462 827 1522 ultroneam
867 1463 1045 1523 fuisse
1086 1484 1284 1523 eorum
1327 1464 1728 1541 desertionem,
1759 1486 1862 1545 per
1901 1486 2074 1543 quam
2101 1468 2162 1526 in
2186 1467 2417 1527 veritate
2443 1488 2556 1525 non
2581 1474 2738 1524 stete-

331 1552 482 1617 runt,
514 1544 557 1603 J
560 1562 613 1603 ο.
643 1543 765 1602 viii.
796 1546 892 1619 44,
923 1563 1053 1621 quae
1080 1543 1206 1619 fuit,
1249 1564 1367 1602 non
1392 1546 1600 1605 veritas
1626 1547 1992 1623 Evanyelica,
2023 1547 2190 1624 quasi
2229 1546 2594 1624 acquiescere
2636 1565 2739 1603 no-

330 1622 546 1681 luerint
573 1623 805 1683 veritati
834 1624 1143 1701 Evangelii
1170 1624 1243 1683 de
1272 1624 1500 1684 Christo
1528 1625 1601 1684 ab
1644 1625 1810 1685 initio
1835 1627 1978 1703 ipsis
2018 1627 2314 1705 propositi,
2345 1626 2502 1703 quod
2537 1644 2739 1703 parum
2793 1670 2798 1675 .

332 1702 725 1769 verisimiliter
749 1704 1096 1781 quibusdam
1122 1704 1331 1781 visum,
1363 1725 1495 1765 cum
1521 1707 1633 1765 hoe
1661 1705 1956 1766 decretum
1983 1726 2100 1765 non
2127 1714 2260 1766 ante
2287 1707 2514 1783 lapsum
2544 1705 2620 1763 sit
2650 1723 2739 1762 re-

332 1781 589 1840 velatum
613 1804 628 1849 ς
678 1783 794 1841 Sed
820 1784 1036 1843 veritas
1044 1785 1357 1862 fidelitatis,
1387 1805 1563 1862 quam
1589 1785 1880 1846 debebant
1908 1787 2053 1863 Dee,
2083 1795 2150 1847 ut
2177 1786 2396 1846 subditi
2425 1784 2578 1862 Regi
2613 1803 2738 1858 sue,

332 1869 395 1919 et
421 1863 769 1938 inteyritatzls,
800 1862 860 1919 in
887 1882 1003 1939 qua
1029 1863 1248 1924 conditi
1288 1873 1467 1940 erant,
1498 1864 1758 1941 adeoque
1785 1866 1848 1924 in
1889 1866 2003 1925 Dei
2029 1866 2226 1943 ipsius,
2259 1866 2360 1943 qui
2388 1884 2612 1924 summa
2653 1872 2741 1924 est

330 1942 569 2016 veritas,
602 1943 1020 2002 communione.
1102 1942 1191 2001 Eo
1230 1944 1481 2020 pertinet
1518 1945 1691 2021 quod,
1723 1946 1766 2005 J
1769 1944 1867 2003 ud.
1898 1948 1952 2023 6,
1984 1945 2255 2005 dicuntur
2282 1946 2552 2023 originem
2576 1964 2741 2003 suam

334 2022 655 2096 deseruisse,
685 2032 741 2080 et
753 2024 1060 2100 proprium
1085 2023 1369 2099 reliquisse
1397 2024 1752 2100 domicilium,
1783 2023 1909 2083 sive
1935 2044 2040 2102 per
2066 2025 2348 2102 originem
2381 2024 2740 2101 intelligatur

338 2102 499 2159 Deus
530 2100 783 2179 ipsorum
814 2103 1065 2179 Creator,
1097 2102 1221 2161 sive
1250 2103 1561 2179 originaria
1588 2102 1864 2163 sanctitas
1891 2112 1951 2163 et
1975 2104 2261 2163 rectitudo
2281 2104 2342 2161 in
2370 2123 2487 2180 qua
2513 2104 2741 2162 hierant

334 2182 529 2255 creati,
560 2201 596 2239 a
620 2201 738 2259 qua
764 2181 1055 2259 apostasia
1082 2201 1188 2241 sua
1212 2182 1478 2241 ultronea
1504 2182 1842 2259 deficiendO,
1874 2183 2071 2242 sedem
2098 2184 2326 2242 beatam
2355 2183 2503 2260 coeli,
2533 2183 2596 2240 in
2622 2202 2738 2260 qua

333 2266 609 2337 tanquam
635 2260 865 2339 proprio
894 2261 1185 2321 domicilio
1214 2282 1345 2321 cum
1367 2262 1617 2340 Angelis
1646 2262 1776 2321 aliis
1803 2263 2072 2322 collocati
2098 2271 2277 2339 erant,
2301 2262 2633 2338 amiserunt,
2656 2262 2740 2321 ita

328 2339 407 2398 ab
434 2360 504 2399 ea
529 2340 757 2417 dejecti,
786 2349 854 2400 ut
879 2361 1173 2419 nunquam
1200 2340 1261 2400 in
1288 2350 1565 2401 aeternum
1593 2360 1662 2401 eo
1688 2341 1876 2400 redire
1903 2342 2144 2421 possint,
2175 2343 2319 2401 Luc.
2347 2362 2408 2401 x.
2442 2344 2534 2401 18.

414 2419 527 2479 VI.
570 2421 705 2479 Non
746 2420 1105 2480 diffitendum
1149 2428 1287 2479 'sane
1330 2421 1391 2479 in
1435 2422 1547 2480 isto
1574 2429 1812 2500 peccato
1850 2423 2172 2499 superbiam
2197 2441 2318 2499 proe
2345 2422 2569 2480 caeteris
2595 2419 2739 2479 emi-

330 2518 485 2574 nere,
516 2520 620 2578 per
645 2520 819 2577 quam
846 2520 964 2559 non
990 2500 1163 2559 modo
1181 2502 1393 2579 jugum
1423 2502 1535 2560 Dei
1563 2509 1836 2561 excutere
1857 2503 2182 2576 voluerunt,
2203 2500 2615 2560 contumaciter
2635 2500 2736 2559 ad-

328 2598 536 2640 versus
565 2581 754 2640 Deum
782 2588 841 2640 et
870 2580 1087 2659 Legem
1114 2577 1259 2659 ipsis
1298 2579 1635 2659 impressam
1675 2580 2046 2660 insurgendo,
2077 2581 2182 2641 sed
2209 2582 2382 2641 etiam
2417 2580 2480 2640 in
2507 2580 2738 2641 affecta-

328 2660 490 2718 tione
537 2661 881 2738 aequalitatis
924 2681 1057 2720 cum
1087 2661 1232 2738 Dee,
1263 2661 1421 2738 quod
1460 2682 1577 2720 non
1618 2662 1861 2721 obscure
1904 2662 2137 2721 videtur
2174 2661 2467 2720 insinuare
2499 2661 2734 2738 Paulus,

337 2741 367 2798 1
394 2739 543 2799 Tim.
574 2741 655 2798 iii.
676 2743 729 2816 6,
756 2740 892 2800 dum
920 2760 1039 2800 non
1059 2741 1189 2801 vult
1214 2742 1539 2819 promoveri
1568 2741 1800 2816 ηέφυτου,
1827 2745 1898 2818 μὴ
1924 2746 2155 2814 τυφωθεὶς
2183 2761 2252 2800 ne
2278 2742 2501 2818 inflatus
2529 2741 2743 2800 incidat

333 2826 396 2884 εἰς
422 2825 585 2901 :gipso
612 2821 669 2878 in
681 2821 959 2896 judicium
990 2829 1045 2879 et
1082 2821 1593 2880 condemnationem
1632 2823 1882 2898 Diaboli,
1913 2820 1974 2880 id
2015 2831 2105 2881 est
2148 2820 2210 2879 in
2250 2841 2478 2898 poenam
2516 2820 2740 2898 peccati

334 2900 643 2958 Diabolici.
703 2900 877 2959 Adde
898 2900 1054 2978 quod
1082 2919 1215 2960 cum
1240 2902 1353 2960 hoc
1380 2920 1606 2978 semper
1629 2903 1983 2980 praecipuum
2010 2901 2183 2960 fuerit
2205 2900 2442 2960 Diaboli
2463 2899 2737 2976 studium,

332 2979 434 3055 qui
460 2988 527 3039 ut
555 2980 745 3038 Deum
774 2989 833 3039 et
856 2980 1173 3058 principem
1202 3001 1264 3040 se
1292 2981 1475 3057 gessit
1500 2981 1563 3039 in
1588 2981 1824 3057 mundo,
1855 2988 1914 3040 et
1941 2981 2074 3040 talis
2101 2981 2302 3040 haberi
2330 3001 2398 3040 ac
2419 2980 2534 3039 coli
2554 2979 2742 3038 voluit

332 3077 369 3114 a
392 3058 691 3136 principio,
723 3062 759 3116 2
792 3060 921 3119 Cor.
951 3059 1031 3118 iv.
1059 3064 1116 3134 4,
1147 3060 1192 3120 J
1194 3061 1289 3122 oh.
1332 3061 1435 3119 xii.
1466 3064 1562 3137 31,
1605 3081 1726 3120 non
1773 3061 1898 3122 sine
1926 3081 2102 3121 causa
2147 3069 2252 3137 est,
2285 3061 2441 3138 quod
2487 3060 2551 3118 in
2593 3058 2741 3119 illud

330 3144 631 3212 peceatum
658 3136 882 3196 dicatur
922 3138 1213 3198 incidisse.
1296 3139 1510 3213 Terti0,
1541 3141 1679 3217 quia
1705 3140 1782 3199 ad
1820 3142 1932 3200 hoc
1967 3141 2190 3219 peccati
2230 3160 2416 3218 genus
2444 3139 2741 3199 Adamum

331 3216 580 3276 tentavit
606 3236 642 3274 a
667 3216 965 3294 principio,
996 3226 1056 3276 et
1083 3217 1341 3294 quotidie
1368 3219 1630 3278 homines
1657 3220 1920 3296 impellit.

413 3295 561 3355 VII.
605 3296 701 3354 Ita
726 3304 921 3355 tamen
949 3297 1277 3374 superbiam
1303 3296 1401 3354 hic
1429 3317 1554 3356 sese
1582 3299 1879 3357 exeruisse
1918 3307 2206 3374 putamus,
2235 3306 2303 3357 ut
2329 3297 2490 3356 illam
2518 3298 2736 3375 incogi-

332 3375 530 3451 tantia,
562 3385 622 3434 et
664 3375 851 3434 minor
894 3377 1136 3435 attentio
1180 3377 1333 3434 circa
1377 3377 1920 3453 contemplationem
1949 3377 2064 3436 Dei
2103 3377 2428 3453 praecedere
2456 3377 2736 3452 debuerit,

332 3475 435 3532 per
460 3475 635 3532 quam
662 3453 932 3532 Angelus
960 3455 1145 3514 factus
1172 3456 1248 3513 ad
1274 3455 1783 3532 contemplandum
1805 3456 1995 3514 Deum
2023 3455 2330 3531 remissior,
2355 3456 2529 3532 coepit
2557 3456 2739 3514 aciem

334 3535 659 3594 intellectus
686 3556 723 3593 a
751 3536 879 3594 Deo
906 3534 982 3593 ad
1010 3535 1261 3612 seipsum
1304 3542 1657 3610 convertere,
1687 3543 1748 3594 et
1788 3535 2042 3612 seipsum
2069 3533 2357 3608 admirari,
2389 3553 2464 3592 ex
2491 3533 2738 3592 admira-

332 3613 489 3674 tione
516 3634 655 3674 vero
699 3622 758 3673 et
784 3615 963 3672 nimio
991 3615 1082 3673 sui
1122 3634 1317 3673 amore
1345 3613 1405 3671 in
1448 3614 1774 3691 superbiam
1812 3613 2017 3688 efferri,
2049 3632 2219 3690 quam
2262 3613 2501 3672 rebellio
2543 3613 2738 3672 statim

334 3703 640 3753 consecuta
668 3702 791 3770 est;
838 3695 923 3754 Ut
948 3694 1043 3752 hic
1071 3715 1241 3753 error
1266 3693 1503 3770 quidam
1530 3693 1857 3753 necessario
1895 3691 2286 3751 admittendus
2329 3693 2421 3768 sit,
2451 3712 2570 3751 non
2612 3691 2738 3768 qui-

334 3771 476 3832 dem'
513 3773 919 3850 speculativus,
968 3773 1134 3851 quasi
1177 3772 1534 3851 ignoraverit
1576 3773 1736 3850 quod
1777 3773 1922 3832 scire
1958 3772 2277 3847 tenebatur,
2310 3771 2412 3830 sed
2434 3773 2737 3848 practicus,

334 3872 447 3929 quo
475 3873 667 3912 amore
697 3853 787 3912 sui
814 3861 1144 3913 excoecatus
1169 3854 1389 3912 bonum
1416 3851 1759 3912 delectabile
1789 3853 2116 3929 anteposuit
2140 3853 2405 3910 honesto,
2487 3852 2542 3910 N
2546 3871 2612 3910 ec
2632 3852 2738 3910 mi-

333 3951 459 3990 rum
486 3933 674 3991 videri
700 3933 889 4008 debet,
922 3933 972 3992 si
1000 3933 1061 3991 in
1088 3933 1446 3992 intellectum
1473 3932 1844 4010 Angelicum,
1875 3932 1977 4010 qui
2002 3951 2120 3988 non
2147 3930 2256 3990 fuit
2283 3939 2447 3990 actus
2466 3951 2663 4008 purus,
2684 3939 2744 3991 et

332 4011 723 4088 immutabilis,
754 4012 890 4072 talis
930 4013 1205 4090 obrepere
1230 4011 1483 4090 potuerit
1523 4011 1904 4089 incogitantia
1929 4019 1990 4070 et
2021 4029 2196 4087 error,
2227 4010 2328 4086 qui
2369 4011 2742 4070 rebellionem

332 4098 391 4150 et
418 4091 745 4168 superbiam
772 4091 1012 4170 peperit.

411 4171 596 4228 VIII.
642 4171 951 4230 Peccatum
980 4171 1091 4230 hoc
1132 4169 1541 4248 gravissimum
1582 4170 1779 4246 fnisse,
1811 4169 2178 4230 severissima
2214 4189 2390 4248 poena
2424 4187 2556 4246 quae
2596 4169 2744 4229 illud

334 4249 607 4309 comitata
631 4259 721 4311 est
749 4251 893 4310 satis
918 4249 1147 4328 arguit;
1205 4269 1309 4328 per
1351 4269 1527 4327 quam
1554 4251 1780 4310 exclusi
1823 4258 1960 4309 sunt
1999 4269 2036 4308 a
2077 4248 2190 4308 Dei
2217 4249 2634 4324 communione,
2677 4257 2745 4308 ut

331 4329 493 4387 nulla
520 4329 581 4386 in
610 4338 886 4390 aeternum
915 4331 1013 4388 vel
1032 4330 1219 4388 veniae
1246 4330 1343 4388 vel
1368 4329 1750 4389 restitutionis
1777 4328 1840 4386 in
1865 4330 2155 4406 integrum
2185 4348 2316 4406 spes
2345 4329 2610 4405 supersit,
2641 4328 2746 4387 sed

333 4407 393 4465 in
420 4409 715 4468 horridam
742 4417 801 4468 et
827 4410 1204 4486 caliginosam
1245 4409 1447 4468 tartari
1475 4408 1797 4466 custodiam
1839 4409 2105 4484 conjecti,
2135 4416 2195 4466 et
2235 4407 2454 4466 eatenis
2481 4407 2743 4464 tenebra-

333 4506 461 4545 rum
488 4487 673 4565 ligati,
704 4497 1072 4548 asserventur
1111 4489 1187 4547 ad
1226 4488 1513 4566 judicium
1540 4507 1768 4564 magnae
1796 4487 1929 4562 diei,
1960 4487 2003 4547 J
2005 4487 2102 4546 ud.
2133 4490 2190 4545 6.
2274 4485 2448 4546 Unde
2489 4483 2741 4562 quidam,

334 4567 439 4626 sed
467 4567 659 4628 minus
680 4568 880 4645 solide,
905 4567 1177 4644 colligere
1199 4567 1507 4627 voluerunt
1527 4564 1706 4626 fuisse
1724 4575 2026 4646 peccatum
2052 4566 2114 4624 in
2138 4565 2417 4700 Spffitssm
2441 4563 2716 4623 Sanctum
2727 4587 2742 4640 ;

2379 4661 2424 4701 Μ
