3300 5225
201 230 319 287 446
1190 244 1375 288 Locus
1403 244 1645 287 sunus.
2243 221 2505 305 [eumer.
2543 242 2648 283 111.

134 376 145 398 ³
194 386 369 449 modo
384 387 613 464 passive
639 406 745 465 pro
772 386 901 464 ipsa
926 382 1329 464 complexione
1364 393 1424 445 et
1463 374 1842 463 dispositione
1882 402 2188 444 causarum
2230 382 2493 461 onmium
2541 382 2630 442 ad

199 487 339 528 suos
366 466 622 543 effectus,
653 474 827 545 prout
851 487 888 525 a
918 466 1029 525 Dei
1056 462 1425 543 providentia
1460 460 1809 525 immutabili
1848 464 2138 543 pendent3
2181 472 2242 523 et
2280 462 2365 523 ita
2403 462 2632 523 distin-

200 548 401 625 guitur
425 545 501 605 ab
528 566 614 622 ea,
646 555 773 606 tum
798 547 1023 606 ratione
1059 548 1299 622 subjecti,
1350 546 1489 623 quia
1534 544 1912 605 Providentia
1953 552 2046 604 est
2087 544 2151 603 in
2200 544 2345 619 Deo,
2397 543 2490 601 Fa

199 646 341 687 vero
369 646 405 685 a
434 627 561 685 Deo
588 627 653 684 in
678 626 871 686 causis
900 626 1187 701 secundis,
1217 635 1343 687 tum
1382 624 1605 685 ratione
1632 625 1865 701 ordinas,
1897 625 2036 702 quia
2053 624 2289 683 ‘Fatum
2330 642 2368 681 a
2407 622 2630 682 Provi-

202 706 401 765 dentia
438 705 670 784 pendet,
714 725 834 766 non
860 714 1099 783 contra3
1142 714 1268 765 tum
1296 707 1517 781 objecto,
1558 704 1698 783 quia
1739 702 2131 764 Providentia
2172 702 2367 762 omnia
2410 703 2626 781 subja-

202 794 352 860 cent,
384 785 489 844 sed
514 805 635 845 non
662 786 831 862 Fato,
861 806 932 845 ea
957 794 1114 865 puta,
1145 806 1275 864 quae
1304 805 1340 844 a
1370 786 1497 844 Deo
1524 784 1858 844 immediate
1883 784 2050 843 fiunt.
2131 783 2398 844 Boethius
2423 782 2526 841 lib.
2551 796 2622 843 v.

204 865 277 925 de
308 865 575 925 Consola.
608 866 831 925 Philos.
862 866 949 925 sic
975 864 1193 940 definit,
1224 867 1519 924 Infamem
1542 866 1708 923 rebus
1733 863 2022 924 mobilibus
2061 864 2354 937 immobilis
2379 864 2624 940 disposi—

205 955 438 1083 ιω’ῑῙΡΙεῖ.
459 948 862 1103 mm
881 947 1399 1102 ssmffgiffl,
1416 964 1533 1101 {ui
1602 946 2191 1101 rexgffiggffli
2228 1020 2305 1081 ad
2331 1017 2624 1101 Quaestio-

203 1124 339 1163 nem
365 1104 756 1182 propositam3
803 1104 903 1163 An
933 1104 1311 1164 Providentia
1335 1112 1493 1164 recte
1518 1103 1748 1165 dicatur
1776 1104 2006 1180 Fatum,
2034 1104 2136 1163 vel
2181 1101 2282 1161 An
2309 1116 2450 1161 voce
2478 1100 2635 1161 Fati·

203 1184 352 1243 bene
378 1184 669 1261 possimus
696 1184 784 1245 uti
811 1185 874 1243 in
920 1184 1033 1244 hoc
1080 1193 1441 1261 argumento.
1526 1184 1694 1243 Licet
1737 1184 1892 1242 enim
1937 1202 2080 1243 sano
2129 1202 2306 1243 sensu
2350 1182 2621 1261 usurpari

204 1263 607 1339 concedamus,
636 1282 747 1323 nec
774 1264 1045 1343 cuiquam
1071 1273 1375 1342 propterea
1400 1264 1563 1324 litem
1592 1263 1992 1323 intentandam
2031 1280 2158 1322 esse
2201 1260 2518 1338 credamus,
2563 1262 2624 1322 si

204 1341 279 1402 de
306 1363 369 1402 re
395 1343 524 1421 ipsa
549 1351 793 1420 constet,
822 1351 885 1403 et
927 1344 1075 1401 nihil
1122 1344 1283 1403 aliud
1328 1345 1441 1403 hae
1489 1362 1650 1419 voce,
1701 1362 1875 1420 quam
1921 1342 2106 1418 fetum
2145 1342 2537 1401 Christianum
2578 1360 2621 1401 a

203 1422 377 1481 nobis
421 1424 550 1500 jam
588 1424 715 1501 jam
756 1424 1089 1501 expositum
1137 1422 1534 1502 intelligatur3
1596 1424 1808 1483 Tutius
1851 1431 2048 1483 tamen
2093 1422 2437 1481 arbitramur
2479 1438 2620 1481 cum

208 1502 451 1562 Calvino
476 1501 580 1562 lib.
608 1502 649 1561 i.
680 1502 848 1561 Insti.
878 1522 931 1561 c.
964 1504 1058 1562 16.
1090 1521 1137 1561 s.
1167 1503 1223 1579 8,
1274 1504 1348 1562 ab
1394 1504 1505 1562 hac
1531 1522 1680 1563 voce
1720 1503 2010 1563 abstinere
2053 1500 2115 1561 in
2163 1501 2391 1562 Scholis
2418 1501 2618 1561 Chris-

204 1581 398 1641 tianis.
484 1581 697 1657 Primo,
718 1582 859 1659 quia
884 1582 1139 1642 Ethnica
1164 1578 1570 1663 superstitione
1598 1586 1670 1643 et'
1685 1583 1980 1661 impietate
2009 1590 2098 1643 est
2125 1580 2526 1656 contaminata,
2559 1588 2624 1640 et

206 1668 298 1719 est
325 1680 402 1720 ex
428 1680 627 1719 earum
652 1680 911 1737 numero,
944 1680 1188 1740 quarum
1215 1662 1486 1740 profanas
1512 1664 1805 1725 novitates
1831 1662 2096 1739 refugere
2121 1680 2232 1721 nos
2251 1661 2422 1739 jubet
2465 1661 2620 1721 Pau-

206 1740 319 1800 lus.
408 1740 693 1816 Secunde,
720 1741 858 1818 quia
896 1742 1275 1820 opportunior
1313 1749 1403 1802 est
1442 1743 1748 1802 calumniis
1792 1740 2298 1818 Adversariorum‚
2345 1740 2446 1819 qui
2485 1757 2623 1800 cum

207 1818 441 1879 nomine
468 1821 643 1879 etiam
666 1820 989 1881 doctrinam
1015 1822 1203 1900 ipsam
1228 1839 1337 1882 nos
1364 1823 1652 1901 recepisse
1680 1820 2073 1897 criminantur,
2104 1830 2164 1881 et
2204 1822 2289 1880 sic
2315 1821 2443 1899 ejus
2481 1819 2626 1879 odio

206 1908 492 1959 conantur
518 1920 763 1977 gravare
815 1902 928 1961 Dei
954 1902 1277 1961 veritatem.
1364 1900 1489 1961 Nec
1532 1902 1734 1963 eadem
1773 1909 1968 1981 potest
2007 1918 2136 1961 esse
2175 1901 2324 1959 ratio
2351 1899 2630 1959 vocabuli

211 1978 623 2057 Providentiae,
653 1980 813 2058 quod
838 1981 1015 2041 etiam
1044 1982 1312 2041 Ethnicis
1338 1991 1680 2061 usurpatum
1708 1990 1798 2041 est
1824 1982 1901 2041 ad
1939 1981 2222 2060 figmenta
2264 1996 2370 2040 sua
2415 1979 2630 2039 confir-

213 2058 444 2135 manda,
474 2060 614 2137 quia
644 2060 755 2120 hoc
782 2060 844 2119 in
874 2061 1173 2139 Scriptura
1199 2061 1327 2140 ipsa
1352 2062 1618 2139 traditur,
1648 2061 1835 2121 fatum
1861 2080 2003 2121 vero
2031 2078 2414 2139 nequaquam.
2473 2060 2631 2120 Haec

210 2138 322 2199 fuit
350 2137 674 2217 Augustini
702 2141 1005 2217 sententia,
1034 2141 1138 2201 lib.
1168 2142 1246 2201 V.
1276 2140 1349 2203 de
1378 2142 1524 2202 C.D.
1555 2162 1606 2203 c,
1636 2142 1676 2201 i.
1706 2142 1778 2201 Si
1800 2144 1923 2219 quis
1949 2142 2134 2218 ipsam
2158 2141 2279 2199 Da·
2291 2146 2634 2217 potestatem

208 2221 300 2279 vel
321 2222 663 2281 voluntatem
673 2221 801 2296 fati
824 2222 1045 2281 nominc
1070 2224 1339 2300 appellat,
1368 2223 1701 2283 sententiam
1729 2230 1932 2299 teneat,
1957 2222 2209 2299 linquam
2235 2219 2506 2298 corrigat.

1152 2458 1543 2535 QUAESTIO
1584 2460 1708 2521 111.

999 2637 1081 2679 DE
1106 2637 1369 2680 onmem
1396 2634 1841 2681 Pnovmnm.

212 2776 311 2836 An
336 2775 527 2836 omnia
551 2778 762 2837 subsint
778 2779 1151 2855 Provcameae,
1182 2787 1301 2838 tam
1326 2779 1575 2856 mima,
1606 2797 1782 2856 quam
1807 2778 2081 2856 maxima,
2106 2743 2222 2839 uim
2247 2777 2631 2856 eonanmsa

660 2867 717 2916 et
740 2859 934 2936 libera,
964 2879 1139 2936 quam
1162 2859 1460 2918 naturalia
1486 2867 1542 2918 et
1564 2859 1885 2919 necessaria
1899 2860 1929 2918 ἓ
2019 2858 2141 2919 Aff.

827 3016 877 3076 Ι.
922 3015 1167 3077 Occasio
1196 3016 1545 3092 Quaestionis
1572 3018 1758 3078 oritur
1783 3038 1861 3078 ex
1885 3017 1978 3094 iis,
2010 3017 2112 3095 qui
2136 3016 2273 3076 licet
2299 3013 2627 3075 Providen-

744 3095 886 3154 tiam
944 3097 1057 3156 Dei
1100 3093 1411 3156 videantur
1463 3115 1799 3176 agnoscere,
1857 3117 1986 3157 eam
2039 3105 2234 3157 tamen
2283 3095 2630 3155 arctioribus

742 3174 1027 3235 limitibus
1053 3195 1229 3253 quam
1256 3195 1361 3253 par
1408 3186 1498 3236 est
1540 3178 1864 3254 includunt,
1915 3177 2056 3237 dum
2099 3196 2228 3236 eam
2254 3176 2353 3236 vel
2397 3174 2475 3234 ad
2511 3195 2627 3234 oos-

212 3253 387 3315 lestia
412 3262 638 3315 tantum
664 3255 1037 3333 restringunt,
1068 3264 1136 3315 ut
1184 3257 1249 3314 in
1276 3255 1687 3317 sublunaribus
1711 3257 1878 3318 locus
1927 3258 2004 3317 sit
2051 3256 2212 3317 casui
2257 3263 2320 3315 et
2360 3254 2628 3330 fortunae,

214 3355 285 3393 ac
314 3335 727 3413 contingentia
753 3353 961 3412 rerum,
992 3343 1059 3396 ut
1102 3336 1509 3415 Peripatetici3
1553 3337 1673 3396 Vel
1713 3336 1790 3396 ad
1831 3336 2168 3397 sublunaria
2207 3335 2383 3396 etiam
2425 3341 2628 3394 exten-

212 3414 381 3492 dunt,
412 3415 519 3474 sed
544 3415 845 3492 naturalia,
876 3435 995 3475 non
1042 3415 1229 3476 libera
1253 3424 1315 3476 et
1340 3416 1755 3496 contingentia,
1785 3425 1853 3476 ut
1882 3416 2199 3495 Pelagium,
2230 3416 2333 3495 qui
2367 3421 2436 3474 ut
2475 3413 2626 3472 face-

214 3502 346 3554 rent
372 3496 641 3555 homines
666 3495 898 3572 liberos,
928 3495 1191 3556 fecerunt
1230 3497 1437 3557 saci-ile
1478 3515 1584 3574 os;
1629 3498 1744 3557 Vel
1793 3497 1870 3556 ad
1918 3515 2013 3556 res
2059 3511 2302 3573 magnas
2349 3493 2624 3569 referunt,

214 3575 432 3635 vilibus
460 3583 521 3635 et
544 3575 787 3636 minutis
814 3575 949 3635 inde
978 3577 1281 3654 exemptis,
1312 3595 1393 3656 qu
1496 3584 1630 3657 post
1653 3576 2086 3656 Peripateticos,
2116 3576 2428 3635 voluerunt
2453 3572 2629 3633 etiam

213 3654 452 3732 quidam
478 3675 558 3714 ex
591 3655 982 3732 Scholasticis,
1013 3665 1073 3716 et
1098 3657 1355 3716 Thomas
1380 3656 1681 3736 imprimis,
1709 3657 1812 3737 qui
1837 3657 1878 3716 i.
1907 3675 1964 3736 q.
1993 3660 2090 3733 23,
2121 3655 2285 3715 artic.
2315 3657 2371 3731 ’1,
2403 3653 2624 3729 asserit,

214 3737 256 3768 “
282 3734 443 3812 quod
467 3735 608 3795 licet
638 3736 799 3795 Deus
828 3736 974 3795 sciat
1014 3753 1317 3796 numerum
1344 3735 1795 3814 individuorum,
1825 3755 2098 3798 numerus
2125 3743 2320 3796 tamen
2353 3733 2531 3793 boum
2567 3739 2628 3792 et

212 3813 483 3888 culicum,
514 3821 575 3873 et
600 3815 849 3874 aliorum
875 3814 1211 3893 hujusmodi
1249 3835 1369 3874 non
1410 3817 1487 3876 sit
1526 3817 1945 3909 praeordinatus
1985 3837 2022 3876 a
2064 3816 2252 3876 Dee.”
2336 3813 2461 3872 Nos
2485 3829 2626 3872 vero

213 3891 411 3950 omnia
438 3891 566 3952 sine
606 3895 965 3972 exceptione,
1010 3894 1137 3954 sive
1176 3893 1452 3971 coelestia,
1497 3913 1623 3954 sive
1665 3896 2016 3972 sublunaria,
2061 3896 2187 3956 sive
2227 3913 2458 3972 magna,
2501 3893 2626 3952 sive

216 3989 417 4048 parva,
450 3971 577 4031 sive
623 3972 795 4049 bona,
828 3974 953 4032 sive
1000 3973 1171 4048 mala,
1204 3971 1329 4032 sive
1370 3975 1696 4034 necessaria
1736 3984 1797 4035 et
1834 3975 2137 4051 naturalia,
2182 3975 2308 4034 sive
2347 3973 2530 4033 libera
2565 3977 2626 4030 et

216 4048 633 4127 contingentia,
668 4051 1059 4112 Providentiae
1087 4051 1303 4110 divinae
1330 4051 1569 4113 subesse
1596 4055 1903 4130 credimffl,
1935 4063 2002 4115 ut
2029 4053 2176 4114 nihil
2203 4055 2264 4113 in
2292 4071 2483 4113 rerum
2523 4069 2624 4111 na-

214 4135 347 4188 tura
372 4129 559 4206 possit
584 4129 712 4189 dari
738 4132 835 4191 vel
862 4130 1113 4207 evenire,
1145 4130 1303 4208 quod
1330 4131 1405 4191 ab
1434 4153 1504 4192 ea
1522 4153 1641 4192 11011
1667 4135 1936 4212 pendeat.

819 4210 907 4269 ΙΙ.
951 4210 1231 4271 Rationes
1256 4219 1411 4272 sunt.
1498 4217 1551 4272 1.
1582 4213 1732 4289 Quia
1760 4215 1923 4274 Deus
1951 4214 2144 4272 omnia
2171 4211 2424 4273 creavit:
2467 4209 2623 4288 Ergo

736 4298 797 4351 et
837 4290 1033 4350 omnia
1072 4299 1252 4352 curat.
1337 4291 1394 4350 N
1395 4311 1489 4351 am
1537 4291 1589 4353 si
1618 4295 1747 4353 Deo
1795 4294 2113 4372 gloriosum
2153 4293 2264 4352 fuit
2303 4312 2374 4352 ea
2412 4309 2618 4365 creare,

736 4370 1079 4448 probrosum
1106 4391 1223 4431 non
1250 4371 1424 4433 debet
1464 4392 1592 4433 esse
1626 4373 1716 4432 illi
1757 4393 1826 4434 ea
1867 4393 2086 4434 curare.
2171 4373 2300 4431 Imo
2342 4378 2408 4431 ut
2447 4367 2620 4444 semel

210 4451 449 4529 creavit,
480 4451 756 4512 continuo
784 4471 1127 4511 conservare
1152 4459 1213 4512 et
1251 4471 1452 4528 regere
1494 4460 1737 4529 tenetur,
1769 4452 2056 4532 siquidem
2085 4454 2247 4513 Deus
2286 4471 2430 4530 opus
2456 4467 2616 4508 suum

214 4553 510 4613 nunquam
537 4531 770 4610 deserit,
803 4531 907 4592 sed
933 4530 1021 4590 illi
1046 4539 1323 4610 perpetuo
1350 4531 1553 4592 adesse
1583 4531 1774 4611 debet,
1805 4553 1878 4594 ne
1905 4536 1966 4594 in
1993 4534 2238 4594 nihilum
2267 4531 2564 4592 relabetur.

263 3077 469 3124 Occasio
492 3077 651 3128 Quos-

376 3135 543 3182 tionis.

242 4271 423 4319 Omnia
462 4274 669 4320 subsunt

273 4329 616 4379 Providentia.

2985 2392 3012 2499 Δ

2171 5187 2178 5196 ι

784 5217 914 5225 Δ..-.-
1111 5219 1136 5225 --
1649 5209 1698 5222 -Δ
1870 5214 1881 5222 a
1984 5014 3010 5225 *ἠέ
