3300 5225
562 287 679 345 508
1512 298 1696 340 Locus
1727 298 2032 341 summus.
2601 279 2870 362 [Qun-:sm
2905 302 2988 341 rx.

556 452 711 503 tores
754 442 1075 519 promiscue
1120 441 1194 501 sit
1222 445 1453 522 λατρείας
1482 448 1539 497 et
1570 440 1793 504 >ova-las
1823 439 2189 516 significatiO,
2208 449 2274 498 ut
2301 441 2468 499 facile
2497 441 2730 499 ostendi
2755 450 2982 519 posset,

556 533 619 583 et
645 544 681 583 a
708 523 877 581 nobis
903 523 1042 582 alibi
1069 521 1193 581 fuse
1222 523 1527 598 probatum
1554 529 1659 595 est,
1693 519 1860 596 Disp.
1888 519 1948 577 ii.
1979 518 2052 578 de
2085 519 2306 579 Secess.
2336 520 2410 579 ab
2440 520 2510 578 E.
2543 521 2620 579 R.

858 654 869 665 ,
1205 601 1455 659 XVIII.
1488 600 1726 673 Quart0,
1749 600 1935 658 Nemo
1963 599 2256 677 objectum
2283 607 2475 677 potest
2503 619 2630 659 esse
2659 601 2858 661 cultus
2891 622 2978 660 re-

638 656 684 705 4,
704 670 735 698 ¹²
754 654 979 701 Ratnone.
1078 680 1275 758 ligiosi
1297 689 1356 739 et
1380 679 1790 755 Invocationis,
1815 679 1916 755 qui
1935 698 2053 736 non
2082 680 2158 739 sit
2177 679 2486 755 omm'scius,
2511 687 2570 738 et
2587 681 2942 756 mnnspotem
2961 706 2984 739 .-

556 781 693 819 nam
718 760 973 819 omnium
1000 761 1217 838 ubique
1258 759 1631 819 necessitates
1675 767 1732 817 et
1759 778 1958 835 preces
1999 778 2168 818 nosse
2195 778 2366 818 nemo
2401 766 2598 836 potest
2629 760 2747 818 nisi
2781 762 2977 819 omni-

558 841 711 899 scius
739 848 802 899 et
838 836 1243 919 ιαςδιογιόνης,
1264 859 1371 899 nec
1398 858 1499 898 eas
1526 838 1801 897 exaudire
1823 838 1938 897 nisi
1959 840 2354 915 omnipotens3
2387 839 2488 915 qui
2515 858 2654 917 ergo
2683 840 2822 899 talis
2849 861 2978 899 non

554 928 659 993 est,
711 920 923 978 frustra
962 922 1037 977 ad
1078 940 1210 979 cum
1258 920 1448 979 cultus
1496 925 1553 976 et
1596 918 1889 977 invocatio
1925 918 2211 996 dirigitur.
2307 918 2426 978 Sed
2461 918 2866 979 omniscientia
2913 929 2980 979 et

554 999 969 1075 omnipotentia
996 1009 1132 1059 sunt
1170 1000 1549 1077 proprietates
1576 998 1688 1056 soli
1717 999 1844 1057 Deo
1884 998 2145 1076 propriae,
2189 1006 2250 1057 et
2275 998 2550 1058 creaturis
2579 999 2850 1059 omnibus
2877 1001 2982 1057 in-

554 1078 1077 1139 communicabilem

634 1158 825 1217 XIX.
870 1158 1101 1233 Quinto,
1150 1157 1201 1217 si
1239 1159 1399 1218 licita
1440 1166 1593 1217 esset
1634 1158 1870 1238 &gno-asia
1919 1155 2300 1233 Angelorum,
2347 1157 2584 1233 aliquod
2624 1157 2862 1216 daretur
2905 1159 2974 1215 in

558 1238 853 1315 Scriptura
881 1241 1009 1316 ejus
1036 1238 1389 1313 mandatum,
1420 1238 1516 1297 vel
1557 1238 1920 1314 promissum,
1950 1237 2048 1295 vel
2075 1236 2406 1314 exemplum
2445 1237 2782 1313 probatum3
2830 1258 2972 1297 cum

552 1337 690 1377 vero
718 1318 866 1375 nihil
892 1318 1007 1377 tale
1046 1318 1221 1378 affere
1246 1318 1471 1395 possint
1498 1316 1856 1392 Adversarii,
1887 1335 1964 1375 ex
1991 1336 2060 1375 eo
2097 1324 2255 1393 patet
2281 1336 2496 1375 meram
2533 1336 2662 1375 esse
2695 1317 2972 1397 ὅοιλοθςησ-

552 1399 717 1534 ιᾶιίιυς
762 1397 1047 1474 Exempla
1072 1418 1213 1457 vero
1254 1417 1383 1475 quae
1413 1398 1486 1456 ab
1514 1396 1656 1473 ipsis
1697 1395 2028 1471 afferuntur,
2059 1416 2176 1455 non
2203 1396 2320 1455 huc
2355 1396 2560 1469 facere,
2591 1396 2740 1453 infra
2765 1407 2966 1455 osten·

598 1487 741 1536 etur.

634 1554 789 1613 XX.
836 1555 1032 1631 Sext0,
1067 1556 1271 1615 Cultus
1298 1556 1407 1615 iste
1434 1574 1551 1613 non
1578 1554 1759 1613 semel
1786 1574 1822 1613 a
1861 1554 2130 1613 Patribus
2171 1556 2230 1612 in
2259 1555 2463 1614 Veteri
2492 1554 2757 1613 Ecclesia
2795 1555 2964 1613 dam-

551 1645 723 1694 natus
750 1642 875 1709 est;
918 1654 1103 1711 pauca
1144 1655 1177 1693 e
1218 1635 1417 1693 multis
1456 1634 1788 1693 testimonia
1827 1634 2048 1692 damus.
2133 1635 2374 1705 Tertull.
2401 1635 2504 1694 lib.
2533 1634 2608 1692 de
2633 1634 2963 1711 Praescript.

553 1734 678 1790 cap.
727 1717 852 1786 33‚-
881 1714 977 1789 ait,
1028 1716 1063 1746 ‘⁴
1097 1714 1438 1772 Simoniacae
1478 1714 1687 1791 magiae
1729 1712 2090 1791 disciplinam
2134 1714 2382 1790 Angelis
2425 1714 2766 1773 servientem
2808 1714 2966 1773 inter

553 1792 911 1852 idololatrias
938 1792 1295 1868 collocatam,
1340 1801 1401 1851 et
1426 1812 1461 1851 a
1500 1793 1676 1851 Petro
1703 1793 1992 1869 Apostolo
2027 1793 2090 1851 in
2131 1794 2256 1871 ipso
2298 1794 2530 1853 Simone
2566 1793 2958 1852 damnatam.'’

553 1871 941 1949 Augustinus,
970 1874 1108 1931 haer.
1132 1876 1229 1948 39,
1272 1873 1565 1949 Anqdicos
1591 1874 1674 1931 ita
1694 1873 1882 1931 dictos
1909 1893 2036 1932 esse
2063 1872 2284 1948 asserit,
2315 1873 2472 1950 quod
2500 1874 2560 1929 in
2589 1871 2956 1949 Angelorum

547 1952 767 2011 cultum
796 1950 1153 2028 inclinarent,
1184 1972 1331 2030 quos
1370 1952 1583 2011 refellit
1622 1973 1747 2030 cap.
1777 1953 1882 2011 ult.
1911 1952 1985 2011 de
2013 1953 2172 2011 Vera
2201 1952 2394 2029 Relig.
2441 1954 2476 1985 “
2509 1952 2642 2010 Hoc
2670 1952 2828 2028 ipsos
2857 1972 2954 2029 op-

545 2032 721 2090 timos
747 2030 1011 2109 Angelos
1038 2041 1097 2091 et
1124 2032 1610 2092 excellentissima
1653 2033 1764 2091 Dei
1791 2032 2110 2091 ministeria
2137 2032 2288 2090 velle
2317 2031 2636 2106 credamus,
2681 2040 2748 2090 ut
2773 2050 2954 2091 unum

545 2129 678 2171 cum
704 2111 847 2188 ipsis
874 2112 1131 2172 colamus
1160 2113 1368 2189 Deum,
1400 2113 1567 2190 cujus
1594 2112 2076 2189 contemplatione
2103 2111 2260 2171 beati
2297 2113 2488 2186 sunt,''
2521 2110 2629 2170 ἀει.
2705 2114 2740 2144 “
2763 2110 2955 2185 Quare

546 2193 897 2250 honoramus
924 2210 1023 2251 eos
1052 2193 1347 2267 charitate,
1376 2212 1493 2250 non
1523 2191 1818 2267 servitute,
1851 2192 1975 2251 Nec
2003 2192 2087 2249 eis
2114 2192 2356 2269 Templa
2396 2190 2800 2267 construimuS,
2843 2211 2948 2249 no-

544 2270 674 2330 lunt
700 2271 853 2331 enim
882 2291 943 2330 se
974 2272 1055 2331 sic
1084 2272 1352 2331 honorari
1378 2292 1416 2329 a
1441 2272 1627 2346 nobis,
1657 2272 1796 2348 quia
1821 2290 1929 2329 nos
1955 2272 2131 2348 ipsos,
2163 2290 2294 2329 cum
2321 2271 2462 2329 boni
2490 2290 2706 2345 sumus,
2736 2272 2957 2347 templa

546 2350 757 2409 summi
788 2350 901 2409 Dei
929 2371 1055 2410 esse
1082 2352 1429 2411 noverunt.’'
1490 2351 1789 2428 Origenes,
1823 2350 1926 2411 lib.
1957 2351 1995 2410 i.
2025 2360 2085 2411 et
2111 2371 2190 2427 v.,
2221 2357 2422 2409 contra
2450 2350 2699 2423 Celsum,
2729 2351 2956 2426 prolixe

547 2430 806 2489 vindicat
831 2429 876 2489 J
878 2430 1075 2490 udaeos
1102 2440 1162 2490 et
1189 2432 1547 2490 Christianos
1573 2451 1609 2489 a
1635 2440 2022 2491 creaturarum
2055 2431 2231 2506 cultu,
2263 2440 2323 2489 et
2347 2431 2388 2489 l.
2417 2430 2517 2488 vii.
2547 2438 2825 2506 extrem0,
2849 2430 2954 2488 do·

546 2517 641 2568 cet
666 2528 767 2568 eos
812 2512 847 2541 ‘⁴
876 2529 1139 2570 recusare
1168 2512 1353 2571 colere
1382 2511 1692 2588 quicquam
1724 2518 1932 2589 praeter
1961 2512 2148 2570 Deum
2183 2510 2584 2569 universorum
2619 2508 2954 2583 Dominum,

546 2596 605 2648 et
633 2588 895 2648 Verbum
920 2590 1046 2668 ejus
1073 2591 1518 2669 primogenitum
1548 2591 1734 2650 omnis
1771 2592 2104 2651 creaturae.’'
2191 2590 2456 2650 Lactant.
2497 2590 2598 2648 lib.
2628 2590 2668 2648 i.
2697 2610 2824 2667 cap.
2854 2593 2953 2649 20.

548 2670 585 2701 ‘⁴
616 2667 847 2747 Religio
869 2679 927 2729 et
953 2672 1247 2730 veneratio
1274 2671 1491 2746 nulla,''
1521 2672 1726 2748 inquit,
1761 2671 1932 2730 “nisi
1957 2671 2128 2731 unius
2157 2671 2272 2729 Dei
2297 2669 2546 2730 tenenda
2571 2671 2718 2730 est.”
2803 2671 2958 2728 Con-

546 2749 743 2810 cilium
773 2749 1181 2824 Laodicenum,
1212 2771 1306 2809 an.
1336 2754 1453 2810 364
1484 2759 1919 2828 congregatum,
1951 2751 2050 2810 Ca.
2081 2752 2176 2826 35,
2209 2750 2428 2809 cultum
2457 2749 2821 2826 Angelorum
2850 2770 2954 2808 ex-

546 2849 741 2907 presse
768 2829 1021 2904 damnat,
1066 2838 1126 2888 et
1152 2830 1355 2889 statuit
1398 2833 1434 2862 ‘⁴
1464 2831 1729 2906 Angelos
1769 2831 2083 2905 nominare,
2123 2839 2182 2890 et
2223 2830 2702 2906 congregationes
2744 2829 2951 2904 facere,

546 2927 673 2968 esse
704 2909 1025 2967 Ecclesiam
1056 2909 1167 2967 Dei
1193 2910 1469 2986 linquere,
1502 2909 1744 2968 occultae
1784 2909 2125 2969 idololatria
2153 2929 2378 2984 vacare,
2421 2917 2481 2967 et
2510 2909 2801 2968 Christum
2851 2910 2952 2968 de-

545 2989 925 3064 relinquere.”
958 2989 1144 3046 Carol.
1178 2989 1337 3065 Mag.
1368 2989 1428 3046 in
1467 2988 1692 3064 Capitu.
1721 2988 1822 3047 lib.
1852 2988 1892 3047 i.·
1921 3009 2046 3066 cap.
2090 2993 2141 3067 1,
2190 2992 2226 3024 “
2253 3009 2372 3049 non
2411 2989 2716 3048 mediocris
2745 2997 2834 3048 est
2861 3009 2952 3048 er-

545 3087 655 3140 ror,
688 3085 819 3203 effi
846 3066 1007 3203 aligld
1033 3068 1304 3126 adoratur
1324 3068 1483 3127 cultu
1500 3067 1798 3145 religionis
1826 3089 2000 3145 quam
2027 3070 2077 3128 is
2104 3068 2205 3147 qui
2223 3069 2390 3144 dixit,
2424 3069 2737 3127 Dominum
2758 3069 2950 3128 Deum

548 3153 711 3204 tuum
816 3165 917 3203 ora
959 3145 1065 3203 ‘sl’

1186 3227 1377 3288 XXI.
1422 3228 1595 3287 Alius
1639 3233 1729 3286 est
1769 3229 1946 3288 cultus
1985 3229 2260 3305 reliyiosoe
2305 3227 2674 3303 adorationis,
2717 3225 2819 3302 qui
2862 3225 2950 3284 illi

617 3289 953 3393 Foaffiuffilu-
1068 3307 1178 3366 soli
1206 3307 1462 3384 debetur,
1482 3327 1656 3385 quem
1677 3309 2159 3386 apprehendimus
2176 3317 2243 3367 ut
2263 3307 2608 3385 principium
2631 3306 2954 3366 Creationis

1068 3395 1128 3447 et
1156 3387 1595 3467 Redemptionis
1620 3396 1834 3447 nostrae
1858 3411 1872 3465 ς
1938 3387 2112 3448 Alius
2138 3388 2486 3464 subjectionis
2499 3387 2691 3462 civilis,
2723 3386 2826 3463 qui
2853 3406 2954 3444 ex-

546 3468 779 3528 hibetur
805 3467 977 3528 alicui
1005 3469 1225 3528 ratione
1252 3468 1558 3545 peculiaris
1591 3473 1831 3548 ὑπςοχὶῖς
1857 3475 1918 3527 et
1944 3467 2185 3527 dominii
2213 3467 2370 3544 quod
2397 3467 2584 3525 habet·
2601 3466 2662 3523 in
2690 3465 2952 3539 alterum,

543 3568 659 3624 quo
706 3548 949 3608 colimus
991 3549 1284 3622 Parentes,
1338 3547 1736 3624 Magistratus,
1783 3555 1843 3605 et
1883 3547 2030 3606 alios
2073 3548 2134 3605 in
2177 3547 2525 3606 authoritate
2569 3545 2952 3620 constitutos3

545 3628 719 3687 Alius
734 3629 967 3687 moralis
985 3629 1323 3704 reverentia,
1342 3647 1472 3705 quae
1482 3627 1792 3686 exhibetur
1806 3627 2068 3704 personis
2085 3635 2318 3704 propter
2333 3625 2736 3684 excellentiam
2753 3643 2950 3683 earum

541 3728 617 3765 ex
659 3728 721 3766 se
762 3707 1266 3782 consideratarum,
1298 3708 1517 3784 absque
1545 3706 1801 3765 dominio
1828 3705 2110 3781 honorati,
2146 3707 2240 3764 vel
2273 3707 2550 3764 servitute
2587 3704 2948 3763 honorantis.

544 3785 760 3863 Angeli
788 3787 900 3845 coli
926 3795 1169 3862 possunt
1195 3795 1485 3864 postremo
1510 3787 1621 3845 hoc
1650 3785 1842 3845 cultus
1869 3805 2098 3863 genere,
2129 3785 2232 3844 sed
2260 3805 2376 3844 non
2403 3784 2605 3862 prim0,
2637 3783 2796 3862 quod
2819 3784 2948 3842 Deo

542 3865 651 3924 soli
678 3885 805 3923 com
847 3866 967 3925 etit.

622 3885 845 4002 XXIII?
890 3945 1177 4022 Exempla
1216 3965 1345 4021 quae
1384 3952 1660 4022 petuntur
1698 3963 1802 4020 pro
1843 3944 2176 4004 adoratione
2217 3943 2594 4024 Angelorum·
2625 3963 2701 4002 ex
2729 3942 2806 4002 V.
2853 3942 2947 4016 T„

541 4022 656 4081 Vel
683 4021 980 4082 referenda
1007 4031 1141 4082 sunt
1167 4023 1243 4081 ad
1270 4023 1662 4082 adorationem
1711 4023 1940 4081 civilem
1969 4043 2184 4100 eorum,
2215 4025 2316 4101 qui
2345 4023 2453 4082 sub
2481 4023 2672 4099 specie
2693 4023 2946 4080 humana

539 4101 656 4160 illis
682 4103 1052 4178 apparebant,
1078 4103 1253 4180 juxta
1276 4121 1493 4160 morem
1526 4101 1922 4180 Orientalium,
1954 4111 2012 4163 et
2039 4105 2140 4181 qui
2167 4103 2647 4162 existimabantur
2681 4102 2945 4160 homines

539 4199 683 4255 esse,
728 4189 794 4240 ut
820 4183 1041 4239 Bellar.
1082 4181 1184 4240 lib.
1214 4181 1287 4240 de
1317 4181 1527 4240 Beatit.
1576 4181 1770 4242 Sanct.
1811 4202 1934 4260 cap.
1971 4187 2062 4259 13,
2107 4203 2224 4241 non
2257 4181 2566 4242 diffitetur:
2612 4181 2727 4240 Vel
2767 4181 2942 4258 perti·

537 4267 679 4319 nent
704 4260 779 4318 ad
808 4259 1103 4336 Angelum
1132 4260 1465 4337 increatum,
1500 4260 1714 4320 Filium
1746 4263 1856 4322 Dei
1885 4263 2124 4340 scilicet,
2154 4263 2255 4340 qui
2283 4262 2344 4320 in
2371 4261 2715 4338 praeludium
2744 4261 2940 4320 Incar-

538 4339 787 4400 nationis
830 4340 1100 4399 Patribus
1140 4339 1249 4400 sub
1290 4340 1394 4398 tali
1434 4341 1624 4418 specie
1654 4361 1804 4420 saepe
1834 4342 2114 4419 apparuit,
2145 4342 2302 4419 quod
2331 4341 2498 4401 facile
2527 4341 2821 4418 colligitur
2861 4361 2938 4399 ex

538 4419 984 4480 circumstantiis
1021 4419 1295 4479 locorum.
1368 4420 1579 4480 Genea.
1611 4421 1776 4479 xviii.
1807 4421 2104 4481 Abraham
2132 4421 2460 4500 procumbit
2487 4441 2682 4481 coram
2705 4440 2822 4480 uno
2863 4441 2938 4478 ex

538 4501 804 4579 Angelis,
848 4499 948 4577 qui
976 4502 1108 4559 eum
1136 4500 1373 4559 allocuti
1413 4509 1590 4574 erant,
1636 4521 1712 4560 ex
1753 4521 1868 4578 quo
1911 4501 2188 4578 cognovit
2227 4521 2358 4560 eum
2393 4521 2520 4560 esse
2565 4502 2772 4574 Deum,
2809 4500 2938 4558 ideo

486 4633 505 4650 ,
535 4600 665 4641 eum
684 4589 857 4641 vocat
870 4581 1163 4640 Jehovam.
1207 4584 1261 4640 2.
1287 4580 1428 4641 Orat
1454 4599 1587 4640 eum
1612 4601 1718 4659 pro
1747 4581 2138 4640 incolumitate
2171 4581 2456 4641 Sodomae.
2503 4584 2559 4640 3.
2584 4580 2775 4640 Vocat
2803 4599 2935 4638 cum
