3300 5225
555 315 674 374 256
1495 331 1679 376 mous
1706 331 1974 374 rannus.
2460 307 2716 392 [QuAEsr.
2747 327 2964 372 xxvm.

1159 473 1341 533 XVI.
1375 479 1431 534 2.
1450 475 1803 534 Ιηινηοηεὶιαε
1830 484 1885 533 et
1904 473 2385 549 Omniproesentia,
2406 490 2585 549 quum
2606 471 2819 530 dicitur
2834 491 2965 532 esse

1077 554 1139 612 in
1155 555 1344 614 medio
1368 574 1602 614 suorum
1617 555 1948 631 ubicunque
1964 575 2071 613 con
2076 553 2301 630 gregati
2317 552 2547 628 fuerint,
2564 552 2775 610 Matth.
2795 552 2961 611 xviii.

555 637 651 710 20,
684 643 743 694 et
769 635 978 695 xxviii.
1009 637 1104 710 20,
1152 638 1188 668 ‘⁴
1207 636 1360 694 Ecce
1388 654 1500 711 ego
1527 635 1831 694 vobiscum
1877 653 2023 709 sum,
2059 652 2241 709 usque
2289 632 2365 691 ad
2408 632 2962 691 consummationem

554 715 940 774 seculorum.”
1023 715 1103 774 Et
1129 716 1172 775 J
1177 735 1228 774 0.
1257 715 1339 774 iii.
1373 717 1466 789 13,
1499 717 1536 748 ‘⁶
1560 714 1745 773 Nemo
1773 713 2034 773 ascendit
2058 713 2120 771 in
2148 712 2374 787 coslum,
2399 713 2513 771 nisi
2532 712 2635 789 qui
2660 711 2961 771 descendit

552 814 587 854 e
615 795 779 871 coelo,
810 793 1080 854 nimirum
1111 795 1297 854 Filius
1323 794 1574 852 hominis
1601 795 1703 870 qui
1730 801 1820 852 est
1845 793 1907 851 in
1948 792 2153 868 coelo,''
2191 792 2293 851 ubi
2321 793 2587 852 Christus
2626 792 2871 870 loquens
2898 794 2958 852 in

553 875 740 950 terris,
772 874 915 933 dicit
941 895 1003 933 se
1031 893 1159 933 esse
1186 874 1247 932 in
1275 874 1422 932 coelo
1446 896 1460 949 ;
1504 892 1675 932 nemo
1704 891 1842 931 vero
1882 881 2076 950 potest
2101 891 2227 930 esse
2270 881 2328 930 et
2354 871 2416 930 in
2444 872 2591 931 coelo
2620 882 2679 931 et
2704 873 2767 931 in
2808 881 2961 932 terra

553 954 742 1030 simul,
773 953 886 1012 nisi
913 954 1016 1031 qui
1041 953 1226 1031 replet
1252 954 1463 1012 coelum
1490 961 1550 1012 et
1573 961 1805 1011 terram.
1890 951 1945 1009 N
1946 971 2013 1010 ec
2039 950 2361 1011 audiendus
2392 953 2654 1026 Socinus,
2685 953 2787 1030 qui
2812 973 2956 1029 prae·

551 1053 687 1092 sens
715 1035 954 1110 exponit
979 1053 1083 1110 per
1108 1032 1477 1111 praeteritum,
1499 1040 1565 1090 ut
1591 1031 1819 1090 dicatur
1836 1031 2025 1090 Filius
2050 1031 2301 1090 hominis
2329 1052 2365 1089 a
2392 1033 2538 1091 coslo
2567 1032 2953 1108 descendisse,

549 1122 609 1172 et
635 1114 697 1171 in
723 1114 870 1172 coslo
909 1112 1126 1172 fuisse·
1112 1158 1127 1189 ,
1171 1113 1308 1190 quia
1347 1118 1674 1204 repugnant
1709 1111 1889 1169 verba
1930 1111 2195 1170 Christi
2173 1139 2196 1169 o
2224 1110 2286 1168 ὃν
2314 1114 2355 1169 ἐν
2378 1139 2447 1169 τυ
2478 1116 2679 1194 οὖςωιᾷ,
2711 1133 2841 1190 quae
2882 1113 2956 1171 de

545 1193 819 1270 praesenti
847 1193 1156 1251 existentia
1183 1191 1245 1249 in
1272 1191 1418 1250 coelo
1440 1191 1614 1249 etiam
1635 1200 1942 1268 postquam
1962 1189 2263 1250 descendit
2284 1191 2356 1252 de
2384 1193 2549 1268 coelo,
2569 1213 2687 1251 non
2714 1191 2788 1251 de
2808 1213 2952 1271 prae-

546 1272 716 1330 terita
743 1271 992 1348 intelligi
1019 1291 1112 1330 res
1139 1272 1267 1349 ipsa
1292 1270 1584 1347 loquitur3
1629 1269 1999 1330 descendisse
2027 1290 2166 1348 ergo
2194 1271 2268 1330 de
2296 1272 2443 1331 coelo
2471 1272 2683 1333 dicitur
2708 1292 2811 1350 per
2854 1273 2952 1330 In-

544 1352 952 1426 carnationem,
985 1351 1086 1428 qui
1113 1351 1175 1410 in
1201 1350 1350 1410 coelo
1379 1369 1605 1428 semper
1631 1359 1757 1408 erat
1780 1370 1885 1428 per
1910 1351 2372 1411 immensitatem.

1147 1431 1364 1490 XVII.
1413 1430 1830 1505 Omnipotentt‘a
1864 1430 1953 1488 illi
1980 1430 2253 1490 tribuitur
2281 1432 2467 1509 Apoc.
2498 1431 2535 1490 i.
2567 1433 2623 1508 8,
2654 1439 2713 1491 et
2739 1431 2821 1490 xi.
2855 1435 2947 1507 17,

1063 1510 1166 1571 ubi
1193 1518 1434 1570 vocatur
1459 1510 1853 1603 ara-,ronga'wffi
1896 1511 1939 1570 J
1944 1529 1996 1567 o
2025 1531 2083 1568 v.
2119 1513 2211 1585 17,
2241 1511 2343 1571 ubi
2384 1511 2596 1570 dicitur
2635 1512 2829 1571 omnia
2867 1511 2951 1570 fa·

541 1611 671 1650 cere
700 1611 830 1670 quae
859 1592 1034 1651 Pater
1059 1589 1229 1668 facit3
1261 1599 1322 1650 et
1349 1590 1504 1648 Heb.
1533 1590 1572 1648 i.
1603 1593 1661 1665 3,
1692 1591 1885 1649 omnia
1910 1599 2139 1668 portare
2169 1590 2367 1649 Verbo
2396 1611 2501 1650 suo
2529 1591 2767 1668 potenti.
2829 1591 2951 1651 Nec

541 1672 593 1730 si
622 1672 809 1731 Filius
837 1671 983 1730 nihil
1010 1678 1226 1764 potest
1243 1670 1429 1728 facere
1457 1689 1492 1727 a
1519 1671 1709 1747 seipso
1754 1669 1976 1729 ratione
2016 1669 2236 1729 ordinis
2276 1677 2336 1729 et
2378 1671 2637 1747 originis,
2678 1673 2949 1730 continuo

542 1753 804 1829 sequitur
828 1752 1146 1829 potentiam
1173 1747 1301 1828 ejus
1344 1769 1472 1808 esse
1500 1749 1805 1808 limitatam
1846 1757 1906 1808 et
1946 1749 2402 1827 dependentem3
2467 1751 2604 1828 quia
2643 1751 2949 1812 diversitas

541 1831 760 1890 ordinis
787 1851 904 1890 non
932 1830 1068 1888 facit
1085 1829 1480 1889 diversitatem
1507 1829 1773 1888 essentiae
1801 1837 1864 1887 et
1880 1830 2131 1889 virtutis.
2184 1830 2394 1889 Matth.
2417 1831 2624 1889 xxviii.
2648 1833 2740 1907 18,
2762 1832 2947 1892 omnis

538 1919 797 1989 potestas
824 1911 912 1970 illi
939 1910 1076 1968 data
1103 1909 1328 1985 dicitur,
1353 1929 1482 1986 quse
1499 1909 1773 2002 supponit
1792 1909 2117 1968 necessario
2146 1910 2636 1988 omnipotentiam,
2666 1931 2773 1969 nec
2796 1911 2947 1970 enim

539 2011 768 2050 omnem
795 1998 1141 2082 potestatem
1167 1997 1363 2066 posset
1389 1988 1602 2048 habere
1643 1989 1707 2047 in
1734 1988 1883 2047 coelo
1923 1997 1983 2048 et
2009 1997 2177 2066 terra,
2209 2008 2327 2067 qua
2354 1990 2660 2067 Mediator,
2690 1991 2804 2050 nisi
2843 1991 2945 2051 ha-

537 2070 702 2130 beret
729 2069 1202 2148 omnipotentiam
1229 2089 1346 2145 qua
1374 2070 1552 2128 Deus.

1180 2145 1432 2207 XVIII.
1483 2148 1879 2209 Omni-scientia
1920 2148 1992 2208 de
2033 2169 2103 2210 eo
2144 2150 2504 2243 praedicatur,
2550 2151 2594 2210 J
2595 2171 2649 2210 o
2692 2150 2815 2211 xxi.
2849 2154 2943 2210 17.

626 523 980 573 Immensitate.

591 1481 972 1541 omnipotentia-

612 2202 979 2250 omniscientis.

534 2313 690 2386 quod
713 2310 901 2368 omnia
926 2310 1113 2382 nosti;
1142 2319 1382 2368 vocatur
1407 2335 1476 2366 xa
1478 2305 1801 2402 &agndae-225,
1838 2308 2022 2386 Apoc.
2052 2310 2112 2369 ιι.
2142 2313 2238 2387 23,
2254 2310 2354 2387 qui
2380 2311 2537 2388 ipsas
2565 2310 2946 2388 cogitationes

535 2389 725 2448 cordis
751 2390 932 2464 novit,
966 2389 1108 2447 Luc.
1138 2388 1218 2447 vi.
1248 2391 1303 2464 8,
1336 2397 1394 2447 et
1421 2390 1464 2449 J
1468 2409 1520 2448 o
1549 2389 1609 2448 ιι.
1641 2393 1738 2466 24,
1780 2392 1876 2448 25.
1962 2390 2084 2449 Nec
2126 2390 2242 2448 dici
2276 2398 2468 2469 potest
2502 2391 2611 2448 hoc
2650 2391 2944 2449 Christum

533 2470 746 2528 habere
773 2490 877 2547 per
912 2468 1342 2545 revelationem,
1384 2469 1522 2545 quia
1549 2469 1713 2529 Deus
1752 2470 1863 2528 hoc
1905 2470 2015 2528 soli
2056 2469 2167 2529 sibi
2196 2478 2403 2545 servat,
2454 2473 2483 2528 1
2518 2470 2666 2546 Reg.
2696 2470 2818 2528 viii.
2844 2473 2943 2530 39.

539 2549 794 2609 Christus
821 2549 1082 2608 dicitur
1058 2569 1326 2626 tynorare
1353 2550 1500 2607 diem
1525 2550 1749 2626 judicii,
1798 2549 1979 2608 Marc.
2008 2549 2133 2609 xiii.
2164 2553 2259 2627 32,
2302 2569 2420 2607 ιιοιι
2448 2569 2563 2628 qua
2592 2549 2779 2609 Filius
2810 2549 2939 2645 Dei,

535 2629 640 2689 sed
666 2644 784 2707 qua
811 2630 997 2687 Filius
1039 2628 1305 2703 hominis,
1335 2629 1524 2706 qualis
1551 2630 1626 2688 ab
1654 2630 2143 2708 interrogantibus
2180 2630 2655 2707 conspiciebatur.
2741 2630 2797 2689 N
2798 2651 2863 2690 ec
2892 2631 2945 2690 si

533 2713 685 2769 solus
712 2712 891 2767 Pater
918 2708 1130 2767 dicitur
1154 2709 1302 2768 illud
1327 2729 1514 2786 nosse,
1558 2709 1671 2769 hoc
1700 2709 1958 2769 excludit
1986 2710 2373 2788 cognitionem
2402 2710 2541 2768 Fihi
2569 2718 2629 2769 et
2673 2710 2939 2787 Spiritus,

535 2790 638 2866 qui
683 2788 968 2867 profunda
1012 2788 1124 2847 Dei
1172 2798 1491 2866 scrutatur;
1536 2790 1669 2849 Non
1706 2792 1894 2868 magis
1922 2810 2112 2867 quam,
2146 2790 2355 2849 Matth.
2386 2790 2465 2849 xi.
2497 2793 2593 2865 27,
2640 2791 2814 2850 Pater
2839 2812 2942 2868 po-

533 2876 650 2929 test
669 2870 786 2929 dici
813 2870 1066 2947 seipsum
1094 2869 1377 2946 ignorare,
1409 2890 1586 2946 quum
1614 2890 1773 2928 nemo
1790 2890 2115 2947 coynoscere
2136 2869 2347 2929 dicitur
2362 2871 2598 2929 Patrem
2618 2872 2728 2929 nisi
2739 2872 2941 2930 Filius·

531 2950 698 3009 Solus
726 2970 864 3027 ergo
890 2968 1008 3007 ιιοιι
1030 2949 1288 3008 excludit
1328 2968 1526 3009 omnes
1555 2950 1907 3027 simpliciter,
1954 2950 2057 3009 sed
2083 2950 2259 3008 illos
2242 2970 2303 3007 ιιι
2344 2959 2501 3009 certo
2543 2970 2755 3027 genere
2796 2971 2943 3027 quos

535 3049 653 3087 non
679 3030 952 3089 intererat
977 3030 1088 3088 hoc
1117 3029 1279 3106 scire,
1309 3030 1447 3088 nim.
1477 3030 1758 3106 homines,
1802 3038 1869 3089 ut
1898 3031 1981 3089 sic
2006 3030 2193 3107 parati
2220 3048 2447 3107 semper
2472 3040 2667 3091 essent
2706 3038 2766 3089 et
2792 3030 2940 3108 vigi-

533 3110 736 3185 larent,
769 3128 840 3167 ne
869 3109 994 3168 dies
1020 3108 1130 3169 iste
1156 3108 1574 3169 dormientibus
1602 3119 1662 3169 et
1688 3110 1983 3187 imparatis
2012 3109 2424 3187 superveniret.

1137 3189 1327 3249 XIX.
1369 3191 1817 3267 Immutabilitas,
1850 3190 2006 3249 Heb.
2033 3191 2074 3249 i.
2108 3193 2200 3265 11,
2236 3193 2327 3265 12,
2364 3190 2507 3250 Oaezi
2538 3190 2819 3267 peribunt,
2854 3192 2940 3248 Tu

1055 3279 1241 3328 autem
1273 3290 1596 3346 permanes,
1625 3272 1789 3329 Idem
1814 3290 2033 3347 semper·
2060 3290 2132 3346 es,
2164 3278 2219 3327 et
2242 3271 2383 3329 anni
2420 3270 2504 3328 tui
2526 3292 2637 3330 non
2666 3271 2937 3349 deficiunt,

533 3364 664 3421 quse
693 3346 764 3405 de
792 3348 963 3406 unico
983 3368 1123 3409 vero
1153 3351 1281 3408 Deo
1309 3350 1439 3424 dici,
1471 3359 1699 3411 constat
1727 3371 1803 3410 ex
1832 3350 1929 3409 Ps.
1958 3349 2052 3409 cii.
2081 3348 2235 3408 unde
2264 3350 2376 3409 ista
2401 3350 2720 3427 desumpsit
2748 3350 2941 3428 Apos-

535 3428 708 3485 tolus.
793 3427 887 3487 Ita
929 3428 1081 3487 Heb.
1125 3430 1248 3488 xiii.
1292 3432 1348 3506 8,
1393 3430 1605 3489 dicitur
1637 3430 1784 3489 idem
1824 3450 1939 3489 esse
1964 3431 2101 3505 heri,
2134 3431 2313 3505 hodie,
2344 3440 2399 3488 et
2422 3430 2481 3487 in
2506 3439 2789 3505 oeternum,
2822 3450 2942 3488 non

532 3506 706 3566 modo
733 3508 952 3567 ratione
982 3508 1256 3569 doctrinas
1284 3518 1344 3569 et
1370 3510 1784 3587 operationum,
1817 3510 1922 3570 sed
1948 3509 2123 3569 etiam
2149 3509 2371 3569 ratione
2400 3508 2683 3568 Essentiae
2710 3518 2770 3568 et
2799 3509 2939 3569 Per·

535 3586 1440 3746 Βοῗέζᾳωὸθῗιῗξιῗῗὲῑῖξιξῗαῖῃ
1433 3598 1745 3729 ἓίῗέιεειζω
1719 3690 1781 3728 ιιι
1824 3669 1952 3747 ipso
1995 3668 2256 3728 habitare
2298 3668 2523 3744 dicitur,
2570 3668 2651 3727 id.
2690 3668 2941 3727 essentia

532 3767 665 3807 eum
693 3749 1000 3825 attributis,
1035 3750 1156 3809 Col.
1185 3750 1245 3808 ιι.
1277 3752 1331 3825 9,
1363 3758 1422 3809 et
1447 3751 1564 3810 vita
1590 3751 1749 3809 Dei‘
1732 3750 1843 3828 ipsi
1870 3750 2157 3825 tribuitur,
2189 3749 2232 3808 J
2236 3769 2287 3807 o
2312 3770 2369 3807 v.
2400 3752 2496 3808 26.
2568 3749 2691 3807 Nec
2719 3749 2769 3808 si
2794 3748 2941 3807 dici-

531 3836 626 3885 tur
652 3828 738 3885 illi
766 3828 902 3887 data
928 3848 964 3887 a
985 3830 1174 3904 Patre,
1205 3830 1336 3889 ideo
1363 3830 1641 3891 minuitur
1668 3831 1797 3907 ejus
1824 3830 2095 3923 dignitas,
2126 3828 2263 3906 quia
2289 3829 2401 3887 hoc
2429 3827 2687 3888 ordinem
2714 3836 2941 3888 tantum

531 3916 710 3982 notat,
743 3926 858 3965 non
897 3908 1366 3969 inferioritatem·
1351 3955 1366 3985 ,
1411 3910 1622 3988 quippe
1652 3909 1875 3987 accepit
1901 3909 2143 3968 eandem
2173 3928 2411 3968 numero
2438 3928 2570 3969 cum
2600 3908 2791 3985 Patre,
2822 3928 2941 3967 ιιοιι

532 4004 608 4044 ex
636 3987 838 4063 gratia,
871 3987 975 4046 sed
1001 4008 1076 4047 ex
1102 3999 1324 4064 natura,
1354 4008 1473 4047 non
1499 3990 1561 4047 in
1587 3998 1863 4066 tempore,
1894 3989 1997 4047 sed
2024 3989 2097 4048 ab
2126 3997 2359 4049 aeternO.

1135 4068 1324 4126 XXI.
1369 4068 1583 4143 Tertio,
1626 4068 1781 4128 idem
1824 4069 2117 4147 colligitur
2156 4089 2234 4127 ex
2268 4070 2541 4145 Operibus
2568 4068 2769 4128 dim‘nis
2808 4087 2939 4144 quae

569 4130 615 4175 3.
635 4128 976 4235 Εῇἓξζὼπ
1051 4147 1140 4205 illi
1179 4147 1547 4224 tribuuntur3
1591 4157 1659 4206 ut
1690 4148 1935 4226 Creaub,
1980 4168 2155 4226 quam
2198 4149 2360 4209 Deus
2403 4149 2517 4209 sibi
2560 4149 2670 4208 soli
2716 4147 2936 4223 tribuit,

1057 4228 1136 4285 Is.
1167 4226 1248 4285 xl.
1284 4230 1374 4303 12,
1406 4236 1465 4287 et
1491 4194 1636 4286 xliv.
1667 4232 1762 4304 24,
1794 4239 1851 4289 et
1878 4249 2008 4306 quoe
2036 4229 2312 4289 virtutem
2352 4230 2637 4288 infinitam
2665 4226 2938 4305 postulat.

533 4304 810 4363 Proverb.
841 4304 961 4363 viii.
991 4310 1086 4383 27,
1120 4303 1227 4365 &a
1259 4327 1384 4365 cum
1405 4310 1679 4387 firmaret
1724 4312 1901 4387 coelos,
1933 4310 2011 4367 ibi
2035 4330 2136 4386 eqo
2164 4330 2340 4383 eram,
2372 4308 2481 4368 Sto.
2510 4310 2613 4368 ubi
2646 4308 2941 4385 Sapientia

529 4392 746 4443 aeterna
771 4385 1042 4462 loquitur.
1071 4387 1116 4446 J
1117 4407 1170 4447 o
1199 4386 1241 4445 i.
1270 4390 1325 4463 3,
1354 4388 1558 4448 Omnia
1575 4409 1691 4465 per
1712 4390 1891 4466 ipsum
1902 4392 2072 4465 facta
2090 4398 2233 4464 sunt,
2264 4400 2321 4449 et
2342 4390 2460 4449 sine
2481 4409 2545 4448 eo
2566 4390 2940 4464 niktlfactum

527 4473 624 4523 est.
711 4464 864 4524 Heb.
893 4466 932 4525 i.
963 4470 1018 4543 2,
1051 4468 1168 4525 Per·
1195 4486 1319 4525 eum
1345 4471 1532 4527 secula
1543 4470 1702 4546 ficit,
1734 4479 1793 4528 et
1820 4490 1877 4529 v.
1912 4472 2005 4543 10,
2040 4472 2127 4527 Τιι
2155 4470 2680 4544 Dommefimdasti
2703 4478 2934 4527 tem-am.

529 4544 652 4604 Col.
683 4544 720 4603 ι.
755 4548 847 4623 16,
884 4550 974 4621 17,
1016 4549 1133 4606 Per
1169 4567 1293 4606 eum
1335 4551 1522 4608 omnia
1561 4560 1706 4623 sunt,
1750 4570 1875 4627 quoe
1918 4550 1978 4608 in
2016 4550 2161 4608 σωῑιε
2197 4560 2341 4627 sunt,
2390 4558 2445 4607 et
2480 4570 2605 4628 quoe
2647 4550 2706 4607 in
2751 4548 2935 4623 tert-123,

521 4626 773 4705 υὼίὸίῑία,
813 4591 1122 4705 invisibilia,
1163 4629 1364 4735 throni.
1419 4632 1474 4689 2.
1521 4596 1731 4690 Mundi
1776 4628 2007 4707 croatie,
2056 4629 2421 4691 conservatio
2462 4638 2523 4689 et
2554 4628 2937 4709 gubernatio·
2919 4673 2937 4703 ,

587 3240 1015 3288 Immutabilitate·

1058 2228 1318 2304 Domine,
1372 2235 1432 2287 tu
1466 2229 1614 2287 nosti
1662 2230 1868 2304 omnia,
1913 2238 1973 2288 et
2008 2230 2053 2289 J
2056 2231 2149 2289 oh
2190 2230 2310 2290 xvi.
2342 2233 2437 2290 30.
2480 2232 2754 2290 Novimus
2800 2252 2947 2290 nunc
3034 2237 3045 2244 ’
