3300 5225
357 356 577 409 oum-r.
608 337 788 421 xv11.]
1248 358 1328 398 ns
1355 358 1945 403 runnsnm'rronn.
2649 345 2766 404 359

359 496 574 575 quibus
601 516 896 574 nunquam
921 496 1214 567 revelatur
1227 500 1257 557 Ρ
1321 498 1472 557 Sane
1499 500 1598 559 vel
1624 500 1750 559 haec
1778 500 1903 561 sola
1932 500 2046 562 Dei
2071 518 2213 579 erga
2240 498 2461 563 Gentes
2488 501 2709 562 alienas
2728 523 2765 562 a

359 576 674 637 foederibus
702 577 1070 655 dispensatio,
1101 577 1244 637 satis
1271 597 1572 655 superque,
1599 578 1650 641 si
1671 580 1894 640 nullum
1916 578 2075 639 aliud
2102 588 2432 658 suppeteret
2457 600 2761 658 argumen-

358 664 501 733 tum,
533 656 750 717 evincit
775 657 1084 718 absurdam
1112 676 1256 733 esse,
1287 666 1348 717 et
1371 658 1533 719 nullo
1563 658 1749 718 solido
1790 658 2163 722 fundamento
2200 660 2527 737 subnixam,
2559 660 2633 721 de
2658 681 2761 721 vo-

355 736 582 797 luntate
610 744 670 795 et
695 737 1087 797 misericordia
1115 737 1227 795 Dei
1253 737 1568 797 universali
1595 738 1671 801 ad
1698 739 1959 814 salutem,
1990 740 2377 817 hypothesim.

441 815 692 875 XXIV.
741 816 874 877 Scio
903 816 1092 876 afferri
1119 816 1194 874 ad
1235 817 1362 895 ejus
1400 817 1891 880 confirmationem
1930 818 2061 877 loca
2086 819 2223 881 Act.
2253 818 2375 880 xiv.
2410 821 2501 895 16,
2538 822 2630 896 1⁷,
2659 819 2761 879 ubi

363 895 526 955 Deus
553 895 764 955 dicitur
789 916 906 955 non
936 899 973 931 ‘⁴
995 916 1058 955 se
1085 896 1386 972 reliquisse
1413 898 1694 991 ἇυᾶςτνςυ
1721 918 1861 976 erga
1886 899 2149 963 homines
2184 898 2596 961 benefaciendo
2624 899 2759 976 illis,

356 974 640 1034 mittendo
667 975 898 1053 pluvias
925 983 984 1036 et
1009 983 1379 1053 tempestates
1406 977 1727 1055 frugiferae,
1762 986 1822 1039 et
1849 978 2025 1037 corda
2049 978 2343 1057 implendo
2370 978 2501 1039 cibo
2528 987 2589 1039 et
2612 978 2761 1038 laeti·

361 1053 499 1130 tia,’'
531 1052 640 1113 &c.
670 1055 814 1113 xvii.
844 1058 940 1131 26,
973 1059 1068 1130 27,
1098 1054 1200 1114 ubi
1249 1056 1466 1148 Paulus
1507 1065 1768 1132 testatur,
1818 1058 2067 1119 “Deum
2111 1078 2229 1117 non
2270 1058 2473 1136 procul
2515 1078 2641 1119 esse
2685 1059 2761 1119 ab

356 1152 704 1289 affl&
724 1134 2083 1293 3⁰?3ff5333ffiffi2223.332¹23.2231235*
2112 1146 2186 1277 ἓξ.
2204 1137 2763 1278 ᾖὲἓῗιῗιίἱὲἲῗέιῗέἔ

355 1290 516 1353 favet
542 1293 640 1352 isti
669 1295 987 1355 sententiae.
1071 1294 1205 1353 Non
1231 1294 1400 1371 prior,
1433 1296 1570 1373 quia
1595 1295 1737 1355 licet
1764 1296 1924 1355 Deus
1966 1296 2190 1356 dicatur
2220 1316 2339 1355 non
2367 1316 2429 1355 se
2456 1296 2759 1373 reliquisse

352 1372 639 1453 ἆμᾶῃυςοι
663 1394 768 1451 per
793 1374 955 1435 varia
980 1372 1260 1432 beneficia
1286 1376 1638 1453 temporalia,
1664 1396 1793 1453 quae
1823 1376 2112 1437 Gentibus
2138 1376 2397 1451 indulsit,
2426 1375 2643 1436 ibidem
2670 1384 2757 1437 ta·

353 1471 488 1511 men
515 1460 760 1513 testatur
801 1474 936 1515 eum
959 1454 1146 1513 sim’sse
1183 1462 1372 1530 ,qentes
1399 1454 1483 1513 ire
1524 1456 1626 1515 viis
1668 1455 1799 1530 suh,
1844 1455 2037 1532 quoad
2080 1454 2490 1515 revelationem
2534 1456 2755 1532 salutis,

352 1532 512 1608 quod
539 1552 656 1591 non
682 1532 924 1593 refertur
950 1533 1025 1591 ad
1055 1532 1238 1592 solam
1267 1533 1696 1593 derelictionem
1731 1535 2033 1611 internam,
2065 1535 2189 1593 sive
2214 1534 2596 1613 privationem
2629 1535 2758 1612 Spie

351 1610 516 1688 ritus,
549 1611 652 1671 sed
679 1611 853 1673 etiam
880 1612 956 1671 ad
983 1612 1412 1673 derelictionem
1439 1622 1756 1689 externam,
1788 1633 1891 1676 seu
1911 1612 2199 1674 defectum
2220 1613 2540 1675 vocationis
2566 1623 2759 1675 exter-

353 1691 1482 1850 }quss2.¹331¹21f²⁶.3¹¹{32ffl3222{32m21332²
1490 1692 2645 1849 ssssssxsfflrffszffisfflsset
2658 1696 2756 1851 ἓξ·

353 1852 649 1925 norantioe,
680 1861 735 1911 et
757 1818 920 1928 aduc,
951 1852 1030 1910 id.
1063 1852 1169 1911 sub
1183 1852 1526 1930 EvangeliO,
1549 1854 1889 1915 denunciare
1916 1854 2113 1930 ubique
2140 1854 2388 1913 omm'bm
2406 1861 2471 1915 ut
2484 1853 2755 1931 poeniten-

353 1930 494 1987 tiam
518 1940 709 2007 ayant,
739 1931 899 2008 quod
923 1932 1254 1991 antithesim
1295 1950 1629 2009 expressam
1656 1932 1907 1993 instituit
1947 1932 2098 1993 inter
2122 1941 2352 2010 tempus
2378 1932 2456 1993 V.
2495 1932 2563 1991 T.
2594 1940 2654 1993 et
2680 1932 2755 1993 N.

353 2008 534 2069 relate
561 2008 638 2068 ad
663 2010 1026 2070 vocationem
1055 2018 1352 2070 externam
1380 2011 1457 2070 ad
1481 2012 1912 2089 poenitentiam3
1956 2032 2091 2074 nam
2112 2012 2163 2073 si
2190 2011 2591 2074 dissimulabat
2618 2012 2757 2073 olim

352 2095 614 2165 tempora
639 2089 996 2167 ignorantiae,
1028 2098 1087 2149 et
1113 2110 1268 2151 nunc
1295 2090 1528 2151 demum
1569 2091 1879 2154 denunciat
1904 2091 2235 2154 hominibus
2262 2100 2329 2154 ut
2358 2091 2757 2168 poenitentiam

352 2176 548 2245 agant,
578 2181 917 2245 argumento
947 2177 1036 2229 est
1063 2169 1254 2229 Deum
1280 2169 1392 2229 hoc
1417 2190 1537 2230 non
1564 2170 1943 2232 denunciasse
1972 2170 2111 2230 olim
2128 2170 2476 2245 hominibus,
2497 2170 2757 2248 adeoque

351 2247 714 2307 vocationem
743 2257 1043 2309 externam
1070 2249 1146 2308 ad
1173 2249 1416 2309 salutem
1442 2250 1586 2329 ipsis
1613 2250 1883 2311 defuisse.
1948 2248 2237 2326 Quicquid
2263 2268 2402 2326 ergo
2422 2248 2565 2326 ipsis
2591 2270 2756 2310 reve·

351 2326 536 2391 latum
562 2327 688 2403 fuit,
708 2328 959 2405 pertinet
991 2330 1067 2389 ad
1092 2329 1504 2389 revelationem
1524 2330 1636 2389 Dei
1656 2329 1943 2390 Creatoris
1970 2338 2031 2392 et
2048 2329 2483 2391 conservatoris
2526 2329 2753 2405 Mundi,

351 2426 472 2468 non
513 2427 652 2467 vero
699 2408 1120 2488 Redempmris,
1151 2418 1210 2469 et
1254 2408 1330 2471 ad
1375 2409 1748 2487 Sapientiam,
1778 2430 1907 2487 quae
1948 2409 2008 2467 in
2053 2409 2323 2487 operibus
2366 2408 2756 2470 Providentiae

351 2487 640 2563 generalis
666 2488 871 2565 elucet,
901 2508 1020 2549 non
1046 2508 1187 2549 vero
1215 2508 1342 2552 eam
1370 2508 1500 2566 quae
1527 2489 1868 2551 abscondita
1894 2496 1985 2549 est
2010 2488 2071 2549 in
2101 2488 2401 2565 MysteriO,
2433 2497 2493 2549 et
2518 2508 2649 2565 quse
2689 2490 2751 2553 in

350 2567 622 2645 operibus
649 2568 867 2646 gratiae,
899 2577 958 2628 et
987 2568 1312 2648 Evangelio
1341 2570 1464 2629 solo
1491 2570 1798 2647 revelatur,
1836 2574 1865 2629 1
1899 2569 2115 2630 Corint.
2142 2568 2205 2628 ii.
2235 2570 2291 2630 5.
2322 2568 2445 2628 Nec
2472 2568 2586 2631 alio
2625 2590 2755 2648 per·

351 2647 497 2786 tIinet
521 2652 577 2786 ἶὶ
604 2653 818 2804 ὅκα-ὃν
842 2655 931 2710 vo?
959 2656 1086 2710 Θεοῦ
1125 2649 1280 2727 apud
1322 2649 1568 2710 Paulum
1611 2651 1782 2712 Rom.
1811 2650 1851 2710 i.
1885 2652 1978 2726 19,
2008 2657 2075 2709 ut
2098 2650 2405 2728 probatum
2432 2649 2543 2710 fuit
2582 2669 2759 2728 supra

405 2747 492 2788 oc.
559 2773 574 2788 .
661 2773 674 2791 .
697 2733 755 2788 4.

431 2807 648 2868 XXV.
694 2809 893 2884 Sexto,
925 2809 1000 2868 Id
1024 2809 1216 2888 ipsum
1243 2809 1611 2870 confirmatur
1637 2829 1713 2868 ex
1754 2808 1940 2888 prima
1970 2808 2347 2888 promissione
2377 2809 2753 2887 Evangelica,

350 2885 499 2946 Gen.
529 2887 611 2946 iii.
644 2891 736 2965 15,
767 2909 897 2966 quae
925 2909 1042 2949 non
1070 2889 1146 2948 ad
1173 2909 1370 2950 omnes
1398 2898 1456 2950 et
1483 2890 1747 2966 singulos
1786 2889 2079 2968 pertinuit,
2110 2889 2215 2948 sed
2240 2889 2317 2949 ad
2352 2889 2507 2948 solos
2533 2889 2753 2967 fideles,

349 2966 450 3043 qui
477 2988 580 3045 per
605 2969 804 3028 Semen
830 2970 1078 3030 mulieris
1105 2970 1213 3030 sub
1243 2970 1472 3032 Christo
1502 2968 1703 3047 Capite
1732 2989 1837 3029 suo
1866 2968 2258 3046 designantur,
2283 2969 2755 3030 contradistincte

347 3045 426 3104 ad
450 3049 742 3126 reprobos,
773 3049 876 3126 qui
901 3069 1005 3127 per
1029 3051 1230 3110 Semen
1254 3049 1524 3126 serpentis
1549 3057 1863 3109 notantur:
1906 3048 2057 3108 Nam
2084 3049 2221 3108 licet
2250 3049 2557 3110 Daemones
2578 3050 2754 3110 etiam

350 3126 458 3186 sub
491 3127 722 3187 Semine
750 3129 1032 3206 serpentis
1058 3129 1282 3206 possint
1323 3129 1640 3206 contineri;
1703 3149 1819 3188 non
1861 3129 2053 3188 obstat
2079 3129 2388 3205 quominus
2428 3137 2488 3189 et
2524 3128 2635 3207 ipsi
2662 3149 2751 3192 re-

349 3206 534 3283 probi,
565 3208 666 3285 qui
693 3215 975 3268 vocantur
989 3209 1290 3285 proqenies
1315 3211 1661 3286 viperarum,
1684 3209 1855 3268 Matt.
1876 3208 1958 3268 iii.
1979 3213 2033 3285 7,
2066 3209 2157 3268 υἱοὶ
2183 3215 2399 3288 rome-v,
2432 3209 2603 3271 Matt.
2626 3208 2752 3272 xiii.

350 3288 446 3362 38,
478 3286 521 3345 J
525 3307 612 3346 oa.
642 3287 763 3346 viii.
794 3290 890 3362 44,
921 3307 992 3346 eo
1019 3288 1249 3346 nomine
1276 3289 1450 3348 etiam
1477 3289 1733 3364 veniant,
1756 3309 1826 3348 eo
1852 3289 1949 3350 vel
1976 3289 2179 3366 magis,
2210 3288 2368 3366 quod
2395 3308 2753 3366 quaecunque

349 3366 424 3426 de
449 3366 653 3426 semine
677 3368 948 3444 serpentis
975 3367 1260 3443 dicuntur,
1291 3367 1352 3424 in
1379 3367 1537 3446 ipsos
1577 3368 1793 3444 optime
1837 3367 2137 3445 quadrent,
2168 3369 2381 3445 quippe
2421 3377 2487 3428 ut
2532 3368 2595 3439 in
2635 3369 2754 3430 illis

351 3454 441 3505 est
467 3466 754 3506 venenum
787 3447 1098 3524 Serpentis,
1127 3446 1349 3506 malitia
1375 3446 1596 3506 scilicet
1622 3455 1683 3508 et
1708 3448 2007 3524 ingenium
2048 3449 2177 3525 ejus
2219 3468 2322 3524 per
2364 3447 2522 3508 illius
2562 3449 2753 3511 imitaae

349 3526 584 3602 tionem,
614 3527 676 3585 in
703 3525 915 3604 quibus
942 3533 1116 3603 caput
1142 3527 1328 3584 exerit
1355 3534 1414 3586 et
1439 3525 1590 3585 vivit
1618 3545 1869 3604 serpens,
1901 3534 1960 3585 et
1985 3545 2088 3603 per
2128 3546 2274 3603 quos
2314 3527 2471 3604 agit;
2514 3528 2598 3585 ita
2636 3527 2756 3587 illis

349 3606 655 3666 intercedit
679 3605 981 3665 inimicitia
1005 3613 1283 3684 perpetua
1309 3625 1440 3664 cum
1473 3605 1703 3665 Semine
1732 3605 2005 3681 mulieris,
2036 3605 2123 3664 illi
2150 3605 2461 3666 observant
2487 3607 2617 3684 ejus
2637 3607 2755 3664 cal-

350 3705 608 3762 caneum,
640 3693 699 3746 et
723 3686 914 3764 ipsum
940 3685 1176 3762 laedunt,
1206 3705 1314 3744 nec
1341 3685 1404 3744 in
1429 3685 1502 3744 iis
1529 3693 1630 3744 aut
1658 3685 1731 3744 ab
1759 3684 1832 3742 iis
1860 3684 2047 3761 Caput
2078 3685 2307 3744 Satanae
2332 3703 2589 3762 unquam
2616 3705 2751 3746 con-

348 3765 548 3824 tritum
592 3774 697 3841 est,
729 3765 826 3824 vel
854 3765 1302 3842 conterendum3
1349 3765 1478 3824 Imo
1517 3784 1717 3824 eorum
1746 3772 1920 3841 caput
1962 3764 2277 3824 conteritur
2302 3785 2339 3822 a
2370 3765 2599 3826 Semina
2628 3786 2753 3830 mue

345 3845 524 3906 lieris.
610 3844 784 3907 Unde
810 3845 993 3922 liquet
1017 3845 1358 3924 promissum
1389 3845 1502 3904 hoc
1527 3844 1976 3922 haudquaquam
2003 3863 2129 3904 esse
2156 3844 2483 3905 universale
2510 3845 2618 3907 toti
2636 3846 2757 3910 Gez-

347 3925 473 3984 neri
501 3925 771 4000 human0,
801 3925 904 3984 sed
929 3923 1275 4003 particulare
1304 3925 1532 3984 Christo
1560 3934 1621 3984 et
1645 3923 1933 3998 fidelibus,
1964 3923 2065 4001 qui
2090 3923 2321 3984 nomine
2353 3924 2601 3986 Seminis
2627 3945 2753 3989 mu-

346 4003 508 4064 lieris
535 4005 968 4081 exprimuntur:
1015 4003 1124 4062 Ille
1152 4004 1386 4082 quidem
1413 4004 1686 4082 primario
1728 4011 1786 4063 et
1814 4003 1988 4080 ἂξὸχως
2012 4026 2027 4080 ;
2073 4003 2183 4063 Isti
2211 4023 2350 4062 vero
2394 4005 2751 4082 secundario,

347 4091 408 4143 et
435 4083 824 4162 dependenter
851 4105 886 4142 a
915 4084 1160 4159 Christ0,
1189 4103 1295 4176 pro
1323 4085 1534 4161 quibus
1563 4091 1622 4143 et
1647 4084 1709 4142 in
1736 4083 1948 4160 quibus
1976 4083 2117 4142 solis
2144 4083 2407 4144 Christus
2437 4085 2625 4161 Caput
2648 4085 2751 4146 Sa·

346 4172 500 4227 tanae
527 4164 786 4242 conterit,
817 4161 896 4224 id.
931 4165 1159 4224 Satanae
1186 4164 1489 4241 imperium
1517 4171 1577 4224 et
1602 4163 1919 4240 potentiam
1947 4163 2207 4239 destruit,
2234 4164 2402 4222 Rom.
2426 4165 2547 4222 xvi.
2579 4167 2674 4241 20,
2696 4173 2757 4229 et

345 4242 559 4321 quibus
585 4253 863 4321 perpetua
887 4243 1188 4302 inimicitia
1214 4243 1517 4303 intercedit
1545 4263 1675 4302 cum
1708 4243 1955 4302 Diabolo
1984 4251 2044 4302 et
2072 4243 2313 4303 Mund0.

430 4323 681 4383 XXVI.
747 4323 802 4382 N
805 4343 870 4382 ec
919 4324 1148 4384 obstare
1194 4331 1402 4401 potest,
1433 4323 1590 4400 quod
1634 4323 1889 4400 Reprobi
1930 4323 2102 4382 etiam
2141 4343 2325 4382 semen
2364 4324 2611 4385 muliere
2638 4323 2757 4384 dici

345 4412 590 4479 possunt
615 4402 836 4462 ratione
865 4414 1040 4479 ortus,
1072 4411 1357 4480 quatenus
1383 4423 1459 4461 ex
1485 4403 1726 4462 muliere
1752 4403 2022 4480 prognati
2049 4411 2222 4462 sunt:
2267 4403 2417 4477 Quia
2434 4423 2617 4464 semen
2632 4424 2753 4466 τηατ

347 4483 500 4542 lior-is
527 4482 622 4541 hic
649 4482 1009 4560 intelligitur,
1041 4503 1158 4542 non
1183 4503 1346 4542 sensu
1361 4483 1596 4560 physico
1625 4481 1925 4558 duntaxat,
1957 4483 2101 4542 alias
2130 4482 2393 4544 Christus
2418 4483 2637 4551 nullam
2658 4483 2755 4543 hic

345 4563 790 4640 praerogativam
816 4563 1056 4623 haberet
1083 4583 1258 4640 supra
1283 4563 1508 4640 impios,
1539 4563 1640 4640 qui
1666 4582 1770 4640 per
1798 4581 1995 4622 semen
2030 4563 2311 4640 serpentis
2338 4563 2753 4639 designantur3

353 4641 469 4702 Sed
494 4643 782 4722 praecipue
809 4663 973 4704 sensu
1001 4644 1222 4720 morali,
1254 4651 1375 4702 tum
1415 4649 1680 4720 respectu
1710 4642 1938 4719 Christi,
1970 4641 2069 4720 qui
2113 4662 2306 4702 semen
2336 4642 2589 4702 futurum
2632 4650 2757 4702 erat
