3300 5225
573 344 649 399 82
1524 358 1708 401 rocus
1735 358 2056 402 secunnus.
2605 334 2862 419 [Qufflsr.
2893 354 2977 401 vr.

576 501 777 557 damus
804 500 1161 575 Sempaeumm
1188 518 1303 557 esse
1340 500 1579 559 Verbum
1604 500 1725 559 Dei
1737 523 1761 573 ,⁰
1803 518 1906 559 seu
1931 516 2049 575 quo
2084 505 2424 575 argumento
2463 498 2750 577 praecipue
2783 506 2983 559 utatm·

581 578 830 655 Spiritus
859 578 920 638 S.
950 578 1026 637 ad
1063 577 1520 657 persuadendam
1548 578 1718 638 nobis
1748 578 2056 655 Scriptura
2087 577 2483 637 Divinitatem.
2565 578 2668 636 An
2693 578 2978 637 Testimo-

576 658 676 716 nio
704 677 807 717 seu
832 678 977 717 voce
1006 656 1319 734 Ecclesiae3
1364 657 1465 716 An
1491 676 1633 716 vero
1673 658 1827 716 notis
1867 666 1928 716 et
1959 656 2201 716 criteriis
2240 658 2354 734 ipsi
2396 656 2706 735 Scripturas
2745 658 2982 717 insitis?

579 736 750 797 Prius
776 747 1041 798 asserunt
1065 736 1414 813 adversarii3
1459 736 1583 796 Nos
1606 736 1913 817 posterius.

673 870 684 883 ,
1180 816 1267 876 X.
1330 815 1639 895 Scripturas
1683 815 2086 874 authoritatem
2133 832 2240 873 nec
2275 814 2469 892 quoad
2515 834 2596 891 se,
2639 806 2748 874 nec'
2788 814 2982 892 quoad

578 868 870 974 3233„
882 870 1061 987 ἓξὲξ
1099 914 1207 955 nos
1258 895 1511 973 pendere
1562 914 1601 953 a
1654 892 2008 953 Testimonio
2057 894 2334 952 Ecclesiae
2389 894 2680 971 probatur,
2735 898 2790 953 1.
2845 895 2983 971 quia

638 988 797 1043 quoad
868 1002 956 1033 no·
1030 1002 1062 1032 a
1101 974 1367 1035 Ecclesia
1390 973 1665 1033 fimdatur
1679 992 1853 1051 super
1881 972 2250 1049 Scripturann
2277 973 2428 1051 Eph.
2457 974 2517 1032 ii.
2539 976 2636 1048 20,
2667 982 2726 1033 et
2752 991 2981 1033 omnem

638 1044 938 1146 ffiffi‘mmss
966 1045 1058 1091 Eo-
1096 1053 1503 1112 authoritatem
1548 1071 1714 1111 suam
1761 1072 1798 1109 a
1847 1051 2142 1129 Scriptura
2183 1060 2494 1129 mutuatur,
2543 1052 2702 1130 quod
2750 1052 2977 1111 Adver-

714 1117 737 1147 ⁸
754 1118 811 1147 ⁸⁹⁰
1100 1132 1237 1191 sarii
1262 1152 1380 1191 non
1405 1138 1652 1209 possunt
1676 1130 1940 1207 diffiteri3
1979 1129 2264 1207 siquidem
2291 1150 2470 1208 quum
2495 1131 2569 1190 de
2597 1150 2668 1189 ea
2687 1132 2978 1208 quaeritur,

578 1228 697 1268 non
724 1210 839 1269 alio
865 1230 1039 1288 quam
1065 1211 1142 1270 ad
1172 1210 1525 1289 Scripturam
1550 1210 1894 1288 confugiunt
1919 1218 1986 1271 ut
2009 1230 2138 1269 eam
2163 1211 2424 1288 probent.
2457 1210 2615 1288 Ergo
2643 1230 2759 1269 non
2789 1218 2984 1289 potest

560 1288 893 1365 Scripturas
944 1288 1351 1349 authoritatem
1404 1290 1714 1349 conciliare
1766 1290 1864 1349 vel
1921 1289 2114 1367 quoad
2170 1308 2233 1349 se
2287 1289 2382 1349 vel
2436 1290 2628 1366 quoad
2685 1309 2809 1364 nos,
2869 1289 2981 1348 nisi

576 1368 825 1427 velimus
852 1386 1085 1428 causam
1111 1368 1362 1447 pendere
1387 1369 1462 1429 ab
1482 1367 1710 1444 effectu,
1737 1368 2082 1447 principium
2107 1388 2156 1427 a·
2168 1368 2528 1448 principiam,
2558 1376 2618 1427 et
2643 1367 2978 1428 fundamen-

578 1454 704 1507 tum
742 1447 817 1507 ab
858 1446 1121 1509 aedificic.
1204 1448 1409 1527 Neque
1452 1448 1550 1508 hic
1592 1448 1786 1527 excipi
1823 1448 2000 1509 debet
2039 1454 2346 1525 utrumque
2373 1466 2577 1507 verum
2619 1466 2746 1507 esse
2789 1466 2978 1525 posse,

580 1524 905 1586 Ecclesiam
930 1527 1183 1587 mutuari
1210 1546 1373 1588 suam
1398 1528 1808 1587 authoritatem
1833 1548 1870 1586 a
1913 1526 2225 1603 Scriptura,
2254 1537 2315 1588 et
2343 1526 2697 1605 Scripturam
2724 1526 2980 1586 vicissim

579 1606 654 1667 ab
682 1605 963 1682 Ecclesia,
992 1613 1061 1666 ut
1086 1607 1128 1666 J
1132 1607 1389 1667 ohannes
1414 1606 1808 1667 testimonium
1845 1605 2140 1684 perhibuit
2167 1606 2413 1681 Chr-istc,
2443 1606 2544 1684 qui
2583 1615 2644 1665 et
2669 1607 2688 1663 i
2729 1626 2791 1665 se
2817 1607 2978 1665 testi-

578 1683 837 1743 monium
876 1683 1038 1745 dedit
1063 1685 1108 1745 J
1111 1686 1341 1745 ohanni.
1424 1686 1577 1745 Nam
1616 1685 1777 1746 aliud
1816 1693 1906 1745 cst
1943 1685 2338 1744 testimonium
2375 1685 2550 1745 alicui
2587 1704 2692 1761 per
2733 1686 2889 1744 ibere
2913 1693 2982 1745 ut

580 1763 932 1840 mnistrum,
976 1764 1265 1840 quomodo
1306 1764 1351 1825 J
1352 1764 1609 1824 ohannes
1648 1772 1896 1824 testatus
1937 1773 2028 1824 est
2069 1763 2142 1823 de
2181 1762 2428 1841 Christo,
2471 1774 2540 1823 ut
2579 1760 2644 1823 δι’
2684 1768 2838 1824 αὐτοῦ
2867 1784 2984 1841 per

576 1843 781 1919 ipsum,
822 1862 940 1901 non
977 1842 1042 1901 δι’
1065 1847 1212 1903 aaa,
1240 1852 1485 1921 propter
1509 1845 1693 1919 ipmm
1717 1843 2018 1903 crederent
2042 1843 2086 1902 J
2087 1840 2257 1918 udaei,
2286 1843 2331 1904 J
2333 1864 2388 1903 o.
2416 1843 2456 1903 i.
2486 1847 2542 1903 ¹1.
2628 1843 2814 1903 Aliud
2839 1863 2979 1902 vero

577 1920 987 1983 authoritatem
1002 1922 1093 1981 illi
1106 1922 1411 1982 conciliare
1426 1930 1493 1983 ut
1512 1922 1843 1999 Dominum,
1862 1921 2020 2001 quod
2041 1922 2304 1983 Christus
2319 1922 2456 1982 fecit
2473 1942 2615 2000 erga
2629 1924 2673 1983 J
2675 1922 2979 1981 ohannem.

578 2004 638 2060 2.
682 1998 833 2076 Quia
854 2002 1176 2061 authoritas
1204 2002 1483 2061 Ecclesia
1522 2009 1678 2061 esset
1717 2002 1877 2079 prior
1917 2001 2264 2061 authoritate
2311 2000 2638 2079 Scripturas,
2683 2010 2856 2078 atque
2897 2003 2981 2061 ita

578 2079 827 2158 primum
848 2088 1003 2140 esset
1016 2079 1309 2158 credibile,
1338 2098 1375 2139 a
1390 2100 1507 2159 quo
1527 2080 1714 2159 primo
1781 2080 2016 2140 enderet
2035 2088 2096 2141 ot
2114 2080 2175 2137 in
2195 2079 2354 2158 qnod
2371 2082 2576 2141 ultimo
2596 2081 2982 2141 resolveretur

576 2158 723 2217 fides
750 2166 980 2236 nostra3
1022 2160 1181 2237 quod
1206 2180 1323 2219 non
1350 2160 1658 2219 admittent
1677 2158 1738 2218 A
1779 2159 2037 2235 versarii,
2067 2159 2168 2237 qui
2187 2160 2395 2219 volunt
2422 2161 2700 2221 Ecclesiae
2725 2160 2977 2219 authori-

577 2245 757 2297 tatem
780 2238 1033 2315 pendere
1060 2258 1097 2297 a
1126 2239 1437 2317 Scriptura.
1521 2242 1579 2300 3.
1623 2238 1774 2313 Quia
1797 2237 2138 2297 manifestus
2163 2238 2540 2299 committitur
2565 2240 2814 2299 cimulus
2841 2238 2978 2297 dum

576 2316 857 2376 Ecclesiae
882 2318 1202 2377 authoritas
1220 2319 1499 2396 probatur
1517 2338 1594 2377 ex
1624 2318 1938 2396 Scriptura,
1969 2326 2028 2378 ct
2043 2317 2302 2376 vicissim
2321 2318 2640 2379 authoritas
2670 2318 2980 2395 Scriptum

574 2416 651 2455 ex
680 2395 961 2455 Ecclesia.
1042 2400 1101 2457 4.
1146 2396 1296 2473 Quia
1318 2397 1579 2457 nondum
1617 2398 1770 2456 inter
1798 2396 2186 2457 Adversarios
2212 2404 2438 2456 constat
2463 2397 2606 2474 quid
2643 2416 2748 2475 per
2775 2396 2976 2455 Eccle-

575 2476 721 2534 siam
748 2475 1190 2552 intelligendum
1212 2477 1321 2552 sit;
1367 2475 1467 2535 An
1492 2475 1790 2551 hodierna,
1821 2474 1923 2533 An
1947 2483 2136 2551 vetus,
2167 2474 2270 2533 An
2295 2477 2616 2551 collectiva,
2641 2475 2741 2535 An
2768 2495 2975 2553 repres-

575 2554 881 2631 sentativa,
912 2556 1015 2614 An
1038 2554 1417 2633 particularis,
1450 2554 1551 2614 An
1576 2554 1956 2632 universalis3
1999 2553 2218 2632 Quisve
2245 2555 2323 2615 sit
2349 2555 2447 2615 ille
2469 2562 2631 2616 actus
2657 2563 2878 2615 testans
2905 2554 2980 2614 de

579 2633 891 2710 Scripturas
916 2635 1279 2711 authoritate,
1308 2635 1407 2694 vel
1434 2635 1700 2712 signatus
1724 2654 1829 2712 per
1853 2635 2198 2694 sententiam
2225 2634 2477 2713 aliquam
2499 2633 2852 2712 judicialem,
2883 2635 2978 2694 vel

574 2713 865 2772 exercitus
884 2732 989 2790 per
1008 2713 1339 2775 continuam
1364 2723 1425 2774 et
1450 2713 1838 2774 successivam
1855 2713 2224 2773 traditionem
2239 2717 2270 2773 Ρ
2335 2716 2392 2774 5.
2423 2713 2572 2788 Quia
2587 2715 2979 2774 testimonium

572 2791 817 2850 fallibile
842 2798 903 2852 ct
928 2791 1259 2868 humanum,
1288 2793 1462 2871 quale
1486 2803 1579 2852 est
1602 2793 1996 2852 testimonium
2024 2793 2320 2868 Ecclesiae,
2349 2811 2468 2852 non
2505 2802 2700 2872 potest
2737 2793 2978 2854 fundare

572 2870 749 2930 fidem
774 2870 1068 2931 divinam:
1112 2871 1235 2931 Nec
1262 2871 1313 2931 si
1339 2891 1442 2950 per
1470 2871 1792 2932 Ecclesiam
1817 2870 1991 2932 hodie
2016 2871 2272 2949 loquitur
2294 2871 2473 2949 Deus,
2503 2873 2764 2950 sequitur
2783 2873 2978 2934 statim

572 2969 705 3010 eam
729 2968 858 3010 esse
894 2949 1289 3026 infallibilem3
1332 2951 1472 3029 quia
1497 2951 1612 3010 alia
1650 2959 1742 3010 est
1781 2950 2082 3029 inspiratio
2125 2951 2390 3030 specialis
2416 2959 2478 3010 et
2503 2950 2971 3027 extraordinaria,

571 3048 705 3106 quse
722 3028 1041 3106 Apostolos
1058 3037 1119 3089 et
1140 3029 1459 3107 Prophetas
1475 3030 1728 3089 reddidit
1747 3032 2136 3111 ἆκμαςτόόους,
2165 3038 2225 3090 ct
2243 3030 2318 3090 de
2335 3051 2450 3107 qua
2471 3031 2734 3090 Christus
2750 3031 2978 3108 proprie

571 3108 831 3184 loquitur
854 3127 1034 3201 quum
1060 3109 1203 3168 dicit
1232 3109 1509 3186 Spiritum
1540 3109 1603 3170 S.
1630 3107 1936 3170 ducturum
1965 3108 2285 3188 Apostolos
2309 3109 2373 3168 in
2399 3128 2626 3169 omnem
2654 3111 2972 3185 veritatem,

568 3186 766 3326 gnosum!
798 3205 920 3245 xvl.
975 3190 1067 3264 14,
1115 3187 1232 3248 alia
1276 3188 1597 3248 communis
1642 3195 1706 3249 et
1749 3187 2055 3266 ordinaria,
2103 3207 2236 3266 quae
2287 3208 2406 3250 non
2459 3188 2652 3249 reddit
2707 3189 2978 3249 Pastores

632 3290 933 3330 min-'’0205-

1174 3346 1296 3408 XI.
1342 3347 1697 3428 Scripturam
1735 3367 1840 3426 per
1875 3367 1940 3408 se
1979 3349 2164 3428 ipsam
2189 3345 2360 3408 nobis
2384 3350 2742 3408 innotescere
2768 3347 2974 3426 proba-

574 3409 668 3458 Μ
699 3411 934 3528 &iffi
964 3425 1052 3470 ¹'‘”
1090 3430 1374 3565 {mast-1?
1398 3427 1716 3566 *ἭΎ
1730 3427 1930 3520 ·‘³”⁸‘''³·'
1970 3438 2204 3566 ma:
2287 3427 2543 3566 Ἓξ
2577 3427 2704 3564 1⁴3⁸
2741 3446 2904 3562 Ψ
2940 3445 2977 3486 ⁸

570 3581 741 3642 nibus
765 3581 869 3661 qui
895 3601 1023 3643 eam
1048 3523 1423 3662 pmlhiudlggt
1432 3525 2338 3661 adluthonfgtzguhffildltudgurg
2369 3585 2473 3645 sed
2499 3552 2544 3644 a,
2561 3525 2976 3662 310&ssss

567 3661 1196 3802 tffiuz‘sffl‘ztazz
1204 3663 2768 3821 Ttfflffifftfflffiffioeissmssgffissss
2781 3663 2980 3802 3322:

568 3838 676 3878 sna
716 3819 1064 3896 perfectione
1103 3763 1295 3898 habiit,
1325 3840 1444 3894 non
1470 3822 1546 3882 ab
1572 3791 1820 3882 Artifice
1859 3823 1961 3899 qui
2001 3841 2072 3882 ea
2107 3823 2325 3883 utitur:
2367 3823 2464 3882 Ita
2511 3823 2808 3898 Scriptura
2846 3839 2976 3896 quse

571 3897 700 3956 Lex
738 3906 830 3956 est
868 3896 1079 3957 summi
1119 3899 1422 3978 Principis,
1462 3901 1898 3962 Testamentum
1939 3901 2130 3961 Patris
2170 3901 2454 3977 Coelestis,
2497 3909 2558 3960 et
2587 3901 2817 3978 Regula
2840 3899 2977 3958 fidei

571 3976 787 4041 ἄιλιιὸς,
826 3995 943 4034 non
982 3984 1176 4053 potest
1200 3979 1607 4039 authoritatem
1632 3981 1808 4038 etiam
1834 3980 2029 4058 quoad
2067 3999 2176 4040 nos
2213 3979 2428 4040 habere
2456 3981 2532 4038 ab
2561 3979 2840 4053 Ecclesia,
2872 3977 2977 4036 sed

570 4061 797 4113 tantum
836 4072 874 4111 a
899 4053 1107 4130 seipsa.
1188 4058 1247 4115 2.
1290 4055 1351 4115 A
1376 4067 1589 4117 natura
1630 4077 1973 4118 summorum
2009 4079 2280 4136 generum
2319 4067 2375 4118 et
2403 4059 2725 4135 primorum
2753 4059 2974 4116 Μυσί-

559 4132 810 4208 piorum.
897 4131 982 4192 Ut
1007 4132 1161 4190 enim
1200 4133 1315 4194 ista
1352 4143 1491 4195 nota
1532 4143 1668 4196 sunt
1705 4136 1926 4214 seipsis,
1969 4146 2030 4197 et
2055 4146 2193 4198 sunt
2227 4135 2560 4198 amaeom·
2585 4157 2716 4215 quse
2742 4135 2976 4195 aliunde

570 4210 950 4270 demonstrari
978 4230 1094 4269 non
1120 4221 1379 4289 possunt,
1410 4214 1626 4290 alioqui
1653 4233 1746 4275 res
1773 4215 1958 4276 abiret
1982 4216 2045 4275 in
2070 4216 2376 4294 infinitum,
2405 4217 2561 4278 unde
2577 4216 2762 4275 Basil.
2790 4216 2850 4274 in
2875 4215 2973 4273 Ps.

577 4291 709 4364 115,
744 4291 940 4362 drobnan
980 4290 1188 4356 διαίτης
1218 4294 1465 4368 μαθόντας
1490 4296 1828 4365 cincinnos-ove
1865 4299 1978 4354 sirau
2005 4321 2098 4362 τις
2129 4300 2329 4378 ἇςχιὶςε
2373 4295 2470 4357 Ito.
2511 4296 2810 4374 Scriptura
2845 4311 2977 4371 quae

569 4368 821 4447 primum
846 4377 935 4429 est
964 4369 1317 4449 Principium
1344 4371 1405 4432 in
1432 4371 1633 4432 ordine
1663 4375 2081 4452 supernaturali
2119 4385 2260 4436 nota
2287 4384 2380 4436 est
2405 4395 2469 4435 se
2497 4375 2640 4453 ipsa,
2668 4393 2778 4433 nec
2801 4373 2973 4449 argu-

568 4445 783 4508 mentis
808 4457 978 4508 extra
1002 4467 1067 4508 se
1090 4449 1289 4527 petitis
1316 4471 1463 4528 opus
1476 4445 1666 4512 habet
1691 4453 1902 4529 quibus
1922 4453 2090 4513 nobis
2115 4456 2394 4533 probetur
2411 4463 2470 4514 et
2497 4453 2839 4514 innotescat.
2911 4451 2978 4511 Si

570 4525 839 4588 omnibus
877 4527 1174 4607 principiis
1214 4539 1381 4590 notas
1422 4530 1631 4591 indidit
1661 4532 1821 4592 Deus
1861 4532 2072 4610 quibus
2107 4534 2183 4593 ab
2225 4534 2494 4595 omnibus
2533 4539 2973 4610 cognoscantur,

568 4604 809 4667 dubium
853 4625 971 4666 non
1013 4616 1121 4686 est,
1164 4609 1308 4688 quin
1350 4608 1497 4670 tales
1536 4611 1792 4689 posuerit
1830 4611 1893 4670 in
1929 4611 2142 4672 Sancto
2168 4612 2280 4672 hoc
2311 4610 2602 4690 Principio
2629 4611 2706 4672 ad
2732 4611 2976 4671 salutem
