<?xml version="1.0" encoding="UTF-8"?>
<!DOCTYPE html PUBLIC "-//W3C//DTD XHTML 1.0 Transitional//EN"
    "http://www.w3.org/TR/xhtml1/DTD/xhtml1-transitional.dtd">
<html xmlns="http://www.w3.org/1999/xhtml" xml:lang="en" lang="en">
 <head>
  <title>
</title>
<meta http-equiv="Content-Type" content="text/html;charset=utf-8" />
  <meta name='ocr-system' content='tesseract 3.04.00' />
  <meta name='ocr-capabilities' content='ocr_page ocr_carea ocr_par ocr_line ocrx_word'/>
</head>
<body>
  <div class='ocr_page' id='page_1' title='image "./institutiotheol00turrgoog_0033.png"; bbox 0 0 3300 5225; ppageno 0'>
   <div class='ocr_carea' id='block_1_1' title="bbox 1235 769 1813 815">
    <p class='ocr_par' dir='ltr' id='par_1_1' title="bbox 1235 769 1813 815">
     <span class='ocr_line' id='line_1_1' title="bbox 1235 769 1813 815; baseline 0.009 -5"><span class='ocrx_word' id='word_1_1' title='bbox 1235 769 1550 814; x_wconf 69' lang='lat' dir='ltr'><strong>nnxnmcn</strong></span> <span class='ocrx_word' id='word_1_2' title='bbox 1579 772 1813 815; x_wconf 65' lang='lat' dir='ltr'><strong>meren</strong></span> 
     </span>
    </p>
   </div>
   <div class='ocr_carea' id='block_1_2' title="bbox 814 907 2226 1010">
    <p class='ocr_par' dir='ltr' id='par_1_2' title="bbox 814 907 2226 1010">
     <span class='ocr_line' id='line_1_2' title="bbox 814 907 2226 1010; baseline 0.006 -8"><span class='ocrx_word' id='word_1_3' title='bbox 814 907 1344 1006; x_wconf 83' lang='lat' dir='ltr'><strong>ORATIO</strong></span> <span class='ocrx_word' id='word_1_4' title='bbox 1525 915 2226 1010; x_wconf 86' lang='lat' dir='ltr'>FUNEBRIS</span> 
     </span>
    </p>
   </div>
   <div class='ocr_carea' id='block_1_3' title="bbox 1173 1121 1855 1172">
    <p class='ocr_par' dir='ltr' id='par_1_3' title="bbox 1173 1121 1855 1172">
     <span class='ocr_line' id='line_1_3' title="bbox 1173 1121 1855 1172; baseline 0.007 -11"><span class='ocrx_word' id='word_1_5' title='bbox 1173 1121 1252 1162; x_wconf 73' lang='lat' dir='ltr'><strong>DE</strong></span> <span class='ocrx_word' id='word_1_6' title='bbox 1281 1122 1422 1162; x_wconf 75' lang='lat' dir='ltr'><strong>VITA</strong></span> <span class='ocrx_word' id='word_1_7' title='bbox 1453 1123 1648 1172; x_wconf 74' lang='lat' dir='ltr'><strong>ATQUS</strong></span> <span class='ocrx_word' id='word_1_8' title='bbox 1678 1125 1855 1166; x_wconf 83' lang='lat' dir='ltr'>OBITU</span> 
     </span>
    </p>
   </div>
   <div class='ocr_carea' id='block_1_4' title="bbox 927 1261 2083 1346">
    <p class='ocr_par' dir='ltr' id='par_1_4' title="bbox 927 1261 2083 1346">
     <span class='ocr_line' id='line_1_4' title="bbox 927 1261 2083 1346; baseline 0.005 -18"><span class='ocrx_word' id='word_1_9' title='bbox 927 1261 1412 1332; x_wconf 78' lang='lat' dir='ltr'>FRANCISCI</span> <span class='ocrx_word' id='word_1_10' title='bbox 1491 1265 2083 1346; x_wconf 69' lang='lat' dir='ltr'>TURRETTIle</span> 
     </span>
    </p>
   </div>
   <div class='ocr_carea' id='block_1_5' title="bbox 869 1451 2163 1494">
    <p class='ocr_par' dir='ltr' id='par_1_5' title="bbox 869 1451 2163 1494">
     <span class='ocr_line' id='line_1_5' title="bbox 869 1451 2163 1494; baseline 0.005 -8"><span class='ocrx_word' id='word_1_11' title='bbox 869 1451 1082 1488; x_wconf 64' lang='lat' dir='ltr'><strong>namra</strong></span> <span class='ocrx_word' id='word_1_12' title='bbox 1105 1451 1202 1488; x_wconf 65' lang='lat' dir='ltr'><strong>mn</strong></span> <span class='ocrx_word' id='word_1_13' title='bbox 1223 1453 1308 1488; x_wconf 84' lang='lat'>111.</span> <span class='ocrx_word' id='word_1_14' title='bbox 1329 1453 1574 1490; x_wconf 68' lang='lat' dir='ltr'><strong>xovmoe.</strong></span> <span class='ocrx_word' id='word_1_15' title='bbox 1601 1455 1693 1490; x_wconf 69' lang='lat' dir='ltr'><strong>AN.</strong></span> <span class='ocrx_word' id='word_1_16' title='bbox 1716 1457 1773 1492; x_wconf 64' lang='grc' dir='ltr'><strong>Χ.</strong></span> <span class='ocrx_word' id='word_1_17' title='bbox 1794 1455 1875 1494; x_wconf 77' lang='lat' dir='ltr'><strong>DC.</strong></span> <span class='ocrx_word' id='word_1_18' title='bbox 1898 1455 2163 1492; x_wconf 72' lang='lat' dir='ltr'><strong>Lxxxvu.</strong></span> 
     </span>
    </p>
   </div>
   <div class='ocr_carea' id='block_1_6' title="bbox 1164 1659 1877 1678">
    <p class='ocr_par' dir='ltr' id='par_1_6' title="bbox 1164 1659 1877 1678">
     <span class='ocr_line' id='line_1_6' title="bbox 1164 1659 1877 1678; baseline 0.006 -4"><span class='ocrx_word' id='word_1_19' title='bbox 1164 1659 1877 1678; x_wconf 49' lang='lat' dir='ltr'><strong>‘nemum—u</strong></span> 
     </span>
    </p>
   </div>
   <div class='ocr_carea' id='block_1_7' title="bbox 307 1835 2715 4165">
    <p class='ocr_par' dir='ltr' id='par_1_7' title="bbox 309 1835 2715 2315">
     <span class='ocr_line' id='line_1_7' title="bbox 409 1835 2712 1924; baseline 0.003 -22"><span class='ocrx_word' id='word_1_20' title='bbox 409 1835 842 1904; x_wconf 75' lang='lat' dir='ltr'>AMPLISSIMI</span> <span class='ocrx_word' id='word_1_21' title='bbox 899 1857 1278 1924; x_wconf 73' lang='lat' dir='ltr'>PROCERES‚</span> <span class='ocrx_word' id='word_1_22' title='bbox 1309 1841 1691 1924; x_wconf 83' lang='lat' dir='ltr'><strong>Reipublicae</strong></span> <span class='ocrx_word' id='word_1_23' title='bbox 1722 1850 1949 1908; x_wconf 83' lang='lat' dir='ltr'><strong>nostrae</strong></span> <span class='ocrx_word' id='word_1_24' title='bbox 1978 1842 2209 1907; x_wconf 87' lang='lat' dir='ltr'><strong>lumina</strong></span> <span class='ocrx_word' id='word_1_25' title='bbox 2240 1863 2312 1907; x_wconf 81' lang='lat' dir='ltr'><strong>ac</strong></span> <span class='ocrx_word' id='word_1_26' title='bbox 2346 1843 2712 1910; x_wconf 87' lang='lat' dir='ltr'><strong>Columina:</strong></span> 
     </span>
     <span class='ocr_line' id='line_1_8' title="bbox 311 1935 2711 2022; baseline 0.004 -24"><span class='ocrx_word' id='word_1_27' title='bbox 311 1935 636 2018; x_wconf 82' lang='lat' dir='ltr'><strong>Magnifice</strong></span> <span class='ocrx_word' id='word_1_28' title='bbox 663 1939 848 2022; x_wconf 89' lang='lat' dir='ltr'><strong>hujus</strong></span> <span class='ocrx_word' id='word_1_29' title='bbox 883 1939 1176 2004; x_wconf 80' lang='lat' dir='ltr'><strong>Athenaei</strong></span> <span class='ocrx_word' id='word_1_30' title='bbox 1205 1940 1440 2004; x_wconf 84' lang='lat' dir='ltr'><strong>Rector</strong></span> <span class='ocrx_word' id='word_1_31' title='bbox 1467 1963 1482 2003; x_wconf 75' lang='grc' dir='ltr'><strong><em>ε</em></strong></span> <span class='ocrx_word' id='word_1_32' title='bbox 1535 1939 1890 2006; x_wconf 87' lang='lat' dir='ltr'><strong>Venerandi</strong></span> <span class='ocrx_word' id='word_1_33' title='bbox 1920 1949 1989 2006; x_wconf 86' lang='lat' dir='ltr'><strong>et</strong></span> <span class='ocrx_word' id='word_1_34' title='bbox 2016 1941 2393 2006; x_wconf 64' lang='lat' dir='ltr'><strong>celeberrimi</strong></span> <span class='ocrx_word' id='word_1_35' title='bbox 2426 1941 2711 2008; x_wconf 80' lang='lat' dir='ltr'><strong>Pastores</strong></span> 
     </span>
     <span class='ocr_line' id='line_1_9' title="bbox 311 2036 2709 2120; baseline 0.003 -21"><span class='ocrx_word' id='word_1_36' title='bbox 311 2056 382 2099; x_wconf 78' lang='lat' dir='ltr'><strong>ac</strong></span> <span class='ocrx_word' id='word_1_37' title='bbox 411 2036 814 2114; x_wconf 85' lang='lat' dir='ltr'><strong>Professores,</strong></span> <span class='ocrx_word' id='word_1_38' title='bbox 851 2037 1226 2103; x_wconf 80' lang='lat' dir='ltr'><strong>Genevensis</strong></span> <span class='ocrx_word' id='word_1_39' title='bbox 1259 2037 1550 2102; x_wconf 73' lang='lat' dir='ltr'><strong>Ecclesiae</strong></span> <span class='ocrx_word' id='word_1_40' title='bbox 1599 2049 1667 2104; x_wconf 85' lang='lat' dir='ltr'><strong>et</strong></span> <span class='ocrx_word' id='word_1_41' title='bbox 1702 2039 2059 2104; x_wconf 64' lang='lat' dir='ltr'><strong>Academias</strong></span> <span class='ocrx_word' id='word_1_42' title='bbox 2094 2039 2417 2120; x_wconf 84' lang='lat' dir='ltr'><strong>splendida</strong></span> <span class='ocrx_word' id='word_1_43' title='bbox 2444 2039 2709 2105; x_wconf 84' lang='lat' dir='ltr'><strong>decora:</strong></span> 
     </span>
     <span class='ocr_line' id='line_1_10' title="bbox 313 2131 2715 2218; baseline 0.003 -23"><span class='ocrx_word' id='word_1_44' title='bbox 313 2131 715 2209; x_wconf 84' lang='lat' dir='ltr'><strong>Nobilissimi,</strong></span> <span class='ocrx_word' id='word_1_45' title='bbox 749 2135 1238 2211; x_wconf 85' lang='lat' dir='ltr'><strong>Generosissimi‚</strong></span> <span class='ocrx_word' id='word_1_46' title='bbox 1271 2136 1898 2218; x_wconf 81' lang='lat' dir='ltr'><strong>Praestantissimique</strong></span> <span class='ocrx_word' id='word_1_47' title='bbox 1929 2137 2199 2201; x_wconf 87' lang='lat' dir='ltr'><strong>omnium</strong></span> <span class='ocrx_word' id='word_1_48' title='bbox 2228 2137 2509 2200; x_wconf 80' lang='lat' dir='ltr'><strong>ordinum</strong></span> <span class='ocrx_word' id='word_1_49' title='bbox 2542 2137 2715 2202; x_wconf 88' lang='lat' dir='ltr'><strong>Hos-</strong></span> 
     </span>
     <span class='ocr_line' id='line_1_11' title="bbox 309 2231 2643 2315; baseline 0.002 -22"><span class='ocrx_word' id='word_1_50' title='bbox 309 2231 472 2311; x_wconf 66' lang='lat' dir='ltr'><strong>pitae</strong></span> <span class='ocrx_word' id='word_1_51' title='bbox 500 2255 514 2294; x_wconf 89' lang='lat'>:</span> <span class='ocrx_word' id='word_1_52' title='bbox 569 2231 826 2315; x_wconf 82' lang='lat' dir='ltr'><strong>Vosque</strong></span> <span class='ocrx_word' id='word_1_53' title='bbox 859 2234 1034 2297; x_wconf 82' lang='lat' dir='ltr'><strong>Sacri</strong></span> <span class='ocrx_word' id='word_1_54' title='bbox 1065 2233 1202 2297; x_wconf 88' lang='lat' dir='ltr'><strong>Deo</strong></span> <span class='ocrx_word' id='word_1_55' title='bbox 1233 2233 1298 2296; x_wconf 88' lang='lat' dir='ltr'>N</span> <span class='ocrx_word' id='word_1_56' title='bbox 1299 2234 1524 2310; x_wconf 83' lang='lat' dir='ltr'><strong>aziraei,</strong></span> <span class='ocrx_word' id='word_1_57' title='bbox 1555 2233 2003 2314; x_wconf 76' lang='lat' dir='ltr'><strong>Prophetarum</strong></span> <span class='ocrx_word' id='word_1_58' title='bbox 2034 2235 2183 2297; x_wconf 86' lang='lat' dir='ltr'><strong>Filii</strong></span> <span class='ocrx_word' id='word_1_59' title='bbox 2216 2233 2599 2298; x_wconf 75' lang='lat' dir='ltr'><strong>dilectissimi</strong></span> <span class='ocrx_word' id='word_1_60' title='bbox 2626 2257 2643 2297; x_wconf 74' lang='lat' dir='ltr'><strong>t</strong></span> 
     </span>
    </p>

    <p class='ocr_par' dir='ltr' id='par_1_8' title="bbox 307 2327 2711 4165">
     <span class='ocr_line' id='line_1_12' title="bbox 407 2327 2709 2413; baseline 0.003 -23"><span class='ocrx_word' id='word_1_61' title='bbox 407 2327 664 2394; x_wconf 71' lang='lat' dir='ltr'>VERBA</span> <span class='ocrx_word' id='word_1_62' title='bbox 701 2333 925 2396; x_wconf 81' lang='lat' dir='ltr'><strong>desunt</strong></span> <span class='ocrx_word' id='word_1_63' title='bbox 955 2333 1136 2395; x_wconf 87' lang='lat' dir='ltr'><strong>rebus</strong></span> <span class='ocrx_word' id='word_1_64' title='bbox 1169 2332 1498 2395; x_wconf 81' lang='lat' dir='ltr'><strong>immensis.</strong></span> <span class='ocrx_word' id='word_1_65' title='bbox 1553 2331 1673 2394; x_wconf 85' lang='lat' dir='ltr'><strong>Vis</strong></span> <span class='ocrx_word' id='word_1_66' title='bbox 1704 2351 1927 2413; x_wconf 88' lang='lat' dir='ltr'><strong>magna</strong></span> <span class='ocrx_word' id='word_1_67' title='bbox 1953 2351 2163 2395; x_wconf 79' lang='lat' dir='ltr'><strong>vocem</strong></span> <span class='ocrx_word' id='word_1_68' title='bbox 2192 2330 2465 2403; x_wconf 88' lang='lat' dir='ltr'><strong>emittit;</strong></span> <span class='ocrx_word' id='word_1_69' title='bbox 2504 2331 2709 2412; x_wconf 83' lang='lat' dir='ltr'><strong>Major</strong></span> 
     </span>
     <span class='ocr_line' id='line_1_13' title="bbox 309 2427 2707 2512; baseline 0 -21"><span class='ocrx_word' id='word_1_70' title='bbox 309 2433 501 2491; x_wconf 87' lang='lat' dir='ltr'><strong>tenet.</strong></span> <span class='ocrx_word' id='word_1_71' title='bbox 574 2429 748 2493; x_wconf 81' lang='lat' dir='ltr'><strong>Curae</strong></span> <span class='ocrx_word' id='word_1_72' title='bbox 770 2429 936 2494; x_wconf 84' lang='lat' dir='ltr'><strong>leves</strong></span> <span class='ocrx_word' id='word_1_73' title='bbox 960 2429 1294 2510; x_wconf 89' lang='lat' dir='ltr'><strong>loquuntur</strong></span> <span class='ocrx_word' id='word_1_74' title='bbox 1327 2452 1342 2503; x_wconf 90' lang='lat'>;</span> <span class='ocrx_word' id='word_1_75' title='bbox 1379 2429 1674 2512; x_wconf 76' lang='lat' dir='ltr'><strong>Ingentes</strong></span> <span class='ocrx_word' id='word_1_76' title='bbox 1704 2435 1979 2509; x_wconf 78' lang='lat' dir='ltr'><strong>stupent.</strong></span> <span class='ocrx_word' id='word_1_77' title='bbox 2052 2427 2197 2491; x_wconf 87' lang='lat' dir='ltr'><strong>Non</strong></span> <span class='ocrx_word' id='word_1_78' title='bbox 2228 2447 2361 2490; x_wconf 87' lang='lat' dir='ltr'><strong>sese</strong></span> <span class='ocrx_word' id='word_1_79' title='bbox 2390 2430 2707 2492; x_wconf 76' lang='lat' dir='ltr'><strong>confestim</strong></span> 
     </span>
     <span class='ocr_line' id='line_1_14' title="bbox 309 2525 2709 2602; baseline 0.001 -14"><span class='ocrx_word' id='word_1_80' title='bbox 309 2531 584 2590; x_wconf 77' lang='lat' dir='ltr'><strong>ostentat</strong></span> <span class='ocrx_word' id='word_1_81' title='bbox 625 2527 906 2592; x_wconf 87' lang='lat' dir='ltr'><strong>intensus</strong></span> <span class='ocrx_word' id='word_1_82' title='bbox 941 2527 1146 2602; x_wconf 77' lang='lat' dir='ltr'><strong>dolor3</strong></span> <span class='ocrx_word' id='word_1_83' title='bbox 1199 2527 1306 2590; x_wconf 89' lang='lat' dir='ltr'><strong>sed</strong></span> <span class='ocrx_word' id='word_1_84' title='bbox 1336 2527 1396 2590; x_wconf 83' lang='lat' dir='ltr'><strong>vi</strong></span> <span class='ocrx_word' id='word_1_85' title='bbox 1447 2547 1562 2591; x_wconf 88' lang='lat' dir='ltr'><strong>sua</strong></span> <span class='ocrx_word' id='word_1_86' title='bbox 1591 2527 1795 2592; x_wconf 79' lang='lat' dir='ltr'><strong>verbis</strong></span> <span class='ocrx_word' id='word_1_87' title='bbox 1825 2525 2288 2591; x_wconf 78' lang='lat' dir='ltr'><strong>obluctantibus</strong></span> <span class='ocrx_word' id='word_1_88' title='bbox 2324 2526 2483 2588; x_wconf 79' lang='lat' dir='ltr'><strong>viam</strong></span> <span class='ocrx_word' id='word_1_89' title='bbox 2513 2525 2709 2590; x_wconf 88' lang='lat' dir='ltr'><strong>inter-</strong></span> 
     </span>
     <span class='ocr_line' id='line_1_15' title="bbox 309 2624 2709 2709; baseline 0 -21"><span class='ocrx_word' id='word_1_90' title='bbox 309 2624 523 2688; x_wconf 78' lang='lat' dir='ltr'><strong>cludit.</strong></span> <span class='ocrx_word' id='word_1_91' title='bbox 625 2626 776 2691; x_wconf 87' lang='lat' dir='ltr'><strong>Post</strong></span> <span class='ocrx_word' id='word_1_92' title='bbox 823 2626 1056 2709; x_wconf 89' lang='lat' dir='ltr'><strong>publici</strong></span> <span class='ocrx_word' id='word_1_93' title='bbox 1104 2624 1380 2707; x_wconf 86' lang='lat' dir='ltr'><strong>parentis</strong></span> <span class='ocrx_word' id='word_1_94' title='bbox 1419 2626 1760 2703; x_wconf 88' lang='lat' dir='ltr'><strong>interitum,</strong></span> <span class='ocrx_word' id='word_1_95' title='bbox 1790 2624 2029 2709; x_wconf 81' lang='lat' dir='ltr'><strong>gelidus</strong></span> <span class='ocrx_word' id='word_1_96' title='bbox 2072 2624 2293 2704; x_wconf 90' lang='lat' dir='ltr'><strong>cuique</strong></span> <span class='ocrx_word' id='word_1_97' title='bbox 2342 2644 2470 2706; x_wconf 83' lang='lat' dir='ltr'><strong>prae</strong></span> <span class='ocrx_word' id='word_1_98' title='bbox 2522 2626 2709 2689; x_wconf 87' lang='lat' dir='ltr'><strong>animi</strong></span> 
     </span>
     <span class='ocr_line' id='line_1_16' title="bbox 311 2722 2711 2805; baseline 0.001 -20"><span class='ocrx_word' id='word_1_99' title='bbox 311 2722 807 2789; x_wconf 86' lang='lat' dir='ltr'><strong>consternatione</strong></span> <span class='ocrx_word' id='word_1_100' title='bbox 855 2724 1042 2788; x_wconf 87' lang='lat' dir='ltr'><strong>hebet</strong></span> <span class='ocrx_word' id='word_1_101' title='bbox 1070 2724 1336 2805; x_wconf 81' lang='lat' dir='ltr'><strong>sanguis,</strong></span> <span class='ocrx_word' id='word_1_102' title='bbox 1367 2722 1529 2789; x_wconf 89' lang='lat' dir='ltr'><strong>sicut</strong></span> <span class='ocrx_word' id='word_1_103' title='bbox 1563 2725 1789 2787; x_wconf 80' lang='lat' dir='ltr'><strong>amisso</strong></span> <span class='ocrx_word' id='word_1_104' title='bbox 1816 2722 2265 2787; x_wconf 82' lang='lat' dir='ltr'><strong>Patrefamilias</strong></span> <span class='ocrx_word' id='word_1_105' title='bbox 2300 2731 2541 2786; x_wconf 76' lang='lat' dir='ltr'><strong>vastum</strong></span> <span class='ocrx_word' id='word_1_106' title='bbox 2570 2731 2711 2787; x_wconf 84' lang='lat' dir='ltr'><strong>tota</strong></span> 
     </span>
     <span class='ocr_line' id='line_1_17' title="bbox 312 2819 2709 2903; baseline 0.001 -21"><span class='ocrx_word' id='word_1_107' title='bbox 312 2819 494 2885; x_wconf 90' lang='lat' dir='ltr'><strong>domo</strong></span> <span class='ocrx_word' id='word_1_108' title='bbox 523 2822 854 2899; x_wconf 87' lang='lat' dir='ltr'><strong>silentium,</strong></span> <span class='ocrx_word' id='word_1_109' title='bbox 881 2832 946 2887; x_wconf 88' lang='lat' dir='ltr'><strong>et</strong></span> <span class='ocrx_word' id='word_1_110' title='bbox 967 2822 1228 2903; x_wconf 84' lang='lat' dir='ltr'><strong>elinguis</strong></span> <span class='ocrx_word' id='word_1_111' title='bbox 1249 2822 1699 2903; x_wconf 80' lang='lat' dir='ltr'><strong>lachrymarum</strong></span> <span class='ocrx_word' id='word_1_112' title='bbox 1724 2821 1939 2897; x_wconf 86' lang='lat' dir='ltr'><strong>imber,</strong></span> <span class='ocrx_word' id='word_1_113' title='bbox 1966 2828 2075 2884; x_wconf 86' lang='lat' dir='ltr'><strong>aut</strong></span> <span class='ocrx_word' id='word_1_114' title='bbox 2102 2820 2340 2883; x_wconf 86' lang='lat' dir='ltr'><strong>turbidi</strong></span> <span class='ocrx_word' id='word_1_115' title='bbox 2374 2828 2440 2884; x_wconf 88' lang='lat' dir='ltr'><strong>et</strong></span> <span class='ocrx_word' id='word_1_116' title='bbox 2474 2823 2709 2885; x_wconf 86' lang='lat' dir='ltr'><strong>confusi</strong></span> 
     </span>
     <span class='ocr_line' id='line_1_18' title="bbox 313 2918 2711 3000; baseline 0 -19"><span class='ocrx_word' id='word_1_117' title='bbox 313 2919 558 2998; x_wconf 86' lang='lat' dir='ltr'><strong>quidam</strong></span> <span class='ocrx_word' id='word_1_118' title='bbox 587 2920 875 3000; x_wconf 87' lang='lat' dir='ltr'><strong>ejulatus.</strong></span> <span class='ocrx_word' id='word_1_119' title='bbox 979 2920 1299 2984; x_wconf 81' lang='lat' dir='ltr'><strong>Hactenus</strong></span> <span class='ocrx_word' id='word_1_120' title='bbox 1349 2919 1548 2983; x_wconf 80' lang='lat' dir='ltr'><strong>tacuit</strong></span> <span class='ocrx_word' id='word_1_121' title='bbox 1580 2919 1953 2983; x_wconf 83' lang='lat' dir='ltr'><strong>Athenaeum</strong></span> <span class='ocrx_word' id='word_1_122' title='bbox 2004 2926 2301 2992; x_wconf 88' lang='lat' dir='ltr'><strong>nostrum,</strong></span> <span class='ocrx_word' id='word_1_123' title='bbox 2336 2922 2404 2980; x_wconf 89' lang='lat' dir='ltr'><strong>et</strong></span> <span class='ocrx_word' id='word_1_124' title='bbox 2450 2918 2711 2983; x_wconf 86' lang='lat' dir='ltr'><strong>horrore</strong></span> 
     </span>
     <span class='ocr_line' id='line_1_19' title="bbox 311 3014 2710 3099; baseline 0 -20"><span class='ocrx_word' id='word_1_125' title='bbox 311 3016 474 3080; x_wconf 80' lang='lat' dir='ltr'><strong>sacri</strong></span> <span class='ocrx_word' id='word_1_126' title='bbox 525 3016 752 3081; x_wconf 87' lang='lat' dir='ltr'><strong>silentii</strong></span> <span class='ocrx_word' id='word_1_127' title='bbox 803 3019 1040 3083; x_wconf 83' lang='lat' dir='ltr'><strong>luctum</strong></span> <span class='ocrx_word' id='word_1_128' title='bbox 1085 3016 1453 3099; x_wconf 80' lang='lat' dir='ltr'><strong>obsignavit.</strong></span> <span class='ocrx_word' id='word_1_129' title='bbox 1557 3016 1755 3081; x_wconf 88' lang='lat' dir='ltr'><strong>Dolor</strong></span> <span class='ocrx_word' id='word_1_130' title='bbox 1794 3017 2080 3080; x_wconf 76' lang='lat' dir='ltr'><strong>infandus</strong></span> <span class='ocrx_word' id='word_1_131' title='bbox 2119 3014 2415 3095; x_wconf 85' lang='lat' dir='ltr'><strong>repressit</strong></span> <span class='ocrx_word' id='word_1_132' title='bbox 2456 3034 2584 3091; x_wconf 85' lang='lat' dir='ltr'><strong>ora,</strong></span> <span class='ocrx_word' id='word_1_133' title='bbox 2643 3022 2710 3080; x_wconf 90' lang='lat' dir='ltr'><strong>et</strong></span> 
     </span>
     <span class='ocr_line' id='line_1_20' title="bbox 311 3113 2709 3197; baseline 0.001 -20"><span class='ocrx_word' id='word_1_134' title='bbox 311 3114 524 3177; x_wconf 84' lang='lat' dir='ltr'><strong>tristia</strong></span> <span class='ocrx_word' id='word_1_135' title='bbox 551 3118 799 3197; x_wconf 83' lang='lat' dir='ltr'><strong>negavit</strong></span> <span class='ocrx_word' id='word_1_136' title='bbox 822 3118 1029 3179; x_wconf 82' lang='lat' dir='ltr'><strong>verba.</strong></span> <span class='ocrx_word' id='word_1_137' title='bbox 1091 3114 1332 3179; x_wconf 86' lang='lat' dir='ltr'><strong>Verum</strong></span> <span class='ocrx_word' id='word_1_138' title='bbox 1359 3115 1591 3177; x_wconf 88' lang='lat' dir='ltr'><strong>diutius</strong></span> <span class='ocrx_word' id='word_1_139' title='bbox 1613 3134 1733 3178; x_wconf 83' lang='lat' dir='ltr'><strong>vox</strong></span> <span class='ocrx_word' id='word_1_140' title='bbox 1760 3122 1975 3178; x_wconf 85' lang='lat' dir='ltr'><strong>nostra</strong></span> <span class='ocrx_word' id='word_1_141' title='bbox 1994 3113 2295 3194; x_wconf 88' lang='lat' dir='ltr'><strong>supprimi</strong></span> <span class='ocrx_word' id='word_1_142' title='bbox 2330 3114 2563 3195; x_wconf 88' lang='lat' dir='ltr'><strong>nequit,</strong></span> <span class='ocrx_word' id='word_1_143' title='bbox 2594 3134 2709 3179; x_wconf 84' lang='lat' dir='ltr'><strong>nec</strong></span> 
     </span>
     <span class='ocr_line' id='line_1_21' title="bbox 311 3210 2711 3293; baseline 0.001 -21"><span class='ocrx_word' id='word_1_144' title='bbox 311 3212 479 3275; x_wconf 69' lang='lat' dir='ltr'><strong>valet</strong></span> <span class='ocrx_word' id='word_1_145' title='bbox 515 3213 778 3293; x_wconf 88' lang='lat' dir='ltr'><strong>amplius</strong></span> <span class='ocrx_word' id='word_1_146' title='bbox 823 3215 1065 3277; x_wconf 86' lang='lat' dir='ltr'><strong>animus</strong></span> <span class='ocrx_word' id='word_1_147' title='bbox 1111 3212 1370 3277; x_wconf 79' lang='lat' dir='ltr'><strong>tacitum</strong></span> <span class='ocrx_word' id='word_1_148' title='bbox 1417 3214 1530 3275; x_wconf 89' lang='lat' dir='ltr'><strong>sub</strong></span> <span class='ocrx_word' id='word_1_149' title='bbox 1579 3220 1831 3292; x_wconf 88' lang='lat' dir='ltr'><strong>pectore</strong></span> <span class='ocrx_word' id='word_1_150' title='bbox 1860 3212 2101 3275; x_wconf 86' lang='lat' dir='ltr'><strong>nutrire</strong></span> <span class='ocrx_word' id='word_1_151' title='bbox 2128 3210 2365 3273; x_wconf 77' lang='lat' dir='ltr'><strong>vulnus.</strong></span> <span class='ocrx_word' id='word_1_152' title='bbox 2468 3210 2711 3292; x_wconf 82' lang='lat' dir='ltr'><strong>Majora</strong></span> 
     </span>
     <span class='ocr_line' id='line_1_22' title="bbox 311 3308 2711 3391; baseline -0 -18"><span class='ocrx_word' id='word_1_153' title='bbox 311 3310 592 3373; x_wconf 81' lang='lat' dir='ltr'><strong>cruciant</strong></span> <span class='ocrx_word' id='word_1_154' title='bbox 623 3331 805 3391; x_wconf 87' lang='lat' dir='ltr'><strong>quam</strong></span> <span class='ocrx_word' id='word_1_155' title='bbox 827 3318 900 3374; x_wconf 91' lang='lat' dir='ltr'><strong>ut</strong></span> <span class='ocrx_word' id='word_1_156' title='bbox 927 3331 1133 3374; x_wconf 85' lang='lat' dir='ltr'><strong>moras</strong></span> <span class='ocrx_word' id='word_1_157' title='bbox 1161 3310 1392 3391; x_wconf 90' lang='lat' dir='ltr'><strong>possim</strong></span> <span class='ocrx_word' id='word_1_158' title='bbox 1413 3310 1544 3390; x_wconf 81' lang='lat' dir='ltr'><strong>pati</strong></span> <span class='ocrx_word' id='word_1_159' title='bbox 1567 3330 1582 3383; x_wconf 91' lang='lat'>;</span> <span class='ocrx_word' id='word_1_160' title='bbox 1615 3310 1873 3373; x_wconf 71' lang='lat' dir='ltr'><strong>flammae</strong></span> <span class='ocrx_word' id='word_1_161' title='bbox 1898 3308 2192 3373; x_wconf 78' lang='lat' dir='ltr'><strong>medullas</strong></span> <span class='ocrx_word' id='word_1_162' title='bbox 2222 3316 2287 3372; x_wconf 88' lang='lat' dir='ltr'><strong>et</strong></span> <span class='ocrx_word' id='word_1_163' title='bbox 2308 3328 2416 3372; x_wconf 90' lang='lat' dir='ltr'><strong>cor</strong></span> <span class='ocrx_word' id='word_1_164' title='bbox 2436 3312 2711 3373; x_wconf 81' lang='lat' dir='ltr'><strong>exurunt</strong></span> 
     </span>
     <span class='ocr_line' id='line_1_23' title="bbox 309 3406 2708 3490; baseline 0.001 -21"><span class='ocrx_word' id='word_1_165' title='bbox 309 3426 535 3470; x_wconf 88' lang='lat' dir='ltr'><strong>meum.</strong></span> <span class='ocrx_word' id='word_1_166' title='bbox 635 3408 1014 3490; x_wconf 79' lang='lat' dir='ltr'><strong>Lachrymas</strong></span> <span class='ocrx_word' id='word_1_167' title='bbox 1045 3408 1378 3488; x_wconf 78' lang='lat' dir='ltr'><strong>lachrymis</strong></span> <span class='ocrx_word' id='word_1_168' title='bbox 1407 3408 1665 3472; x_wconf 89' lang='lat' dir='ltr'><strong>miscere</strong></span> <span class='ocrx_word' id='word_1_169' title='bbox 1683 3408 1884 3488; x_wconf 80' lang='lat' dir='ltr'><strong>juvat,</strong></span> <span class='ocrx_word' id='word_1_170' title='bbox 1916 3416 1981 3471; x_wconf 91' lang='lat' dir='ltr'><strong>et</strong></span> <span class='ocrx_word' id='word_1_171' title='bbox 2010 3406 2213 3471; x_wconf 79' lang='lat' dir='ltr'><strong>verbis</strong></span> <span class='ocrx_word' id='word_1_172' title='bbox 2242 3406 2575 3471; x_wconf 88' lang='lat' dir='ltr'><strong>obductum</strong></span> <span class='ocrx_word' id='word_1_173' title='bbox 2601 3408 2708 3471; x_wconf 94' lang='lat' dir='ltr'><strong>do-</strong></span> 
     </span>
     <span class='ocr_line' id='line_1_24' title="bbox 311 3502 2709 3587; baseline 0 -20"><span class='ocrx_word' id='word_1_174' title='bbox 311 3504 498 3569; x_wconf 87' lang='lat' dir='ltr'><strong>lorem</strong></span> <span class='ocrx_word' id='word_1_175' title='bbox 521 3505 787 3587; x_wconf 72' lang='lat' dir='ltr'><strong>vulgare.</strong></span> <span class='ocrx_word' id='word_1_176' title='bbox 834 3507 930 3569; x_wconf 88' lang='lat' dir='ltr'><strong>At</strong></span> <span class='ocrx_word' id='word_1_177' title='bbox 953 3506 1102 3586; x_wconf 88' lang='lat' dir='ltr'><strong>quid</strong></span> <span class='ocrx_word' id='word_1_178' title='bbox 1123 3505 1408 3585; x_wconf 63' lang='lat' dir='ltr'><strong>eloquar?</strong></span> <span class='ocrx_word' id='word_1_179' title='bbox 1443 3504 1626 3569; x_wconf 88' lang='lat' dir='ltr'><strong>Unde</strong></span> <span class='ocrx_word' id='word_1_180' title='bbox 1649 3506 1891 3570; x_wconf 87' lang='lat' dir='ltr'><strong>dicendi</strong></span> <span class='ocrx_word' id='word_1_181' title='bbox 1916 3502 2273 3569; x_wconf 63' lang='lat' dir='ltr'><strong>exordium‘!</strong></span> <span class='ocrx_word' id='word_1_182' title='bbox 2308 3512 2346 3539; x_wconf 90' lang='lat'><strong>“</strong></span> <span class='ocrx_word' id='word_1_183' title='bbox 2362 3504 2709 3580; x_wconf 83' lang='lat' dir='ltr'><strong>Grandes,”</strong></span> 
     </span>
     <span class='ocr_line' id='line_1_25' title="bbox 311 3602 2711 3685; baseline -0.001 -20"><span class='ocrx_word' id='word_1_184' title='bbox 311 3610 384 3665; x_wconf 86' lang='lat' dir='ltr'><strong>nt</strong></span> <span class='ocrx_word' id='word_1_185' title='bbox 413 3624 550 3667; x_wconf 89' lang='lat' dir='ltr'><strong>cum</strong></span> <span class='ocrx_word' id='word_1_186' title='bbox 581 3602 960 3685; x_wconf 77' lang='lat' dir='ltr'><strong>Hieronymo</strong></span> <span class='ocrx_word' id='word_1_187' title='bbox 987 3604 1222 3684; x_wconf 87' lang='lat' dir='ltr'><strong>loquar,</strong></span> <span class='ocrx_word' id='word_1_188' title='bbox 1255 3610 1292 3639; x_wconf 90' lang='lat'><strong>“</strong></span> <span class='ocrx_word' id='word_1_189' title='bbox 1311 3604 1604 3667; x_wconf 85' lang='lat' dir='ltr'><strong>materias</strong></span> <span class='ocrx_word' id='word_1_190' title='bbox 1631 3602 1881 3685; x_wconf 86' lang='lat' dir='ltr'><strong>ingenia</strong></span> <span class='ocrx_word' id='word_1_191' title='bbox 1906 3624 2099 3682; x_wconf 84' lang='lat' dir='ltr'><strong>parva</strong></span> <span class='ocrx_word' id='word_1_192' title='bbox 2129 3622 2251 3665; x_wconf 89' lang='lat' dir='ltr'><strong>non</strong></span> <span class='ocrx_word' id='word_1_193' title='bbox 2286 3602 2613 3676; x_wconf 86' lang='lat' dir='ltr'><strong>sustinent,</strong></span> <span class='ocrx_word' id='word_1_194' title='bbox 2644 3610 2711 3665; x_wconf 89' lang='lat' dir='ltr'><strong>et</strong></span> 
     </span>
     <span class='ocr_line' id='line_1_26' title="bbox 311 3698 2711 3781; baseline -0.002 -18"><span class='ocrx_word' id='word_1_195' title='bbox 311 3700 377 3763; x_wconf 90' lang='lat' dir='ltr'><strong>in</strong></span> <span class='ocrx_word' id='word_1_196' title='bbox 415 3698 550 3781; x_wconf 86' lang='lat' dir='ltr'><strong>ipso</strong></span> <span class='ocrx_word' id='word_1_197' title='bbox 599 3710 826 3765; x_wconf 83' lang='lat' dir='ltr'><strong>conatu</strong></span> <span class='ocrx_word' id='word_1_198' title='bbox 867 3704 1036 3765; x_wconf 86' lang='lat' dir='ltr'><strong>ultra</strong></span> <span class='ocrx_word' id='word_1_199' title='bbox 1062 3700 1222 3765; x_wconf 84' lang='lat' dir='ltr'><strong>vires</strong></span> <span class='ocrx_word' id='word_1_200' title='bbox 1251 3722 1401 3765; x_wconf 87' lang='lat' dir='ltr'><strong>ausa</strong></span> <span class='ocrx_word' id='word_1_201' title='bbox 1439 3703 1861 3775; x_wconf 85' lang='lat' dir='ltr'><strong>succumbunt,</strong></span> <span class='ocrx_word' id='word_1_202' title='bbox 1895 3706 2246 3780; x_wconf 86' lang='lat' dir='ltr'><strong>quantoque</strong></span> <span class='ocrx_word' id='word_1_203' title='bbox 2274 3699 2473 3778; x_wconf 87' lang='lat' dir='ltr'><strong>majus</strong></span> <span class='ocrx_word' id='word_1_204' title='bbox 2520 3698 2711 3760; x_wconf 80' lang='lat' dir='ltr'><strong>fuerit</strong></span> 
     </span>
     <span class='ocr_line' id='line_1_27' title="bbox 313 3794 2711 3879; baseline -0.001 -19"><span class='ocrx_word' id='word_1_205' title='bbox 313 3800 470 3877; x_wconf 88' lang='lat' dir='ltr'><strong>quod</strong></span> <span class='ocrx_word' id='word_1_206' title='bbox 503 3798 828 3863; x_wconf 89' lang='lat' dir='ltr'><strong>dicendum</strong></span> <span class='ocrx_word' id='word_1_207' title='bbox 867 3808 982 3875; x_wconf 87' lang='lat' dir='ltr'><strong>est,</strong></span> <span class='ocrx_word' id='word_1_208' title='bbox 1013 3806 1194 3863; x_wconf 89' lang='lat' dir='ltr'><strong>tanto</strong></span> <span class='ocrx_word' id='word_1_209' title='bbox 1231 3799 1428 3879; x_wconf 84' lang='lat' dir='ltr'><strong>magis</strong></span> <span class='ocrx_word' id='word_1_210' title='bbox 1467 3799 1772 3874; x_wconf 88' lang='lat' dir='ltr'><strong>obruitur,</strong></span> <span class='ocrx_word' id='word_1_211' title='bbox 1809 3797 1913 3876; x_wconf 87' lang='lat' dir='ltr'><strong>qui</strong></span> <span class='ocrx_word' id='word_1_212' title='bbox 1958 3794 2442 3877; x_wconf 82' lang='lat' dir='ltr'><strong>magnitudinem</strong></span> <span class='ocrx_word' id='word_1_213' title='bbox 2472 3794 2565 3857; x_wconf 91' lang='lat' dir='ltr'><strong>rei</strong></span> <span class='ocrx_word' id='word_1_214' title='bbox 2603 3815 2711 3858; x_wconf 87' lang='lat' dir='ltr'><strong>ex-</strong></span> 
     </span>
     <span class='ocr_line' id='line_1_28' title="bbox 311 3891 2708 3978; baseline -0.002 -20"><span class='ocrx_word' id='word_1_215' title='bbox 311 3896 540 3977; x_wconf 86' lang='lat' dir='ltr'><strong>plicare</strong></span> <span class='ocrx_word' id='word_1_216' title='bbox 571 3898 778 3961; x_wconf 82' lang='lat' dir='ltr'><strong>verbis</strong></span> <span class='ocrx_word' id='word_1_217' title='bbox 806 3918 927 3962; x_wconf 87' lang='lat' dir='ltr'><strong>non</strong></span> <span class='ocrx_word' id='word_1_218' title='bbox 959 3892 1226 3978; x_wconf 86' lang='lat' dir='ltr'><strong>potest.”</strong></span> <span class='ocrx_word' id='word_1_219' title='bbox 1320 3894 1500 3959; x_wconf 84' lang='lat' dir='ltr'><strong>Mens</strong></span> <span class='ocrx_word' id='word_1_220' title='bbox 1533 3900 1765 3976; x_wconf 87' lang='lat' dir='ltr'><strong>stupet,</strong></span> <span class='ocrx_word' id='word_1_221' title='bbox 1804 3914 2019 3957; x_wconf 87' lang='lat' dir='ltr'><strong>manus</strong></span> <span class='ocrx_word' id='word_1_222' title='bbox 2052 3891 2283 3968; x_wconf 88' lang='lat' dir='ltr'><strong>tremit,</strong></span> <span class='ocrx_word' id='word_1_223' title='bbox 2330 3891 2539 3974; x_wconf 84' lang='lat' dir='ltr'><strong>lingua</strong></span> <span class='ocrx_word' id='word_1_224' title='bbox 2576 3892 2708 3955; x_wconf 90' lang='lat' dir='ltr'><strong>bal-</strong></span> 
     </span>
     <span class='ocr_line' id='line_1_29' title="bbox 311 3990 2708 4075; baseline -0.002 -19"><span class='ocrx_word' id='word_1_225' title='bbox 311 3994 494 4069; x_wconf 86' lang='lat' dir='ltr'><strong>butit,</strong></span> <span class='ocrx_word' id='word_1_226' title='bbox 526 4000 592 4057; x_wconf 85' lang='lat' dir='ltr'><strong>et</strong></span> <span class='ocrx_word' id='word_1_227' title='bbox 621 3995 862 4075; x_wconf 88' lang='lat' dir='ltr'><strong>quoties</strong></span> <span class='ocrx_word' id='word_1_228' title='bbox 907 3998 1076 4058; x_wconf 89' lang='lat' dir='ltr'><strong>nitor</strong></span> <span class='ocrx_word' id='word_1_229' title='bbox 1120 3993 1185 4057; x_wconf 89' lang='lat' dir='ltr'><strong>in</strong></span> <span class='ocrx_word' id='word_1_230' title='bbox 1220 3994 1407 4057; x_wconf 79' lang='lat' dir='ltr'><strong>verba</strong></span> <span class='ocrx_word' id='word_1_231' title='bbox 1444 4012 1865 4073; x_wconf 87' lang='lat' dir='ltr'><strong>prorumpere,</strong></span> <span class='ocrx_word' id='word_1_232' title='bbox 1910 3990 2099 4055; x_wconf 88' lang='lat' dir='ltr'><strong>toties</strong></span> <span class='ocrx_word' id='word_1_233' title='bbox 2149 3990 2487 4071; x_wconf 82' lang='lat' dir='ltr'><strong>implentur</strong></span> <span class='ocrx_word' id='word_1_234' title='bbox 2528 3990 2708 4067; x_wconf 89' lang='lat' dir='ltr'><strong>oculi,</strong></span> 
     </span>
     <span class='ocr_line' id='line_1_30' title="bbox 307 4089 2709 4165; baseline -0.002 -10"><span class='ocrx_word' id='word_1_235' title='bbox 307 4099 372 4155; x_wconf 85' lang='lat' dir='ltr'><strong>et</strong></span> <span class='ocrx_word' id='word_1_236' title='bbox 419 4098 718 4156; x_wconf 82' lang='lat' dir='ltr'><strong>renovato</strong></span> <span class='ocrx_word' id='word_1_237' title='bbox 760 4092 970 4157; x_wconf 87' lang='lat' dir='ltr'><strong>dolore</strong></span> <span class='ocrx_word' id='word_1_238' title='bbox 1017 4097 1191 4155; x_wconf 87' lang='lat' dir='ltr'><strong>totus</strong></span> <span class='ocrx_word' id='word_1_239' title='bbox 1241 4112 1374 4155; x_wconf 84' lang='lat' dir='ltr'><strong>sum</strong></span> <span class='ocrx_word' id='word_1_240' title='bbox 1413 4090 1478 4154; x_wconf 91' lang='lat' dir='ltr'><strong>in</strong></span> <span class='ocrx_word' id='word_1_241' title='bbox 1527 4092 1763 4155; x_wconf 85' lang='lat' dir='ltr'><strong>funere.</strong></span> <span class='ocrx_word' id='word_1_242' title='bbox 1873 4090 2277 4153; x_wconf 74' lang='lat' dir='ltr'><strong>Turrettinus</strong></span> <span class='ocrx_word' id='word_1_243' title='bbox 2310 4094 2525 4153; x_wconf 83' lang='lat' dir='ltr'><strong>noster</strong></span> <span class='ocrx_word' id='word_1_244' title='bbox 2568 4089 2709 4165; x_wconf 79' lang='lat' dir='ltr'><strong>fuit,</strong></span> 
     </span>
    </p>
   </div>
   <div class='ocr_carea' id='block_1_8' title="bbox 309 4188 2057 4438">
    <p class='ocr_par' dir='ltr' id='par_1_9' title="bbox 309 4188 2057 4438">
     <span class='ocr_line' id='line_1_31' title="bbox 309 4188 541 4254; baseline -0.009 -2"><span class='ocrx_word' id='word_1_245' title='bbox 309 4188 487 4254; x_wconf 80' lang='lat' dir='ltr'><strong>Eheu</strong></span> <span class='ocrx_word' id='word_1_246' title='bbox 525 4189 541 4250; x_wconf 77' lang='grc' dir='ltr'><strong>Ξ</strong></span> 
     </span>
     <span class='ocr_line' id='line_1_32' title="bbox 1521 4280 2057 4355; baseline 0 -18"><span class='ocrx_word' id='word_1_247' title='bbox 1521 4280 1663 4347; x_wconf 67' lang='lat' dir='ltr'><strong>Quis</strong></span> <span class='ocrx_word' id='word_1_248' title='bbox 1692 4280 1833 4339; x_wconf 75' lang='lat' dir='ltr'><strong>talia</strong></span> <span class='ocrx_word' id='word_1_249' title='bbox 1844 4280 2057 4355; x_wconf 77' lang='lat' dir='ltr'><strong>sande,</strong></span> 
     </span>
     <span class='ocr_line' id='line_1_33' title="bbox 955 4358 1679 4438; baseline -0.004 -17"><span class='ocrx_word' id='word_1_250' title='bbox 955 4358 1246 4438; x_wconf 78' lang='lat' dir='ltr'><strong>Temperet</strong></span> <span class='ocrx_word' id='word_1_251' title='bbox 1269 4382 1308 4421; x_wconf 84' lang='lat' dir='ltr'><strong><em>a</em></strong></span> <span class='ocrx_word' id='word_1_252' title='bbox 1335 4360 1632 4437; x_wconf 69' lang='lat' dir='ltr'><strong>lachrymis</strong></span> <span class='ocrx_word' id='word_1_253' title='bbox 1650 4362 1679 4419; x_wconf 72' lang='lat'><strong>,²</strong></span> 
     </span>
    </p>
   </div>
   <div class='ocr_carea' id='block_1_9' title="bbox 303 4538 2715 4723">
    <p class='ocr_par' dir='ltr' id='par_1_10' title="bbox 303 4538 2715 4723">
     <span class='ocr_line' id='line_1_34' title="bbox 387 4538 2711 4625; baseline -0.003 -18"><span class='ocrx_word' id='word_1_254' title='bbox 387 4545 658 4611; x_wconf 73' lang='lat' dir='ltr'><strong>VERUM</strong></span> <span class='ocrx_word' id='word_1_255' title='bbox 685 4544 740 4609; x_wconf 85' lang='lat' dir='ltr'><strong>si</strong></span> <span class='ocrx_word' id='word_1_256' title='bbox 771 4545 1050 4625; x_wconf 76' lang='lat' dir='ltr'><strong>quaedam</strong></span> <span class='ocrx_word' id='word_1_257' title='bbox 1076 4544 1352 4609; x_wconf 86' lang='lat' dir='ltr'><strong>moeroris</strong></span> <span class='ocrx_word' id='word_1_258' title='bbox 1379 4544 1602 4608; x_wconf 83' lang='lat' dir='ltr'><strong>solatia</strong></span> <span class='ocrx_word' id='word_1_259' title='bbox 1629 4562 1765 4607; x_wconf 86' lang='lat' dir='ltr'><strong>esse</strong></span> <span class='ocrx_word' id='word_1_260' title='bbox 1794 4543 2089 4605; x_wconf 84' lang='lat' dir='ltr'><strong>dixerunt</strong></span> <span class='ocrx_word' id='word_1_261' title='bbox 2117 4540 2413 4613; x_wconf 88' lang='lat' dir='ltr'><strong>nonnulli,</strong></span> <span class='ocrx_word' id='word_1_262' title='bbox 2445 4538 2521 4600; x_wconf 87' lang='lat' dir='ltr'><strong>de</strong></span> <span class='ocrx_word' id='word_1_263' title='bbox 2550 4559 2711 4601; x_wconf 92' lang='lat' dir='ltr'><strong>mor-</strong></span> 
     </span>
     <span class='ocr_line' id='line_1_35' title="bbox 303 4636 2715 4723; baseline -0.002 -18"><span class='ocrx_word' id='word_1_264' title='bbox 303 4650 549 4708; x_wconf 82' lang='lat' dir='ltr'><strong>tuorum</strong></span> <span class='ocrx_word' id='word_1_265' title='bbox 597 4650 764 4719; x_wconf 86' lang='lat' dir='ltr'><strong>ortu,</strong></span> <span class='ocrx_word' id='word_1_266' title='bbox 811 4662 1214 4723; x_wconf 85' lang='lat' dir='ltr'><strong>supremoque</strong></span> <span class='ocrx_word' id='word_1_267' title='bbox 1265 4642 1378 4706; x_wconf 85' lang='lat' dir='ltr'><strong>fati</strong></span> <span class='ocrx_word' id='word_1_268' title='bbox 1425 4641 1526 4707; x_wconf 85' lang='lat' dir='ltr'><strong>dic</strong></span> <span class='ocrx_word' id='word_1_269' title='bbox 1557 4642 1747 4705; x_wconf 81' lang='lat' dir='ltr'><strong>verba.</strong></span> <span class='ocrx_word' id='word_1_270' title='bbox 1785 4642 2003 4713; x_wconf 79' lang='lat' dir='ltr'><strong>facere,</strong></span> <span class='ocrx_word' id='word_1_271' title='bbox 2044 4640 2205 4703; x_wconf 88' lang='lat' dir='ltr'><strong>hanc</strong></span> <span class='ocrx_word' id='word_1_272' title='bbox 2236 4636 2715 4717; x_wconf 81' lang='lat' dir='ltr'><strong>qualemcunque</strong></span> 
     </span>
    </p>
   </div>
  </div>
 </body>
</html>
