3300 5225
361 356 627 409 QuAEsr.
659 339 751 419 x.]
1391 356 1470 397 m:
1498 356 1853 398 cananeus.
2688 338 2805 397 415

373 500 577 577 cnjus
606 516 816 576 cerpus
843 496 1017 557 etiam
1036 516 1142 556 suo
1169 496 1342 556 medo
1367 498 1658 575 particeps
1674 498 1894 573 fuisset,
1920 497 2044 557 sive
2071 496 2431 575 majestatem
2458 496 2618 556 illam
2643 514 2819 575 quam

365 596 514 658 prae
549 598 612 639 se
639 578 878 654 ferebat,
909 584 968 637 et
994 597 1169 655 quam
1197 576 1369 637 ovid.
1399 578 1701 655 eleganter
1726 577 1811 636 sic
1839 577 2149 655 exprimit:

811 739 1114 813 Pronaque
1141 756 1265 795 cum
1291 745 1534 813 spectent
1558 736 1835 795 animalia
1866 743 2075 795 coetera
2104 744 2336 810 terram,

815 819 892 877 Os
920 817 1131 875 homini
1152 817 1379 874 sublime
1407 816 1576 892 dedit,
1606 820 1905 892 coelumque
1935 816 2083 874 meri

805 896 1006 973 Jussit,
1037 905 1092 954 et
1117 906 1325 955 erectos
1353 900 1438 956 ad
1458 898 1650 956 sidera
1680 899 1873 955 tollere
1900 899 2081 954 malcus
2096 919 2121 971 ,-

377 1056 526 1115 sive
569 1055 964 1115 admirabilem
996 1053 1264 1133 Corporis
1306 1056 1580 1133 organici,
1625 1062 1685 1113 et
1728 1054 1985 1113 omnium
2020 1053 2407 1113 membrorum
2452 1072 2807 1133 compagem,

377 1137 812 1213 symmetriam,
843 1144 902 1195 et
927 1154 1096 1194 usum
1125 1135 1526 1211 attendamus;
1573 1136 1807 1195 Certum
1834 1142 2027 1195 tamen
2048 1143 2155 1209 est,
2186 1153 2304 1193 non
2330 1143 2449 1193 tam
2477 1134 2809 1212 formaliter,

377 1236 576 1294 quam
604 1222 1022 1293 consequenter
1047 1223 1106 1274 et
1131 1214 1414 1291 effective,
1444 1214 1675 1274 fulsisse
1702 1215 1764 1272 in
1792 1234 2029 1291 corpere
2057 1215 2227 1272 istam
2256 1214 2584 1291 imaginem,
2609 1223 2810 1293 quate-

375 1316 510 1355 nus
539 1304 598 1356 et
623 1296 811 1374 figura
845 1295 1028 1372 ipsius
1053 1295 1322 1371 heminis,
1353 1302 1412 1354 et
1437 1296 1711 1373 majestas
1752 1294 1825 1354 ab
1853 1294 1957 1352 illa
1994 1294 2303 1369 resultans,
2332 1300 2579 1353 testatur
2606 1294 2679 1353 de
2705 1296 2809 1353 he-

383 1376 578 1435 minis
617 1383 902 1454 potestate
927 1374 990 1431 in
1026 1375 1279 1452 reliquas
1309 1384 1614 1449 creaturae,
1647 1382 1707 1433 et
1746 1374 1905 1452 qued
1930 1372 2143 1433 habeat
2182 1372 2430 1431 animam
2459 1375 2812 1452 centempla-

381 1456 547 1514 tioni
575 1463 634 1515 et
659 1454 976 1533 cognitioni
1005 1453 1310 1531 idoneam;
1357 1464 1530 1532 atque
1557 1455 1703 1513 adeo
1744 1453 1975 1532 propria
2010 1453 2292 1530 Imaginis
2322 1452 2552 1511 Divinae
2596 1452 2809 1529 sedem,

381 1554 521 1594 non
547 1535 609 1592 in
636 1554 889 1613 corpore,
922 1532 1026 1592 sed
1054 1536 1114 1591 in
1141 1535 1334 1592 anima
1359 1534 1554 1593 fuisse.
1607 1534 1731 1592 Nec
1760 1534 1809 1593 si
1831 1533 2088 1591 membra
2114 1532 2365 1591 hmnana
2394 1532 2521 1591 Dee
2548 1534 2811 1593 tribuun-

381 1622 499 1674 tm·
523 1615 586 1672 in
617 1615 928 1692 Scriptura,
957 1620 1262 1691 propterea
1289 1614 1548 1691 sequitur
1572 1612 1847 1691 imaginis
1873 1612 2153 1671 rationem
2180 1612 2241 1669 in
2274 1612 2402 1672 istis
2428 1613 2666 1691 proprie·
2685 1632 2812 1671 esse

387 1694 836 1771 collocandam
898 1712 1032 1752 cum
1079 1693 1466 1775 drogon-meod&
1511 1701 1739 1753 tantum
1794 1692 1881 1750 illi
1928 1692 2270 1767 tribuantur,
2323 1700 2382 1752 et
2434 1692 2815 1771 intelligenda

391 1774 521 1833 sint
547 1777 830 1854 eureus-35,
859 1792 978 1830 non
1003 1770 1320 1832 formaliter
1347 1784 1405 1833 et
1431 1774 1676 1851 proprie,
1709 1772 1813 1833 sed
1838 1772 2085 1849 figurate
2114 1778 2173 1830 et
2200 1772 2517 1850 analogice.

487 1853 601 1911 VI.
643 1852 926 1926 Secunde,
969 1855 1108 1910 mel
1147 1853 1296 1929 sio-n,
1339 1853 1542 1929 Imago
1570 1853 1685 1911 ista
1728 1853 2081 1911 consistebat
2124 1851 2185 1909 in
2230 1852 2403 1911 benis
2444 1852 2666 1910 homini
2713 1872 2817 1930 per

403 1930 762 1991 creationem
790 1930 1032 2005 collatis,
1077 1931 1262 2007 iisque
1289 1950 1406 1989 nen
1433 1932 1839 1991 essentialibus
1865 1940 2107 2005 tantum,
2137 1950 2245 1990 nec
2276 1932 2462 1991 selum
2490 1932 2814 1991 accidenta-

401 2010 580 2085 libus,
613 2010 716 2069 sed
742 2010 1002 2085 utrisque
1031 2008 1218 2084 simul,
1243 2018 1362 2068 tam
1387 2011 1646 2085 internis,
1672 2030 1844 2086 quam
1866 2011 2138 2085 externis,
2162 2010 2375 2087 quibus
2402 2012 2465 2068 in
2485 2030 2559 2069 eo
2575 2020 2812 2087 naturae,

399 2089 791 2169 perfeetionis,
822 2095 882 2147 et
901 2088 1264 2147 authoritatis
1293 2089 1479 2165 gradu
1501 2097 1623 2147 erat
1644 2090 1977 2163 collocatus,
2008 2095 2074 2148 ut
2100 2090 2261 2148 nulla
2276 2090 2526 2149 visibilis
2554 2100 2817 2150 ereatura

407 2170 537 2229 Deo
565 2170 662 2229 vel
689 2176 842 2229 esset
871 2167 1128 2243 similior,
1157 2168 1253 2226 vel
1281 2168 1660 2244 conjunctior.
1745 2168 1819 2225 In
1845 2168 2033 2227 tribus
2058 2186 2199 2225 vere
2239 2168 2603 2244 potissimum
2630 2171 2819 2246 posita
2934 2226 2939 2232 .

409 2290 505 2391 ¹³⁶3
535 2290 578 2335 ¹·
607 2290 890 2393 {amm
931 2242 1102 2385 ῖζῒῖἐο
1119 2249 1171 2305 ¹·
1205 2246 1279 2384 {¹3¹
1315 2266 1395 2383 ἒξ
1395 2254 1540 2384 ‘31⁸²
1585 2252 1665 2385 1²22.
1675 2246 2437 2385 Iiuiiissffrudi22oe¹22a²2²nia
2458 2247 2816 2385 ἓξῖαΐω

465 2362 892 2509 mfflzzgss
933 2371 1126 2499 quoad
1149 2345 1631 2544 ρῖιίἔιὲωαᾙωξέἓη,
1658 2414 1717 2464 et
1735 2370 2231 2545 ‘immprtdhipategvn
2253 2406 2476 2479 animae,
2490 2347 2821 2543 sorritali’?

407 2564 584 2626 minis
622 2565 802 2626 tetius
836 2492 1797 2643 dossnpgcgffimffigffitapgnffi
1808 2502 2436 2644 ofiffipgagingnpsfim
2464 2492 2821 2643 stglendbnttis

411 2645 623 2723 fulgor,
654 2654 712 2706 et
739 2646 888 2705 radii
911 2646 1168 2724 undique
1196 2647 1492 2722 micantea,
1523 2646 1624 2724 qui
1650 2646 1943 2704 hominem
1970 2653 2155 2706 tetum
2186 2645 2618 2706 collustrabant.

1012 2727 1159 2786 VII.
1205 2726 1400 2785 Prima
1441 2745 1582 2804 erge
1607 2745 1741 2804 pars
1764 2725 2047 2804 Imaginis
2072 2727 2321 2802 pertinet
2348 2727 2425 2784 ad
2451 2727 2673 2784 Am'moe
2696 2729 2819 2785 sub-

935 2807 1217 2882 stantiam,
1249 2825 1490 2884 eamque
1519 2806 1893 2884 spiritualem,
1924 2813 1983 2865 et
2024 2804 2532 2883 incorruptibilem,
2571 2825 2674 2864 seu
2714 2807 2818 2864 im-

934 2887 1236 2946 mortalem
1264 2887 1338 2945 ab
1371 2886 1699 2962 intrinsece,
1731 2893 1791 2944 et
1826 2886 1903 2945 ad
1942 2887 2071 2964 ejus
2110 2885 2431 2960 facultates,
2462 2884 2821 2943 intellectum

411 2971 556 3038 puta
579 2971 640 3024 et
658 2965 1035 3042 veluntatem,
1065 2974 1125 3026 et
1152 2986 1282 3044 quae
1309 2985 1386 3026 ex
1412 2975 1657 3044 utraque
1684 2966 1919 3044 exurgit
1943 2965 2288 3039 libertatem,
2320 2983 2449 3041 quse
2472 2964 2665 3023 emnia
2693 2965 2820 3024 Deo

411 3044 732 3103 eminenter
757 3053 816 3104 et
841 3046 1254 3123 perfectissime
1284 3054 1634 3124 competunt.
1722 3045 1895 3106 Unde
1930 3046 2107 3104 homo
2133 3045 2306 3103 etiam
2346 3052 2480 3122 pest
2519 3051 2821 3122 peccatum

411 3120 628 3181 dicitur
651 3123 728 3182 ad
753 3125 1064 3200 imaginem
1095 3126 1208 3184 Dei
1235 3127 1438 3202 factus,
1469 3128 1601 3186 Jac.
1629 3125 1713 3184 iii.
1744 3129 1779 3185 9
1802 3147 1815 3203 3
1861 3133 1921 3184 et
1949 3125 2099 3185 Gen.
2128 3125 2210 3182 ix.
2236 3127 2290 3200 6,
2322 3124 2509 3183 caedes
2550 3124 2820 3200 hominis,

415 3198 688 3278 imaginis
719 3203 831 3261 Dei
857 3203 1171 3264 destructio
1199 3213 1456 3280 vocatur,
1488 3206 1626 3264 dum
1654 3213 1885 3264 vetatur
1909 3203 2285 3264 homicidium
2321 3204 2587 3280 hominis,
2618 3205 2721 3281 qui
2748 3204 2822 3262 ad

413 3277 725 3356 imaginem
756 3282 873 3340 Dei
895 3283 1086 3342 faetus
1109 3292 1216 3360 est,
1247 3285 1406 3362 quod
1433 3285 1548 3342 dici
1575 3303 1693 3342 non
1720 3291 1935 3362 posset,
1964 3284 2079 3342 nisi
2099 3283 2364 3360 quaedam
2391 3303 2525 3360 pars
2550 3284 2822 3361 imaginis

415 3355 647 3435 divinae,
679 3361 852 3419 etiam
893 3361 955 3419 in
994 3363 1122 3438 ipsa
1163 3364 1370 3422 animae
1397 3371 1603 3422 natura
1631 3364 1744 3421 sita
1770 3371 1941 3422 esset.
2026 3363 2150 3420 Nec
2193 3361 2243 3420 si
2289 3363 2583 3440 Scriptura
2611 3363 2821 3440 saepius

415 3437 592 3497 refert
617 3439 930 3516 imaginem
959 3441 1072 3498 Dei
1099 3441 1174 3499 ad
1211 3443 1498 3520 justitiam
1526 3449 1584 3501 et
1613 3442 1993 3516 sanctitatem,
2024 3441 2162 3518 quia
2189 3449 2279 3500 est
2306 3442 2435 3520 ejus
2474 3461 2608 3519 pars
2640 3443 2819 3519 potis-

413 3516 578 3593 sima,
608 3527 912 3596 prepterea
943 3520 1240 3580 exclusive
1267 3522 1539 3600 loquitur,
1570 3529 1630 3580 et
1657 3529 1835 3598 negat
1860 3519 1935 3579 ad
1976 3521 2225 3578 animam
2267 3521 2451 3598 ipsam
2480 3521 2653 3580 etiam
2692 3541 2820 3598 per-

413 3595 634 3673 tinere3
680 3599 803 3657 Nec
830 3597 1112 3659 ἀσύστατον
1139 3609 1244 3678 est,
1275 3609 1342 3661 ut
1371 3601 1576 3678 Imago
1603 3601 1811 3678 partim
1839 3599 2065 3659 dicatur
2091 3599 2318 3673 amissa,
2350 3607 2409 3658 et
2449 3601 2657 3676 partim
2687 3619 2821 3658 con--

419 3684 666 3752 servata,
711 3686 769 3738 et
805 3687 873 3738 ut
909 3680 972 3737 in
1013 3679 1216 3740 eodem
1258 3681 1519 3759 subjecte
1558 3681 1634 3738 sit
1674 3680 1867 3756 imago
1910 3679 2023 3737 Dei
2064 3687 2123 3738 et
2166 3678 2401 3737 Diaboli
2426 3679 2545 3736 κατ’
2570 3677 2709 3738 ἄλλο
2733 3685 2825 3738 καὶ

414 3753 588 3833 ἄλλος
634 3757 750 3816 Illa
788 3757 1022 3835 quidem
1063 3761 1126 3820 in
1165 3761 1371 3818 animae
1413 3759 1680 3834 essentia,
1726 3768 1785 3818 et
1823 3759 2055 3818 dotibus
2098 3766 2231 3835 pest
2272 3759 2500 3836 lapsum
2540 3759 2821 3836 residuis3

417 3836 542 3895 Ista
567 3855 708 3896 vero
735 3837 797 3894 in
823 3838 1140 3898 vitiositate
1169 3848 1227 3899 et
1253 3841 1516 3899 macula:
1557 3838 1713 3898 unde
1753 3846 2083 3916 peccatores
2112 3837 2329 3896 similes
2370 3838 2431 3896 in
2460 3857 2529 3896 ea
2554 3837 2827 3898 dicuntur

415 3913 650 3974 diabole
689 3917 840 3994 patri
881 3937 1004 3996 sue,
1051 3919 1176 3996 ejus
1203 3939 1378 3996 opera
1417 3918 1717 3996 patrande,
1761 3917 1861 3995 qui
1902 3927 2095 3976 tamen
2134 3937 2253 3976 non
2298 3917 2571 3976 desinunt
2612 3918 2824 3978 referre

417 3994 744 4055 Autherem
767 4017 934 4057 suum
954 3998 1178 4058 ratione
1201 3999 1622 4076 spiritualitatis
1641 4007 1705 4056 et
1727 3997 2302 4076 incorruptibilitatis.
2374 3997 2497 4056 Nec
2524 4007 2827 4076 propterea

416 4083 726 4135 revocatur
751 4096 910 4136 error
939 4078 1174 4153 Flaccii,
1205 4079 1306 4156 qui
1333 4099 1448 4138 nen
1477 4078 1587 4138 fuit
1615 4078 1676 4135 in
1702 4097 1789 4152 ee,
1821 4077 1977 4156 quod
2020 4077 2394 4137 constitueret
2426 4077 2739 4154 imaginem
2765 4079 2827 4136 in

419 4153 625 4213 animae
654 4157 920 4234 essentia,
955 4158 1058 4216 sed
1087 4158 1241 4235 qued
1270 4158 1644 4218 arbitraretur
1668 4167 1968 4236 peccatum
1996 4157 2215 4216 laesisse
2243 4157 2429 4235 ipsam
2456 4158 2663 4216 animae
2692 4159 2826 4217 sub-

419 4235 708 4312 stantiam,
741 4235 895 4312 qued
925 4236 1134 4296 falsum
1163 4246 1268 4297 est.

575 4319 582 4328 ·
755 4380 767 4392 .
799 4381 810 4393 ,
1029 4318 1213 4376 VIII.
1257 4321 1314 4376 2.
1361 4317 1462 4376 Ad
1501 4337 1628 4376 eam
1670 4317 1919 4396 pertinet
1954 4316 2259 4392 rectitude,
2288 4323 2348 4375 et
2374 4317 2695 4394 integritas,
2728 4335 2830 4375 seu

489 4378 618 4481 ²015,
636 4378 844 4450 {ustitia
952 4396 1116 4456 detes
1155 4397 1378 4455 homini
1419 4397 1661 4472 cellatae,
1699 4416 1828 4474 quae
1866 4395 2097 4455 nomine
2124 4397 2374 4456 Jmtitioe
2408 4397 2701 4474 original&
2728 4416 2827 4454 ex-

617 4438 788 4497 gmah.
949 4476 1120 4553 primi
1147 4477 1351 4551 solent,
1383 4476 1519 4552 quia
1559 4476 1669 4535 fuit
1708 4474 1931 4534 homini
1957 4485 2274 4550 concreata,
2306 4483 2365 4536 et
2391 4476 2467 4534 ab
2494 4476 2717 4552 origine
2743 4474 2831 4531 illi

419 4550 639 4611 collata
679 4561 786 4629 est,
831 4573 962 4632 quae
1004 4557 1420 4634 complectitur,
1464 4562 1587 4614 tum
1629 4556 1968 4634 sapientiam
2010 4555 2071 4613 in
2110 4563 2321 4630 mente,
2360 4555 2722 4614 sanctitatem
2770 4551 2832 4609 in

421 4631 743 4709 voluntate,
787 4640 848 4693 et
887 4634 1290 4696 rectitudinem
1333 4643 1392 4696 et
1435 4635 1659 4706 εὐταξίαν
1700 4635 1761 4693 in
1795 4633 2113 4711 affectibus,
2161 4642 2221 4694 et
2260 4635 2436 4693 talem
2476 4631 2831 4691 harmoniam

411 2788 457 2836 1.
487 2789 548 2836 In
575 2791 751 2838 animm
784 2793 894 2838 sub-

553 2851 752 2896 stantia.
