<?xml version="1.0" encoding="UTF-8"?>
<!DOCTYPE html PUBLIC "-//W3C//DTD XHTML 1.0 Transitional//EN"
    "http://www.w3.org/TR/xhtml1/DTD/xhtml1-transitional.dtd">
<html xmlns="http://www.w3.org/1999/xhtml" xml:lang="en" lang="en">
 <head>
  <title>
</title>
<meta http-equiv="Content-Type" content="text/html;charset=utf-8" />
  <meta name='ocr-system' content='tesseract 3.04.00' />
  <meta name='ocr-capabilities' content='ocr_page ocr_carea ocr_par ocr_line ocrx_word'/>
</head>
<body>
  <div class='ocr_page' id='page_1' title='image "./institutiotheol00turrgoog_0021.png"; bbox 0 0 3300 5225; ppageno 0'>
   <div class='ocr_carea' id='block_1_1' title="bbox 1055 386 2685 449">
    <p class='ocr_par' dir='ltr' id='par_1_1' title="bbox 1055 386 2685 449">
     <span class='ocr_line' id='line_1_1' title="bbox 1055 386 2685 449; baseline -0.001 0"><span class='ocrx_word' id='word_1_1' title='bbox 1055 402 1392 449; x_wconf 69' lang='lat' dir='ltr'>131&gt;1sTOLA</span> <span class='ocrx_word' id='word_1_2' title='bbox 1431 401 1931 449; x_wconf 75' lang='lat' dir='ltr'><strong>DEDICATORIA.</strong></span> <span class='ocrx_word' id='word_1_3' title='bbox 2562 386 2685 449; x_wconf 84' lang='lat' dir='ltr'>xvii</span> 
     </span>
    </p>
   </div>
   <div class='ocr_carea' id='block_1_2' title="bbox 269 562 2701 4819">
    <p class='ocr_par' dir='ltr' id='par_1_2' title="bbox 269 562 2701 4748">
     <span class='ocr_line' id='line_1_2' title="bbox 383 562 2683 644; baseline 0.001 -21"><span class='ocrx_word' id='word_1_4' title='bbox 383 562 540 625; x_wconf 88' lang='lat' dir='ltr'>Cum</span> <span class='ocrx_word' id='word_1_5' title='bbox 573 582 720 626; x_wconf 86' lang='lat' dir='ltr'>vero</span> <span class='ocrx_word' id='word_1_6' title='bbox 751 562 904 627; x_wconf 91' lang='lat' dir='ltr'>nihil</span> <span class='ocrx_word' id='word_1_7' title='bbox 937 564 1251 644; x_wconf 85' lang='lat' dir='ltr'>antiquius</span> <span class='ocrx_word' id='word_1_8' title='bbox 1299 562 1476 627; x_wconf 88' lang='lat' dir='ltr'>nobis</span> <span class='ocrx_word' id='word_1_9' title='bbox 1521 582 1655 627; x_wconf 84' lang='lat' dir='ltr'>esse</span> <span class='ocrx_word' id='word_1_10' title='bbox 1688 564 1929 639; x_wconf 87' lang='lat' dir='ltr'>debeat,</span> <span class='ocrx_word' id='word_1_11' title='bbox 1974 584 2153 643; x_wconf 87' lang='lat' dir='ltr'>quam</span> <span class='ocrx_word' id='word_1_12' title='bbox 2186 562 2349 626; x_wconf 83' lang='lat' dir='ltr'>tanti</span> <span class='ocrx_word' id='word_1_13' title='bbox 2380 564 2683 639; x_wconf 84' lang='lat' dir='ltr'>beneficii,</span> 
     </span>
     <span class='ocr_line' id='line_1_3' title="bbox 275 660 2685 743; baseline 0 -21"><span class='ocrx_word' id='word_1_14' title='bbox 275 680 426 722; x_wconf 83' lang='lat' dir='ltr'>eum</span> <span class='ocrx_word' id='word_1_15' title='bbox 459 668 644 741; x_wconf 82' lang='lat' dir='ltr'>grata</span> <span class='ocrx_word' id='word_1_16' title='bbox 670 660 804 740; x_wconf 85' lang='lat' dir='ltr'>ejus</span> <span class='ocrx_word' id='word_1_17' title='bbox 853 682 1005 743; x_wconf 87' lang='lat' dir='ltr'>erga</span> <span class='ocrx_word' id='word_1_18' title='bbox 1037 662 1237 725; x_wconf 89' lang='lat' dir='ltr'>Deum</span> <span class='ocrx_word' id='word_1_19' title='bbox 1268 662 1624 743; x_wconf 88' lang='lat' dir='ltr'>largitorem</span> <span class='ocrx_word' id='word_1_20' title='bbox 1658 662 2247 743; x_wconf 77' lang='lat' dir='ltr'>commemoratione,</span> <span class='ocrx_word' id='word_1_21' title='bbox 2278 668 2567 725; x_wconf 86' lang='lat' dir='ltr'>constans</span> <span class='ocrx_word' id='word_1_22' title='bbox 2618 670 2685 725; x_wconf 91' lang='lat' dir='ltr'>et</span> 
     </span>
     <span class='ocr_line' id='line_1_4' title="bbox 277 757 2683 837; baseline 0.001 -18"><span class='ocrx_word' id='word_1_23' title='bbox 277 757 490 821; x_wconf 81' lang='lat' dir='ltr'>fidelis</span> <span class='ocrx_word' id='word_1_24' title='bbox 537 758 862 821; x_wconf 85' lang='lat' dir='ltr'>custodia:</span> <span class='ocrx_word' id='word_1_25' title='bbox 914 760 994 822; x_wconf 90' lang='lat' dir='ltr'>Id</span> <span class='ocrx_word' id='word_1_26' title='bbox 1039 760 1180 835; x_wconf 85' lang='lat' dir='ltr'>fuit,</span> <span class='ocrx_word' id='word_1_27' title='bbox 1215 759 1584 822; x_wconf 71' lang='lat' dir='ltr'>PRocl-:Rns</span> <span class='ocrx_word' id='word_1_28' title='bbox 1616 758 2071 837; x_wconf 79' lang='lat' dir='ltr'>AMPLISSIMI,</span> <span class='ocrx_word' id='word_1_29' title='bbox 2128 759 2499 823; x_wconf 83' lang='lat' dir='ltr'>indefessum</span> <span class='ocrx_word' id='word_1_30' title='bbox 2530 760 2683 822; x_wconf 89' lang='lat' dir='ltr'>Pio-</span> 
     </span>
     <span class='ocr_line' id='line_1_5' title="bbox 275 856 2679 937; baseline 0.001 -20"><span class='ocrx_word' id='word_1_31' title='bbox 275 876 422 917; x_wconf 85' lang='lat' dir='ltr'>mm</span> <span class='ocrx_word' id='word_1_32' title='bbox 453 856 761 935; x_wconf 85' lang='lat' dir='ltr'>Majorum</span> <span class='ocrx_word' id='word_1_33' title='bbox 793 856 1164 920; x_wconf 88' lang='lat' dir='ltr'>Vestrorum</span> <span class='ocrx_word' id='word_1_34' title='bbox 1205 858 1495 932; x_wconf 85' lang='lat' dir='ltr'>studium,</span> <span class='ocrx_word' id='word_1_35' title='bbox 1531 858 1636 937; x_wconf 90' lang='lat' dir='ltr'>qui</span> <span class='ocrx_word' id='word_1_36' title='bbox 1670 864 1743 921; x_wconf 91' lang='lat' dir='ltr'>ut</span> <span class='ocrx_word' id='word_1_37' title='bbox 1792 857 2013 937; x_wconf 85' lang='lat' dir='ltr'>optimi</span> <span class='ocrx_word' id='word_1_38' title='bbox 2054 857 2349 921; x_wconf 86' lang='lat' dir='ltr'>Ecclesiae</span> <span class='ocrx_word' id='word_1_39' title='bbox 2390 858 2679 931; x_wconf 75' lang='lat' dir='ltr'>Nati-itii,</span> 
     </span>
     <span class='ocr_line' id='line_1_6' title="bbox 273 953 2684 1037; baseline 0.001 -23"><span class='ocrx_word' id='word_1_40' title='bbox 273 953 455 1015; x_wconf 87' lang='lat' dir='ltr'>inter</span> <span class='ocrx_word' id='word_1_41' title='bbox 485 954 716 1033; x_wconf 84' lang='lat' dir='ltr'>primas</span> <span class='ocrx_word' id='word_1_42' title='bbox 747 974 926 1019; x_wconf 84' lang='lat' dir='ltr'>curas</span> <span class='ocrx_word' id='word_1_43' title='bbox 960 975 1199 1035; x_wconf 82' lang='lat' dir='ltr'>semper</span> <span class='ocrx_word' id='word_1_44' title='bbox 1225 957 1578 1019; x_wconf 84' lang='lat' dir='ltr'>habuerunt</span> <span class='ocrx_word' id='word_1_45' title='bbox 1597 956 1939 1037; x_wconf 84' lang='lat' dir='ltr'>Religionis</span> <span class='ocrx_word' id='word_1_46' title='bbox 1972 976 2094 1019; x_wconf 91' lang='lat' dir='ltr'>non</span> <span class='ocrx_word' id='word_1_47' title='bbox 2120 956 2321 1019; x_wconf 86' lang='lat' dir='ltr'>minus</span> <span class='ocrx_word' id='word_1_48' title='bbox 2354 975 2427 1018; x_wconf 86' lang='lat' dir='ltr'>ac</span> <span class='ocrx_word' id='word_1_49' title='bbox 2457 956 2684 1019; x_wconf 90' lang='lat' dir='ltr'>Liber-</span> 
     </span>
     <span class='ocr_line' id='line_1_7' title="bbox 273 1050 2679 1135; baseline 0.002 -23"><span class='ocrx_word' id='word_1_50' title='bbox 273 1050 441 1113; x_wconf 83' lang='lat' dir='ltr'>tatis</span> <span class='ocrx_word' id='word_1_51' title='bbox 473 1071 718 1115; x_wconf 83' lang='lat' dir='ltr'>causam</span> <span class='ocrx_word' id='word_1_52' title='bbox 750 1058 1000 1116; x_wconf 88' lang='lat' dir='ltr'>strenue</span> <span class='ocrx_word' id='word_1_53' title='bbox 1031 1074 1226 1135; x_wconf 87' lang='lat' dir='ltr'>agere,</span> <span class='ocrx_word' id='word_1_54' title='bbox 1261 1060 1334 1115; x_wconf 90' lang='lat' dir='ltr'>ut</span> <span class='ocrx_word' id='word_1_55' title='bbox 1367 1073 1440 1116; x_wconf 87' lang='lat' dir='ltr'>ea</span> <span class='ocrx_word' id='word_1_56' title='bbox 1472 1072 1646 1133; x_wconf 87' lang='lat' dir='ltr'>pura,</span> <span class='ocrx_word' id='word_1_57' title='bbox 1678 1060 1743 1116; x_wconf 90' lang='lat' dir='ltr'>et</span> <span class='ocrx_word' id='word_1_58' title='bbox 1772 1054 1853 1117; x_wconf 88' lang='lat' dir='ltr'>ab</span> <span class='ocrx_word' id='word_1_59' title='bbox 1884 1054 2052 1118; x_wconf 88' lang='lat' dir='ltr'>omni</span> <span class='ocrx_word' id='word_1_60' title='bbox 2084 1072 2359 1117; x_wconf 86' lang='lat' dir='ltr'>errorum</span> <span class='ocrx_word' id='word_1_61' title='bbox 2394 1054 2679 1135; x_wconf 83' lang='lat' dir='ltr'>contagio</span> 
     </span>
     <span class='ocr_line' id='line_1_8' title="bbox 271 1148 2680 1231; baseline 0.001 -21"><span class='ocrx_word' id='word_1_62' title='bbox 271 1148 486 1211; x_wconf 84' lang='lat' dir='ltr'>libera</span> <span class='ocrx_word' id='word_1_63' title='bbox 516 1156 908 1213; x_wconf 85' lang='lat' dir='ltr'>servaretur:</span> <span class='ocrx_word' id='word_1_64' title='bbox 962 1151 1412 1231; x_wconf 79' lang='lat' dir='ltr'>sapientissime</span> <span class='ocrx_word' id='word_1_65' title='bbox 1436 1151 1809 1231; x_wconf 86' lang='lat' dir='ltr'>judicantes,</span> <span class='ocrx_word' id='word_1_66' title='bbox 1842 1150 2011 1213; x_wconf 89' lang='lat' dir='ltr'>illam</span> <span class='ocrx_word' id='word_1_67' title='bbox 2046 1171 2199 1226; x_wconf 89' lang='lat' dir='ltr'>esse,</span> <span class='ocrx_word' id='word_1_68' title='bbox 2236 1172 2356 1215; x_wconf 86' lang='lat' dir='ltr'>non</span> <span class='ocrx_word' id='word_1_69' title='bbox 2378 1156 2509 1214; x_wconf 85' lang='lat' dir='ltr'>tam</span> <span class='ocrx_word' id='word_1_70' title='bbox 2539 1150 2680 1215; x_wconf 88' lang='lat' dir='ltr'>Pal-</span> 
     </span>
     <span class='ocr_line' id='line_1_9' title="bbox 272 1246 2679 1333; baseline 0.002 -26"><span class='ocrx_word' id='word_1_71' title='bbox 272 1246 514 1308; x_wconf 84' lang='lat' dir='ltr'>ladium</span> <span class='ocrx_word' id='word_1_72' title='bbox 551 1267 670 1326; x_wconf 85' lang='lat' dir='ltr'>quo</span> <span class='ocrx_word' id='word_1_73' title='bbox 701 1248 909 1329; x_wconf 71' lang='lat' dir='ltr'>Troja,</span> <span class='ocrx_word' id='word_1_74' title='bbox 940 1249 1036 1311; x_wconf 86' lang='lat' dir='ltr'>vel</span> <span class='ocrx_word' id='word_1_75' title='bbox 1067 1249 1294 1313; x_wconf 89' lang='lat' dir='ltr'>Ancile</span> <span class='ocrx_word' id='word_1_76' title='bbox 1324 1254 1655 1333; x_wconf 62' lang='grc' dir='ltr'>οὐρανοπετὲς</span> <span class='ocrx_word' id='word_1_77' title='bbox 1702 1270 1823 1328; x_wconf 90' lang='lat' dir='ltr'>quo</span> <span class='ocrx_word' id='word_1_78' title='bbox 1854 1250 2058 1311; x_wconf 86' lang='lat' dir='ltr'>Roma</span> <span class='ocrx_word' id='word_1_79' title='bbox 2089 1249 2234 1311; x_wconf 89' lang='lat' dir='ltr'>olim</span> <span class='ocrx_word' id='word_1_80' title='bbox 2279 1249 2679 1329; x_wconf 78' lang='lat' dir='ltr'>gloriabatur,</span> 
     </span>
     <span class='ocr_line' id='line_1_10' title="bbox 271 1344 2683 1429; baseline 0.002 -24"><span class='ocrx_word' id='word_1_81' title='bbox 271 1364 468 1423; x_wconf 88' lang='lat' dir='ltr'>quam</span> <span class='ocrx_word' id='word_1_82' title='bbox 499 1344 732 1409; x_wconf 77' lang='lat' dir='ltr'>Arcam</span> <span class='ocrx_word' id='word_1_83' title='bbox 761 1346 1026 1426; x_wconf 77' lang='lat' dir='ltr'>foederis,</span> <span class='ocrx_word' id='word_1_84' title='bbox 1062 1348 1407 1427; x_wconf 82' lang='lat' dir='ltr'>praesentiae</span> <span class='ocrx_word' id='word_1_85' title='bbox 1455 1345 1575 1409; x_wconf 91' lang='lat' dir='ltr'>Dei</span> <span class='ocrx_word' id='word_1_86' title='bbox 1607 1346 1831 1429; x_wconf 87' lang='lat' dir='ltr'>pignus</span> <span class='ocrx_word' id='word_1_87' title='bbox 1859 1346 2290 1426; x_wconf 81' lang='lat' dir='ltr'>indubitabile,</span> <span class='ocrx_word' id='word_1_88' title='bbox 2322 1366 2401 1409; x_wconf 87' lang='lat' dir='ltr'>ex</span> <span class='ocrx_word' id='word_1_89' title='bbox 2432 1365 2556 1426; x_wconf 88' lang='lat' dir='ltr'>qua</span> <span class='ocrx_word' id='word_1_90' title='bbox 2584 1366 2683 1409; x_wconf 85' lang='lat' dir='ltr'>re-</span> 
     </span>
     <span class='ocr_line' id='line_1_11' title="bbox 269 1442 2685 1525; baseline 0.001 -22"><span class='ocrx_word' id='word_1_91' title='bbox 269 1448 463 1504; x_wconf 82' lang='lat' dir='ltr'>tenta</span> <span class='ocrx_word' id='word_1_92' title='bbox 491 1449 556 1503; x_wconf 92' lang='lat' dir='ltr'>et</span> <span class='ocrx_word' id='word_1_93' title='bbox 589 1452 950 1507; x_wconf 86' lang='lat' dir='ltr'>conservata</span> <span class='ocrx_word' id='word_1_94' title='bbox 979 1444 1362 1525; x_wconf 79' lang='lat' dir='ltr'>Reipublicae</span> <span class='ocrx_word' id='word_1_95' title='bbox 1411 1464 1583 1524; x_wconf 84' lang='lat' dir='ltr'>aeque</span> <span class='ocrx_word' id='word_1_96' title='bbox 1617 1465 1691 1508; x_wconf 88' lang='lat' dir='ltr'>ac</span> <span class='ocrx_word' id='word_1_97' title='bbox 1728 1442 2023 1508; x_wconf 82' lang='lat' dir='ltr'>Ecclesiae</span> <span class='ocrx_word' id='word_1_98' title='bbox 2056 1443 2355 1506; x_wconf 80' lang='lat' dir='ltr'>securitas</span> <span class='ocrx_word' id='word_1_99' title='bbox 2387 1463 2459 1505; x_wconf 81' lang='lat' dir='ltr'>ac</span> <span class='ocrx_word' id='word_1_100' title='bbox 2490 1442 2685 1507; x_wconf 87' lang='lat' dir='ltr'>felici-</span> 
     </span>
     <span class='ocr_line' id='line_1_12' title="bbox 269 1540 2681 1624; baseline 0.001 -22"><span class='ocrx_word' id='word_1_101' title='bbox 269 1546 382 1602; x_wconf 73' lang='lat' dir='ltr'>tas</span> <span class='ocrx_word' id='word_1_102' title='bbox 414 1540 712 1619; x_wconf 89' lang='lat' dir='ltr'>pendent.</span> <span class='ocrx_word' id='word_1_103' title='bbox 795 1542 1074 1623; x_wconf 87' lang='lat' dir='ltr'>Longum</span> <span class='ocrx_word' id='word_1_104' title='bbox 1108 1552 1272 1606; x_wconf 88' lang='lat' dir='ltr'>esset</span> <span class='ocrx_word' id='word_1_105' title='bbox 1301 1562 1637 1617; x_wconf 88' lang='lat' dir='ltr'>recensere,</span> <span class='ocrx_word' id='word_1_106' title='bbox 1675 1542 1895 1624; x_wconf 90' lang='lat' dir='ltr'>quibus</span> <span class='ocrx_word' id='word_1_107' title='bbox 1925 1562 2201 1605; x_wconf 88' lang='lat' dir='ltr'>errorum</span> <span class='ocrx_word' id='word_1_108' title='bbox 2244 1540 2553 1622; x_wconf 86' lang='lat' dir='ltr'>portentis</span> <span class='ocrx_word' id='word_1_109' title='bbox 2585 1548 2681 1605; x_wconf 89' lang='lat' dir='ltr'>te-</span> 
     </span>
     <span class='ocr_line' id='line_1_13' title="bbox 273 1638 2683 1720; baseline 0.001 -19"><span class='ocrx_word' id='word_1_110' title='bbox 273 1638 578 1701; x_wconf 87' lang='lat' dir='ltr'>terrimus</span> <span class='ocrx_word' id='word_1_111' title='bbox 630 1639 738 1703; x_wconf 91' lang='lat' dir='ltr'>ille</span> <span class='ocrx_word' id='word_1_112' title='bbox 789 1640 1048 1705; x_wconf 81' lang='lat' dir='ltr'>Generis</span> <span class='ocrx_word' id='word_1_113' title='bbox 1101 1640 1350 1703; x_wconf 85' lang='lat' dir='ltr'>humani</span> <span class='ocrx_word' id='word_1_114' title='bbox 1399 1640 1618 1715; x_wconf 74' lang='lat' dir='ltr'>hostiS,</span> <span class='ocrx_word' id='word_1_115' title='bbox 1684 1640 1986 1720; x_wconf 85' lang='lat' dir='ltr'>superiori</span> <span class='ocrx_word' id='word_1_116' title='bbox 2044 1640 2250 1703; x_wconf 87' lang='lat' dir='ltr'>seculo</span> <span class='ocrx_word' id='word_1_117' title='bbox 2301 1640 2683 1704; x_wconf 88' lang='lat' dir='ltr'>renascentis</span> 
     </span>
     <span class='ocr_line' id='line_1_14' title="bbox 280 1736 2683 1819; baseline 0.001 -22"><span class='ocrx_word' id='word_1_118' title='bbox 280 1736 611 1815; x_wconf 77' lang='lat' dir='ltr'>Evangelii</span> <span class='ocrx_word' id='word_1_119' title='bbox 645 1736 840 1800; x_wconf 88' lang='lat' dir='ltr'>lucem</span> <span class='ocrx_word' id='word_1_120' title='bbox 876 1740 1206 1803; x_wconf 83' lang='lat' dir='ltr'>obscurare</span> <span class='ocrx_word' id='word_1_121' title='bbox 1237 1745 1304 1802; x_wconf 86' lang='lat' dir='ltr'>et</span> <span class='ocrx_word' id='word_1_122' title='bbox 1335 1739 1699 1819; x_wconf 84' lang='lat' dir='ltr'>extinguere</span> <span class='ocrx_word' id='word_1_123' title='bbox 1729 1738 2065 1801; x_wconf 84' lang='lat' dir='ltr'>identidem</span> <span class='ocrx_word' id='word_1_124' title='bbox 2100 1738 2351 1801; x_wconf 86' lang='lat' dir='ltr'>annisus</span> <span class='ocrx_word' id='word_1_125' title='bbox 2384 1738 2504 1812; x_wconf 81' lang='lat' dir='ltr'>sit3</span> <span class='ocrx_word' id='word_1_126' title='bbox 2558 1758 2683 1801; x_wconf 88' lang='lat' dir='ltr'>non</span> 
     </span>
     <span class='ocr_line' id='line_1_15' title="bbox 275 1834 2685 1917; baseline 0.001 -22"><span class='ocrx_word' id='word_1_127' title='bbox 275 1834 466 1895; x_wconf 86' lang='lat' dir='ltr'>modo</span> <span class='ocrx_word' id='word_1_128' title='bbox 501 1854 612 1913; x_wconf 90' lang='lat' dir='ltr'>per</span> <span class='ocrx_word' id='word_1_129' title='bbox 635 1835 876 1913; x_wconf 87' lang='lat' dir='ltr'>juratos</span> <span class='ocrx_word' id='word_1_130' title='bbox 899 1836 1379 1900; x_wconf 80' lang='lat' dir='ltr'>Reformationis</span> <span class='ocrx_word' id='word_1_131' title='bbox 1409 1835 1639 1911; x_wconf 75' lang='lat' dir='ltr'>hoste8‚</span> <span class='ocrx_word' id='word_1_132' title='bbox 1676 1838 1780 1917; x_wconf 90' lang='lat' dir='ltr'>qui</span> <span class='ocrx_word' id='word_1_133' title='bbox 1812 1856 1947 1899; x_wconf 85' lang='lat' dir='ltr'>eam</span> <span class='ocrx_word' id='word_1_134' title='bbox 1981 1838 2095 1899; x_wconf 88' lang='lat' dir='ltr'>sub</span> <span class='ocrx_word' id='word_1_135' title='bbox 2128 1836 2461 1916; x_wconf 85' lang='lat' dir='ltr'>pristinum</span> <span class='ocrx_word' id='word_1_136' title='bbox 2486 1836 2685 1898; x_wconf 90' lang='lat' dir='ltr'>Anti-</span> 
     </span>
     <span class='ocr_line' id='line_1_16' title="bbox 281 1931 2679 2015; baseline 0.001 -23"><span class='ocrx_word' id='word_1_137' title='bbox 281 1931 654 1993; x_wconf 85' lang='lat' dir='ltr'>Christianae</span> <span class='ocrx_word' id='word_1_138' title='bbox 705 1934 1024 1997; x_wconf 88' lang='lat' dir='ltr'>servitutis</span> <span class='ocrx_word' id='word_1_139' title='bbox 1062 1934 1280 2015; x_wconf 88' lang='lat' dir='ltr'>jugum</span> <span class='ocrx_word' id='word_1_140' title='bbox 1329 1935 1648 1998; x_wconf 89' lang='lat' dir='ltr'>retrahere</span> <span class='ocrx_word' id='word_1_141' title='bbox 1689 1934 2137 2008; x_wconf 83' lang='lat' dir='ltr'>moliebantur3</span> <span class='ocrx_word' id='word_1_142' title='bbox 2190 1935 2297 1997; x_wconf 89' lang='lat' dir='ltr'>sed</span> <span class='ocrx_word' id='word_1_143' title='bbox 2328 1945 2393 1997; x_wconf 90' lang='lat' dir='ltr'>et</span> <span class='ocrx_word' id='word_1_144' title='bbox 2427 1953 2539 2013; x_wconf 93' lang='lat' dir='ltr'>per</span> <span class='ocrx_word' id='word_1_145' title='bbox 2572 1954 2679 1995; x_wconf 89' lang='lat' dir='ltr'>va-</span> 
     </span>
     <span class='ocr_line' id='line_1_17' title="bbox 275 2028 2685 2112; baseline 0.001 -22"><span class='ocrx_word' id='word_1_146' title='bbox 275 2028 406 2091; x_wconf 80' lang='lat' dir='ltr'>fros</span> <span class='ocrx_word' id='word_1_147' title='bbox 437 2028 713 2105; x_wconf 87' lang='lat' dir='ltr'>Sinones,</span> <span class='ocrx_word' id='word_1_148' title='bbox 747 2032 851 2111; x_wconf 91' lang='lat' dir='ltr'>qui</span> <span class='ocrx_word' id='word_1_149' title='bbox 884 2032 951 2093; x_wconf 90' lang='lat' dir='ltr'>iu</span> <span class='ocrx_word' id='word_1_150' title='bbox 981 2032 1112 2111; x_wconf 87' lang='lat' dir='ltr'>ejus</span> <span class='ocrx_word' id='word_1_151' title='bbox 1143 2032 1282 2094; x_wconf 82' lang='lat' dir='ltr'>sinu</span> <span class='ocrx_word' id='word_1_152' title='bbox 1314 2039 1650 2108; x_wconf 87' lang='lat' dir='ltr'>versantes,</span> <span class='ocrx_word' id='word_1_153' title='bbox 1688 2034 1800 2096; x_wconf 85' lang='lat' dir='ltr'>sub</span> <span class='ocrx_word' id='word_1_154' title='bbox 1834 2031 2179 2112; x_wconf 85' lang='lat' dir='ltr'>Religionis</span> <span class='ocrx_word' id='word_1_155' title='bbox 2206 2032 2480 2095; x_wconf 81' lang='lat' dir='ltr'>fovendae</span> <span class='ocrx_word' id='word_1_156' title='bbox 2512 2037 2579 2093; x_wconf 90' lang='lat' dir='ltr'>et</span> <span class='ocrx_word' id='word_1_157' title='bbox 2610 2031 2685 2093; x_wconf 93' lang='lat' dir='ltr'>il-</span> 
     </span>
     <span class='ocr_line' id='line_1_18' title="bbox 280 2126 2685 2209; baseline 0.002 -22"><span class='ocrx_word' id='word_1_158' title='bbox 280 2126 620 2189; x_wconf 81' lang='lat' dir='ltr'>lustrandae</span> <span class='ocrx_word' id='word_1_159' title='bbox 637 2128 949 2207; x_wconf 79' lang='lat' dir='ltr'>plausibili</span> <span class='ocrx_word' id='word_1_160' title='bbox 971 2129 1078 2193; x_wconf 90' lang='lat' dir='ltr'>sed</span> <span class='ocrx_word' id='word_1_161' title='bbox 1097 2130 1254 2193; x_wconf 84' lang='lat' dir='ltr'>falso</span> <span class='ocrx_word' id='word_1_162' title='bbox 1277 2136 1608 2209; x_wconf 64' lang='lat' dir='ltr'>praetextu,</span> <span class='ocrx_word' id='word_1_163' title='bbox 1633 2129 1975 2192; x_wconf 84' lang='lat' dir='ltr'>exitialium</span> <span class='ocrx_word' id='word_1_164' title='bbox 1997 2130 2353 2209; x_wconf 87' lang='lat' dir='ltr'>opinionum</span> <span class='ocrx_word' id='word_1_165' title='bbox 2385 2129 2596 2193; x_wconf 86' lang='lat' dir='ltr'>sordes</span> <span class='ocrx_word' id='word_1_166' title='bbox 2618 2128 2685 2191; x_wconf 92' lang='lat' dir='ltr'>in</span> 
     </span>
     <span class='ocr_line' id='line_1_19' title="bbox 281 2224 2687 2307; baseline 0.001 -23"><span class='ocrx_word' id='word_1_167' title='bbox 281 2224 628 2286; x_wconf 82' lang='lat' dir='ltr'>doctrinam</span> <span class='ocrx_word' id='word_1_168' title='bbox 659 2224 944 2291; x_wconf 80' lang='lat' dir='ltr'>invehere</span> <span class='ocrx_word' id='word_1_169' title='bbox 975 2234 1318 2302; x_wconf 77' lang='lat' dir='ltr'>tentarunt,</span> <span class='ocrx_word' id='word_1_170' title='bbox 1351 2246 1396 2291; x_wconf 86' lang='lat' dir='ltr'>a</span> <span class='ocrx_word' id='word_1_171' title='bbox 1425 2226 1647 2307; x_wconf 87' lang='lat' dir='ltr'>quibus</span> <span class='ocrx_word' id='word_1_172' title='bbox 1676 2226 1837 2287; x_wconf 89' lang='lat' dir='ltr'>mira</span> <span class='ocrx_word' id='word_1_173' title='bbox 1862 2226 2180 2305; x_wconf 85' lang='lat' dir='ltr'>felicitate,</span> <span class='ocrx_word' id='word_1_174' title='bbox 2206 2226 2517 2304; x_wconf 87' lang='lat' dir='ltr'>Majorum</span> <span class='ocrx_word' id='word_1_175' title='bbox 2544 2244 2687 2287; x_wconf 88' lang='lat' dir='ltr'>ves-</span> 
     </span>
     <span class='ocr_line' id='line_1_20' title="bbox 282 2321 2682 2404; baseline 0 -22"><span class='ocrx_word' id='word_1_176' title='bbox 282 2328 527 2384; x_wconf 88' lang='lat' dir='ltr'>trorum</span> <span class='ocrx_word' id='word_1_177' title='bbox 555 2322 898 2404; x_wconf 81' lang='lat' dir='ltr'>vigilantia,</span> <span class='ocrx_word' id='word_1_178' title='bbox 927 2324 1228 2388; x_wconf 91' lang='lat' dir='ltr'>Dominus</span> <span class='ocrx_word' id='word_1_179' title='bbox 1253 2346 1388 2386; x_wconf 85' lang='lat' dir='ltr'>eam</span> <span class='ocrx_word' id='word_1_180' title='bbox 1421 2323 1729 2387; x_wconf 85' lang='lat' dir='ltr'>liberavit.</span> <span class='ocrx_word' id='word_1_181' title='bbox 1767 2322 2103 2385; x_wconf 85' lang='lat' dir='ltr'>Testantur</span> <span class='ocrx_word' id='word_1_182' title='bbox 2132 2323 2413 2385; x_wconf 87' lang='lat' dir='ltr'>Annales</span> <span class='ocrx_word' id='word_1_183' title='bbox 2443 2321 2682 2395; x_wconf 88' lang='lat' dir='ltr'>Vestri,</span> 
     </span>
     <span class='ocr_line' id='line_1_21' title="bbox 283 2419 2687 2499; baseline 0.001 -19"><span class='ocrx_word' id='word_1_184' title='bbox 283 2426 438 2497; x_wconf 89' lang='lat' dir='ltr'>quot</span> <span class='ocrx_word' id='word_1_185' title='bbox 473 2426 538 2482; x_wconf 91' lang='lat' dir='ltr'>et</span> <span class='ocrx_word' id='word_1_186' title='bbox 569 2422 814 2499; x_wconf 86' lang='lat' dir='ltr'>quantis</span> <span class='ocrx_word' id='word_1_187' title='bbox 847 2423 1144 2486; x_wconf 87' lang='lat' dir='ltr'>machinis</span> <span class='ocrx_word' id='word_1_188' title='bbox 1179 2422 1454 2485; x_wconf 89' lang='lat' dir='ltr'>divinum</span> <span class='ocrx_word' id='word_1_189' title='bbox 1481 2419 1967 2483; x_wconf 83' lang='lat' dir='ltr'>Reformationis</span> <span class='ocrx_word' id='word_1_190' title='bbox 1998 2436 2157 2499; x_wconf 89' lang='lat' dir='ltr'>opus</span> <span class='ocrx_word' id='word_1_191' title='bbox 2187 2438 2225 2481; x_wconf 88' lang='lat' dir='ltr'>a</span> <span class='ocrx_word' id='word_1_192' title='bbox 2246 2419 2461 2498; x_wconf 88' lang='lat' dir='ltr'>primis</span> <span class='ocrx_word' id='word_1_193' title='bbox 2494 2420 2687 2482; x_wconf 83' lang='lat' dir='ltr'>ferme</span> 
     </span>
     <span class='ocr_line' id='line_1_22' title="bbox 287 2516 2687 2600; baseline 0 -22"><span class='ocrx_word' id='word_1_194' title='bbox 287 2516 678 2581; x_wconf 87' lang='lat' dir='ltr'>incunabulis</span> <span class='ocrx_word' id='word_1_195' title='bbox 709 2518 1059 2600; x_wconf 86' lang='lat' dir='ltr'>impetitum</span> <span class='ocrx_word' id='word_1_196' title='bbox 1107 2521 1337 2594; x_wconf 80' lang='lat' dir='ltr'>fuerit3</span> <span class='ocrx_word' id='word_1_197' title='bbox 1389 2526 1538 2600; x_wconf 87' lang='lat' dir='ltr'>quot</span> <span class='ocrx_word' id='word_1_198' title='bbox 1571 2519 1965 2599; x_wconf 86' lang='lat' dir='ltr'>profanorum</span> <span class='ocrx_word' id='word_1_199' title='bbox 1994 2523 2060 2580; x_wconf 90' lang='lat' dir='ltr'>et</span> <span class='ocrx_word' id='word_1_200' title='bbox 2087 2516 2482 2580; x_wconf 81' lang='lat' dir='ltr'>factiosorum</span> <span class='ocrx_word' id='word_1_201' title='bbox 2510 2518 2687 2579; x_wconf 81' lang='lat' dir='ltr'>furo-</span> 
     </span>
     <span class='ocr_line' id='line_1_23' title="bbox 283 2615 2686 2700; baseline -0 -23"><span class='ocrx_word' id='word_1_202' title='bbox 283 2615 461 2678; x_wconf 88' lang='lat' dir='ltr'>ribus</span> <span class='ocrx_word' id='word_1_203' title='bbox 515 2625 732 2680; x_wconf 85' lang='lat' dir='ltr'>sancta</span> <span class='ocrx_word' id='word_1_204' title='bbox 777 2639 1016 2682; x_wconf 89' lang='lat' dir='ltr'>morum</span> <span class='ocrx_word' id='word_1_205' title='bbox 1071 2617 1396 2700; x_wconf 84' lang='lat' dir='ltr'>disciplina</span> <span class='ocrx_word' id='word_1_206' title='bbox 1443 2618 1529 2682; x_wconf 88' lang='lat' dir='ltr'>sit</span> <span class='ocrx_word' id='word_1_207' title='bbox 1579 2623 1953 2697; x_wconf 88' lang='lat' dir='ltr'>oppugnata,</span> <span class='ocrx_word' id='word_1_208' title='bbox 1989 2622 2055 2680; x_wconf 92' lang='lat' dir='ltr'>et</span> <span class='ocrx_word' id='word_1_209' title='bbox 2106 2615 2349 2696; x_wconf 88' lang='lat' dir='ltr'>quoties</span> <span class='ocrx_word' id='word_1_210' title='bbox 2399 2615 2686 2679; x_wconf 87' lang='lat' dir='ltr'>veritatis</span> 
     </span>
     <span class='ocr_line' id='line_1_24' title="bbox 285 2713 2687 2796; baseline 0 -21"><span class='ocrx_word' id='word_1_211' title='bbox 285 2713 674 2794; x_wconf 84' lang='lat' dir='ltr'>Evangelicae</span> <span class='ocrx_word' id='word_1_212' title='bbox 708 2717 948 2795; x_wconf 87' lang='lat' dir='ltr'>puritas</span> <span class='ocrx_word' id='word_1_213' title='bbox 993 2723 1240 2780; x_wconf 87' lang='lat' dir='ltr'>tentata</span> <span class='ocrx_word' id='word_1_214' title='bbox 1263 2717 1496 2779; x_wconf 86' lang='lat' dir='ltr'>fuerit:</span> <span class='ocrx_word' id='word_1_215' title='bbox 1557 2717 1740 2778; x_wconf 91' lang='lat' dir='ltr'>modo</span> <span class='ocrx_word' id='word_1_216' title='bbox 1789 2735 1902 2795; x_wconf 90' lang='lat' dir='ltr'>per</span> <span class='ocrx_word' id='word_1_217' title='bbox 1932 2715 2261 2778; x_wconf 82' lang='lat' dir='ltr'>fanaticam</span> <span class='ocrx_word' id='word_1_218' title='bbox 2293 2715 2687 2796; x_wconf 78' lang='lat' dir='ltr'>Anabaptis-</span> 
     </span>
     <span class='ocr_line' id='line_1_25' title="bbox 285 2811 2689 2894; baseline 0 -22"><span class='ocrx_word' id='word_1_219' title='bbox 285 2819 504 2873; x_wconf 79' lang='lat' dir='ltr'>tarum</span> <span class='ocrx_word' id='word_1_220' title='bbox 553 2811 889 2888; x_wconf 81' lang='lat' dir='ltr'>colluviem,</span> <span class='ocrx_word' id='word_1_221' title='bbox 943 2815 1046 2894; x_wconf 89' lang='lat' dir='ltr'>qui</span> <span class='ocrx_word' id='word_1_222' title='bbox 1095 2834 1258 2876; x_wconf 87' lang='lat' dir='ltr'>anno</span> <span class='ocrx_word' id='word_1_223' title='bbox 1295 2815 1330 2875; x_wconf 92' lang='lat'>1</span> <span class='ocrx_word' id='word_1_224' title='bbox 1343 2815 1506 2889; x_wconf 87' lang='lat'>536,</span> <span class='ocrx_word' id='word_1_225' title='bbox 1559 2813 1774 2874; x_wconf 89' lang='lat' dir='ltr'>statim</span> <span class='ocrx_word' id='word_1_226' title='bbox 1824 2832 1863 2873; x_wconf 88' lang='lat' dir='ltr'>a</span> <span class='ocrx_word' id='word_1_227' title='bbox 1910 2819 2197 2892; x_wconf 88' lang='lat' dir='ltr'>suscepta</span> <span class='ocrx_word' id='word_1_228' title='bbox 2226 2811 2689 2874; x_wconf 82' lang='lat' dir='ltr'>Reformatione</span> 
     </span>
     <span class='ocr_line' id='line_1_26' title="bbox 283 2907 2687 2991; baseline 0 -22"><span class='ocrx_word' id='word_1_229' title='bbox 283 2910 504 2971; x_wconf 84' lang='lat' dir='ltr'>turbas</span> <span class='ocrx_word' id='word_1_230' title='bbox 552 2910 654 2972; x_wconf 85' lang='lat' dir='ltr'>hic</span> <span class='ocrx_word' id='word_1_231' title='bbox 687 2911 1030 2985; x_wconf 82' lang='lat' dir='ltr'>dederunt3</span> <span class='ocrx_word' id='word_1_232' title='bbox 1083 2919 1302 2991; x_wconf 82' lang='lat' dir='ltr'>postea</span> <span class='ocrx_word' id='word_1_233' title='bbox 1349 2931 1462 2991; x_wconf 87' lang='lat' dir='ltr'>per</span> <span class='ocrx_word' id='word_1_234' title='bbox 1493 2909 1668 2973; x_wconf 88' lang='lat' dir='ltr'>Petri</span> <span class='ocrx_word' id='word_1_235' title='bbox 1703 2909 1906 2972; x_wconf 84' lang='lat' dir='ltr'>Caroli</span> <span class='ocrx_word' id='word_1_236' title='bbox 1954 2908 2331 2989; x_wconf 89' lang='lat' dir='ltr'>impudentis</span> <span class='ocrx_word' id='word_1_237' title='bbox 2378 2907 2687 2987; x_wconf 82' lang='lat' dir='ltr'>Sophistae</span> 
     </span>
     <span class='ocr_line' id='line_1_27' title="bbox 283 3005 2689 3087; baseline -0.001 -19"><span class='ocrx_word' id='word_1_238' title='bbox 283 3005 516 3068; x_wconf 83' lang='lat' dir='ltr'>Proteo</span> <span class='ocrx_word' id='word_1_239' title='bbox 551 3008 974 3072; x_wconf 85' lang='lat' dir='ltr'>mutabiliores</span> <span class='ocrx_word' id='word_1_240' title='bbox 1015 3017 1183 3072; x_wconf 84' lang='lat' dir='ltr'>artes</span> <span class='ocrx_word' id='word_1_241' title='bbox 1227 3007 1530 3083; x_wconf 87' lang='lat' dir='ltr'>subdolas,</span> <span class='ocrx_word' id='word_1_242' title='bbox 1573 3014 1640 3071; x_wconf 88' lang='lat' dir='ltr'>et</span> <span class='ocrx_word' id='word_1_243' title='bbox 1671 3006 2086 3087; x_wconf 87' lang='lat' dir='ltr'>iniquissimas</span> <span class='ocrx_word' id='word_1_244' title='bbox 2114 3005 2490 3080; x_wconf 83' lang='lat' dir='ltr'>calumnias;</span> <span class='ocrx_word' id='word_1_245' title='bbox 2540 3025 2689 3068; x_wconf 85' lang='lat' dir='ltr'>mox</span> 
     </span>
     <span class='ocr_line' id='line_1_28' title="bbox 285 3102 2689 3185; baseline -0.001 -19"><span class='ocrx_word' id='word_1_246' title='bbox 285 3122 399 3182; x_wconf 88' lang='lat' dir='ltr'>per</span> <span class='ocrx_word' id='word_1_247' title='bbox 418 3103 786 3167; x_wconf 66' lang='lat' dir='ltr'>Sebastiam</span> <span class='ocrx_word' id='word_1_248' title='bbox 808 3105 1214 3181; x_wconf 70' lang='lat' dir='ltr'>Castalionia,</span> <span class='ocrx_word' id='word_1_249' title='bbox 1234 3107 1663 3170; x_wconf 85' lang='lat' dir='ltr'>hodiernorum</span> <span class='ocrx_word' id='word_1_250' title='bbox 1688 3103 2318 3185; x_wconf 77' lang='lat' dir='ltr'>semipelagianorum</span> <span class='ocrx_word' id='word_1_251' title='bbox 2342 3102 2689 3184; x_wconf 82' lang='lat' dir='ltr'>antesigna-</span> 
     </span>
     <span class='ocr_line' id='line_1_29' title="bbox 283 3193 2693 3280; baseline 0 -18"><span class='ocrx_word' id='word_1_252' title='bbox 283 3199 368 3274; x_wconf 89' lang='lat' dir='ltr'>ni,</span> <span class='ocrx_word' id='word_1_253' title='bbox 421 3201 702 3266; x_wconf 84' lang='lat' dir='ltr'>exitiales</span> <span class='ocrx_word' id='word_1_254' title='bbox 735 3202 934 3270; x_wconf 92' lang='lat' dir='ltr'>Verbi</span> <span class='ocrx_word' id='word_1_255' title='bbox 983 3205 1103 3268; x_wconf 90' lang='lat' dir='ltr'>Dei</span> <span class='ocrx_word' id='word_1_256' title='bbox 1159 3193 1224 3266; x_wconf 85' lang='lat' dir='ltr'>et</span> <span class='ocrx_word' id='word_1_257' title='bbox 1279 3203 1598 3268; x_wconf 74' lang='lat' dir='ltr'>Doctrinae</span> <span class='ocrx_word' id='word_1_258' title='bbox 1650 3202 2029 3264; x_wconf 84' lang='lat' dir='ltr'>Orthodoxae</span> <span class='ocrx_word' id='word_1_259' title='bbox 2080 3200 2505 3280; x_wconf 86' lang='lat' dir='ltr'>corruptelas3</span> <span class='ocrx_word' id='word_1_260' title='bbox 2578 3220 2693 3279; x_wconf 89' lang='lat' dir='ltr'>per</span> 
     </span>
     <span class='ocr_line' id='line_1_30' title="bbox 288 3297 2689 3383; baseline -0 -23"><span class='ocrx_word' id='word_1_261' title='bbox 288 3297 514 3361; x_wconf 69' lang='lat' dir='ltr'>Grueti</span> <span class='ocrx_word' id='word_1_262' title='bbox 561 3300 824 3364; x_wconf 88' lang='lat' dir='ltr'>hominis</span> <span class='ocrx_word' id='word_1_263' title='bbox 869 3301 1137 3383; x_wconf 83' lang='lat' dir='ltr'>factiosi,</span> <span class='ocrx_word' id='word_1_264' title='bbox 1189 3300 1875 3365; x_wconf 86' lang='lat' dir='ltr'>Samosatenianismum</span> <span class='ocrx_word' id='word_1_265' title='bbox 1926 3319 2065 3362; x_wconf 89' lang='lat' dir='ltr'>cum</span> <span class='ocrx_word' id='word_1_266' title='bbox 2113 3298 2575 3361; x_wconf 71' lang='lat' dir='ltr'>Manichaeismo</span> <span class='ocrx_word' id='word_1_267' title='bbox 2624 3297 2689 3359; x_wconf 91' lang='lat' dir='ltr'>in</span> 
     </span>
     <span class='ocr_line' id='line_1_31' title="bbox 288 3395 2689 3480; baseline -0.001 -21"><span class='ocrx_word' id='word_1_268' title='bbox 288 3397 544 3460; x_wconf 89' lang='lat' dir='ltr'>eandem</span> <span class='ocrx_word' id='word_1_269' title='bbox 593 3415 872 3461; x_wconf 89' lang='lat' dir='ltr'>errorum</span> <span class='ocrx_word' id='word_1_270' title='bbox 919 3399 1289 3480; x_wconf 83' lang='lat' dir='ltr'>farraginem</span> <span class='ocrx_word' id='word_1_271' title='bbox 1329 3399 1673 3472; x_wconf 87' lang='lat' dir='ltr'>conflantis,</span> <span class='ocrx_word' id='word_1_272' title='bbox 1716 3397 2014 3478; x_wconf 88' lang='lat' dir='ltr'>pessimas</span> <span class='ocrx_word' id='word_1_273' title='bbox 2057 3397 2332 3460; x_wconf 86' lang='lat' dir='ltr'>technas.</span> <span class='ocrx_word' id='word_1_274' title='bbox 2438 3395 2689 3458; x_wconf 83' lang='lat' dir='ltr'>Exinde</span> 
     </span>
     <span class='ocr_line' id='line_1_32' title="bbox 287 3493 2691 3580; baseline -0.001 -24"><span class='ocrx_word' id='word_1_275' title='bbox 287 3514 450 3557; x_wconf 86' lang='lat' dir='ltr'>anno</span> <span class='ocrx_word' id='word_1_276' title='bbox 487 3495 697 3570; x_wconf 87' lang='grc'><strong>1551,</strong></span> <span class='ocrx_word' id='word_1_277' title='bbox 727 3517 836 3576; x_wconf 90' lang='lat' dir='ltr'>per</span> <span class='ocrx_word' id='word_1_278' title='bbox 852 3497 1240 3580; x_wconf 73' lang='lat' dir='ltr'>Hieronymi</span> <span class='ocrx_word' id='word_1_279' title='bbox 1279 3497 1522 3559; x_wconf 62' lang='lat' dir='ltr'>Bel-§eci</span> <span class='ocrx_word' id='word_1_280' title='bbox 1537 3495 1942 3576; x_wconf 86' lang='lat' dir='ltr'>impietatem,</span> <span class='ocrx_word' id='word_1_281' title='bbox 1974 3500 2253 3558; x_wconf 89' lang='lat' dir='ltr'>sanctam</span> <span class='ocrx_word' id='word_1_282' title='bbox 2280 3493 2691 3556; x_wconf 80' lang='lat' dir='ltr'>Praedestina-</span> 
     </span>
     <span class='ocr_line' id='line_1_33' title="bbox 289 3592 2689 3673; baseline -0.001 -20"><span class='ocrx_word' id='word_1_283' title='bbox 289 3592 477 3655; x_wconf 90' lang='lat' dir='ltr'>tionis</span> <span class='ocrx_word' id='word_1_284' title='bbox 525 3600 592 3656; x_wconf 94' lang='lat' dir='ltr'>et</span> <span class='ocrx_word' id='word_1_285' title='bbox 625 3593 859 3656; x_wconf 79' lang='lat' dir='ltr'>Gratiae</span> <span class='ocrx_word' id='word_1_286' title='bbox 893 3595 1183 3657; x_wconf 88' lang='lat' dir='ltr'>salutaris</span> <span class='ocrx_word' id='word_1_287' title='bbox 1234 3593 1578 3658; x_wconf 87' lang='lat' dir='ltr'>doctrinam</span> <span class='ocrx_word' id='word_1_288' title='bbox 1627 3592 1957 3673; x_wconf 87' lang='lat' dir='ltr'>Pelagiano</span> <span class='ocrx_word' id='word_1_289' title='bbox 2007 3611 2243 3655; x_wconf 87' lang='lat' dir='ltr'>veneno</span> <span class='ocrx_word' id='word_1_290' title='bbox 2292 3608 2689 3669; x_wconf 88' lang='lat' dir='ltr'>corrumpere</span> 
     </span>
     <span class='ocr_line' id='line_1_34' title="bbox 289 3683 2689 3771; baseline -0.003 -19"><span class='ocrx_word' id='word_1_291' title='bbox 289 3691 665 3770; x_wconf 85' lang='lat' dir='ltr'>satagentis:</span> <span class='ocrx_word' id='word_1_292' title='bbox 703 3691 794 3753; x_wconf 90' lang='lat' dir='ltr'>Et</span> <span class='ocrx_word' id='word_1_293' title='bbox 821 3712 934 3771; x_wconf 89' lang='lat' dir='ltr'>per</span> <span class='ocrx_word' id='word_1_294' title='bbox 958 3693 1298 3755; x_wconf 85' lang='lat' dir='ltr'>horrendas</span> <span class='ocrx_word' id='word_1_295' title='bbox 1331 3693 1578 3755; x_wconf 91' lang='lat' dir='ltr'>tandem</span> <span class='ocrx_word' id='word_1_296' title='bbox 1599 3692 1683 3753; x_wconf 84' lang='lat' dir='ltr'><strong><em>M</em></strong></span> <span class='ocrx_word' id='word_1_297' title='bbox 1678 3689 1937 3753; x_wconf 66' lang='lat' dir='ltr'>ichae&#39;lis</span> <span class='ocrx_word' id='word_1_298' title='bbox 1962 3689 2222 3760; x_wconf 65' lang='lat' dir='ltr'>Servati,</span> <span class='ocrx_word' id='word_1_299' title='bbox 2248 3707 2369 3748; x_wconf 88' lang='lat' dir='ltr'>non</span> <span class='ocrx_word' id='word_1_300' title='bbox 2402 3683 2689 3759; x_wconf 86' lang='lat' dir='ltr'>hominis,</span> 
     </span>
     <span class='ocr_line' id='line_1_35' title="bbox 287 3781 2692 3869; baseline -0.003 -19"><span class='ocrx_word' id='word_1_301' title='bbox 287 3786 393 3850; x_wconf 85' lang='lat' dir='ltr'>sed</span> <span class='ocrx_word' id='word_1_302' title='bbox 443 3789 705 3851; x_wconf 87' lang='lat' dir='ltr'>monstri</span> <span class='ocrx_word' id='word_1_303' title='bbox 763 3790 844 3851; x_wconf 86' lang='lat' dir='ltr'>ad</span> <span class='ocrx_word' id='word_1_304' title='bbox 894 3810 1133 3853; x_wconf 87' lang='lat' dir='ltr'>omnem</span> <span class='ocrx_word' id='word_1_305' title='bbox 1189 3789 1653 3869; x_wconf 89' lang='lat' dir='ltr'>improbitatem</span> <span class='ocrx_word' id='word_1_306' title='bbox 1711 3785 1883 3860; x_wconf 84' lang='lat' dir='ltr'>facti,</span> <span class='ocrx_word' id='word_1_307' title='bbox 1944 3803 2127 3862; x_wconf 89' lang='lat' dir='ltr'>super</span> <span class='ocrx_word' id='word_1_308' title='bbox 2178 3782 2489 3844; x_wconf 86' lang='lat' dir='ltr'>adorando</span> <span class='ocrx_word' id='word_1_309' title='bbox 2537 3781 2603 3844; x_wconf 83' lang='lat' dir='ltr'>S.</span> <span class='ocrx_word' id='word_1_310' title='bbox 2627 3781 2692 3843; x_wconf 84' lang='lat' dir='ltr'>S.</span> 
     </span>
     <span class='ocr_line' id='line_1_36' title="bbox 288 3879 2697 3968; baseline -0.002 -23"><span class='ocrx_word' id='word_1_311' title='bbox 288 3883 532 3948; x_wconf 86' lang='lat' dir='ltr'>Triadis</span> <span class='ocrx_word' id='word_1_312' title='bbox 585 3887 880 3966; x_wconf 79' lang='lat' dir='ltr'>mysterio</span> <span class='ocrx_word' id='word_1_313' title='bbox 927 3887 1376 3968; x_wconf 81' lang='lat' dir='ltr'>blasphemias3</span> <span class='ocrx_word' id='word_1_314' title='bbox 1431 3904 1580 3964; x_wconf 87' lang='lat' dir='ltr'>quas</span> <span class='ocrx_word' id='word_1_315' title='bbox 1623 3883 1768 3946; x_wconf 87' lang='lat' dir='ltr'>dum</span> <span class='ocrx_word' id='word_1_316' title='bbox 1811 3901 2087 3946; x_wconf 84' lang='lat' dir='ltr'>evomere</span> <span class='ocrx_word' id='word_1_317' title='bbox 2131 3881 2312 3944; x_wconf 88' lang='lat' dir='ltr'>homo</span> <span class='ocrx_word' id='word_1_318' title='bbox 2344 3879 2697 3960; x_wconf 89' lang='lat' dir='ltr'>perditissi-</span> 
     </span>
     <span class='ocr_line' id='line_1_37' title="bbox 285 3979 2693 4064; baseline -0.002 -21"><span class='ocrx_word' id='word_1_319' title='bbox 285 4001 445 4064; x_wconf 74' lang='lat' dir='ltr'>mae,</span> <span class='ocrx_word' id='word_1_320' title='bbox 476 3983 626 4046; x_wconf 91' lang='lat' dir='ltr'>licet</span> <span class='ocrx_word' id='word_1_321' title='bbox 657 3985 882 4064; x_wconf 82' lang='lat' dir='ltr'>saepius</span> <span class='ocrx_word' id='word_1_322' title='bbox 932 3984 1220 4061; x_wconf 87' lang='lat' dir='ltr'>monitus,</span> <span class='ocrx_word' id='word_1_323' title='bbox 1253 4003 1375 4046; x_wconf 89' lang='lat' dir='ltr'>non</span> <span class='ocrx_word' id='word_1_324' title='bbox 1410 3979 1638 4045; x_wconf 87' lang='lat' dir='ltr'>desinit</span> <span class='ocrx_word' id='word_1_325' title='bbox 1672 3983 1751 4044; x_wconf 78' lang='lat' dir='ltr'>ad</span> <span class='ocrx_word' id='word_1_326' title='bbox 1784 3979 2357 4060; x_wconf 89' lang='lat' dir='ltr'>pestilentissimum</span> <span class='ocrx_word' id='word_1_327' title='bbox 2390 3998 2693 4042; x_wconf 89' lang='lat' dir='ltr'>venenum</span> 
     </span>
     <span class='ocr_line' id='line_1_38' title="bbox 287 4074 2694 4163; baseline -0.002 -22"><span class='ocrx_word' id='word_1_328' title='bbox 287 4079 352 4141; x_wconf 91' lang='lat' dir='ltr'>in</span> <span class='ocrx_word' id='word_1_329' title='bbox 397 4080 615 4160; x_wconf 85' lang='lat' dir='ltr'>vulgus</span> <span class='ocrx_word' id='word_1_330' title='bbox 649 4083 1079 4163; x_wconf 86' lang='lat' dir='ltr'>spargendum,</span> <span class='ocrx_word' id='word_1_331' title='bbox 1113 4083 1272 4162; x_wconf 87' lang='lat' dir='ltr'>quod</span> <span class='ocrx_word' id='word_1_332' title='bbox 1306 4082 1434 4144; x_wconf 89' lang='lat' dir='ltr'>late</span> <span class='ocrx_word' id='word_1_333' title='bbox 1475 4081 1610 4160; x_wconf 85' lang='lat' dir='ltr'>jam</span> <span class='ocrx_word' id='word_1_334' title='bbox 1662 4101 1699 4142; x_wconf 85' lang='lat' dir='ltr'>a</span> <span class='ocrx_word' id='word_1_335' title='bbox 1730 4079 2008 4159; x_wconf 88' lang='lat' dir='ltr'>pluribus</span> <span class='ocrx_word' id='word_1_336' title='bbox 2040 4078 2221 4140; x_wconf 88' lang='lat' dir='ltr'>annis</span> <span class='ocrx_word' id='word_1_337' title='bbox 2252 4077 2319 4139; x_wconf 89' lang='lat' dir='ltr'>in</span> <span class='ocrx_word' id='word_1_338' title='bbox 2353 4074 2694 4139; x_wconf 86' lang='lat' dir='ltr'>celebribus</span> 
     </span>
     <span class='ocr_line' id='line_1_39' title="bbox 291 4173 2698 4259; baseline -0.002 -20"><span class='ocrx_word' id='word_1_339' title='bbox 291 4177 558 4258; x_wconf 82' lang='lat' dir='ltr'>Europae</span> <span class='ocrx_word' id='word_1_340' title='bbox 591 4178 742 4243; x_wconf 88' lang='lat' dir='ltr'>locis</span> <span class='ocrx_word' id='word_1_341' title='bbox 771 4187 1104 4259; x_wconf 82' lang='lat' dir='ltr'>sparserat,</span> <span class='ocrx_word' id='word_1_342' title='bbox 1139 4180 1388 4243; x_wconf 89' lang='lat' dir='ltr'>tandem</span> <span class='ocrx_word' id='word_1_343' title='bbox 1416 4180 1482 4241; x_wconf 88' lang='lat' dir='ltr'>in</span> <span class='ocrx_word' id='word_1_344' title='bbox 1517 4197 1823 4242; x_wconf 88' lang='lat' dir='ltr'>carcerem</span> <span class='ocrx_word' id='word_1_345' title='bbox 1858 4176 2193 4256; x_wconf 88' lang='lat' dir='ltr'>conjectus,</span> <span class='ocrx_word' id='word_1_346' title='bbox 2225 4182 2291 4236; x_wconf 92' lang='lat' dir='ltr'>et</span> <span class='ocrx_word' id='word_1_347' title='bbox 2319 4173 2385 4236; x_wconf 91' lang='lat' dir='ltr'>in</span> <span class='ocrx_word' id='word_1_348' title='bbox 2416 4173 2698 4253; x_wconf 88' lang='lat' dir='ltr'>pertina-</span> 
     </span>
     <span class='ocr_line' id='line_1_40' title="bbox 289 4270 2695 4357; baseline -0.003 -19"><span class='ocrx_word' id='word_1_349' title='bbox 289 4275 387 4338; x_wconf 85' lang='lat' dir='ltr'>cia</span> <span class='ocrx_word' id='word_1_350' title='bbox 418 4295 532 4338; x_wconf 84' lang='lat' dir='ltr'>sua</span> <span class='ocrx_word' id='word_1_351' title='bbox 559 4276 864 4341; x_wconf 89' lang='lat' dir='ltr'>diabolica</span> <span class='ocrx_word' id='word_1_352' title='bbox 891 4297 1308 4357; x_wconf 87' lang='lat' dir='ltr'>perseverans,</span> <span class='ocrx_word' id='word_1_353' title='bbox 1355 4276 1734 4356; x_wconf 86' lang='lat' dir='ltr'>justissimas</span> <span class='ocrx_word' id='word_1_354' title='bbox 1786 4295 1947 4337; x_wconf 88' lang='lat' dir='ltr'>anno</span> <span class='ocrx_word' id='word_1_355' title='bbox 1982 4275 2011 4334; x_wconf 87' lang='lat'>1</span> <span class='ocrx_word' id='word_1_356' title='bbox 2031 4273 2171 4336; x_wconf 87' lang='grc'>553</span> <span class='ocrx_word' id='word_1_357' title='bbox 2206 4270 2547 4352; x_wconf 86' lang='lat' dir='ltr'>impietatis</span> <span class='ocrx_word' id='word_1_358' title='bbox 2588 4289 2695 4332; x_wconf 86' lang='lat' dir='ltr'>ex-</span> 
     </span>
     <span class='ocr_line' id='line_1_41' title="bbox 290 4370 2695 4454; baseline -0.003 -19"><span class='ocrx_word' id='word_1_359' title='bbox 290 4373 570 4435; x_wconf 70' lang='lat' dir='ltr'>ecrandae</span> <span class='ocrx_word' id='word_1_360' title='bbox 598 4395 812 4454; x_wconf 85' lang='lat' dir='ltr'>poenas</span> <span class='ocrx_word' id='word_1_361' title='bbox 841 4374 1009 4438; x_wconf 88' lang='lat' dir='ltr'>tulit.</span> <span class='ocrx_word' id='word_1_362' title='bbox 1116 4373 1262 4437; x_wconf 88' lang='lat' dir='ltr'>Non</span> <span class='ocrx_word' id='word_1_363' title='bbox 1296 4375 1482 4438; x_wconf 88' lang='lat' dir='ltr'>desiit</span> <span class='ocrx_word' id='word_1_364' title='bbox 1513 4380 1719 4436; x_wconf 90' lang='lat' dir='ltr'>tamen</span> <span class='ocrx_word' id='word_1_365' title='bbox 1754 4373 1948 4434; x_wconf 87' lang='lat' dir='ltr'>Satan</span> <span class='ocrx_word' id='word_1_366' title='bbox 1976 4370 2163 4432; x_wconf 87' lang='lat' dir='ltr'>toties</span> <span class='ocrx_word' id='word_1_367' title='bbox 2196 4370 2397 4431; x_wconf 86' lang='lat' dir='ltr'>victus</span> <span class='ocrx_word' id='word_1_368' title='bbox 2430 4387 2695 4448; x_wconf 87' lang='lat' dir='ltr'>pugnam</span> 
     </span>
     <span class='ocr_line' id='line_1_42' title="bbox 292 4462 2696 4553; baseline -0.004 -21"><span class='ocrx_word' id='word_1_369' title='bbox 292 4469 737 4553; x_wconf 87' lang='lat' dir='ltr'>redintegrare,</span> <span class='ocrx_word' id='word_1_370' title='bbox 770 4478 838 4534; x_wconf 92' lang='lat' dir='ltr'>et</span> <span class='ocrx_word' id='word_1_371' title='bbox 869 4491 1062 4534; x_wconf 87' lang='lat' dir='ltr'>novos</span> <span class='ocrx_word' id='word_1_372' title='bbox 1113 4471 1375 4535; x_wconf 87' lang='lat' dir='ltr'>subinde</span> <span class='ocrx_word' id='word_1_373' title='bbox 1424 4470 1769 4550; x_wconf 90' lang='lat' dir='ltr'>impietatis</span> <span class='ocrx_word' id='word_1_374' title='bbox 1796 4467 2123 4548; x_wconf 85' lang='lat' dir='ltr'>magistros</span> <span class='ocrx_word' id='word_1_375' title='bbox 2153 4466 2447 4539; x_wconf 82' lang='lat' dir='ltr'>excitare,</span> <span class='ocrx_word' id='word_1_376' title='bbox 2484 4462 2696 4544; x_wconf 85' lang='lat' dir='ltr'>quales</span> 
     </span>
     <span class='ocr_line' id='line_1_43' title="bbox 291 4559 2701 4645; baseline -0.004 -16"><span class='ocrx_word' id='word_1_377' title='bbox 291 4567 542 4631; x_wconf 83' lang='lat' dir='ltr'>fuerunt</span> <span class='ocrx_word' id='word_1_378' title='bbox 583 4569 964 4634; x_wconf 62' lang='lat' dir='ltr'>Valentinus</span> <span class='ocrx_word' id='word_1_379' title='bbox 993 4569 1280 4645; x_wconf 61' lang='lat' dir='ltr'>Gentius,</span> <span class='ocrx_word' id='word_1_380' title='bbox 1306 4570 1555 4633; x_wconf 67' lang='lat' dir='ltr'>Paulus</span> <span class='ocrx_word' id='word_1_381' title='bbox 1579 4568 1899 4639; x_wconf 69' lang='lat' dir='ltr'>Alciatus,</span> <span class='ocrx_word' id='word_1_382' title='bbox 1922 4571 1989 4627; x_wconf 93' lang='lat' dir='ltr'>et</span> <span class='ocrx_word' id='word_1_383' title='bbox 2022 4563 2129 4627; x_wconf 87' lang='lat' dir='ltr'>alii</span> <span class='ocrx_word' id='word_1_384' title='bbox 2162 4585 2243 4628; x_wconf 89' lang='lat' dir='ltr'>ex</span> <span class='ocrx_word' id='word_1_385' title='bbox 2275 4563 2487 4626; x_wconf 85' lang='lat' dir='ltr'>eodem</span> <span class='ocrx_word' id='word_1_386' title='bbox 2518 4559 2701 4622; x_wconf 84' lang='lat' dir='ltr'>soda-</span> 
     </span>
     <span class='ocr_line' id='line_1_44' title="bbox 289 4661 2699 4748; baseline -0.003 -22"><span class='ocrx_word' id='word_1_387' title='bbox 289 4663 424 4728; x_wconf 88' lang='lat' dir='ltr'>litio</span> <span class='ocrx_word' id='word_1_388' title='bbox 465 4665 865 4748; x_wconf 85' lang='lat' dir='ltr'>impurissimi</span> <span class='ocrx_word' id='word_1_389' title='bbox 896 4668 1137 4732; x_wconf 85' lang='lat' dir='ltr'>Serveti</span> <span class='ocrx_word' id='word_1_390' title='bbox 1189 4666 1494 4746; x_wconf 82' lang='lat' dir='ltr'>discipuli,</span> <span class='ocrx_word' id='word_1_391' title='bbox 1533 4665 1637 4745; x_wconf 88' lang='lat' dir='ltr'>qui</span> <span class='ocrx_word' id='word_1_392' title='bbox 1685 4683 1845 4726; x_wconf 86' lang='lat' dir='ltr'>anno</span> <span class='ocrx_word' id='word_1_393' title='bbox 1882 4663 2067 4725; x_wconf 87' lang='lat'>1558</span> <span class='ocrx_word' id='word_1_394' title='bbox 2124 4661 2575 4725; x_wconf 81' lang='lat' dir='ltr'>Trithei‘tarum</span> <span class='ocrx_word' id='word_1_395' title='bbox 2604 4677 2699 4719; x_wconf 83' lang='lat' dir='ltr'>cr-</span> 
     </span>
    </p>

    <p class='ocr_par' dir='ltr' id='par_1_3' title="bbox 2266 4765 2297 4819">
     <span class='ocr_line' id='line_1_45' title="bbox 2266 4765 2297 4819; baseline 0 0"><span class='ocrx_word' id='word_1_396' title='bbox 2266 4765 2297 4819; x_wconf 84' lang='lat' dir='ltr'><strong><em>b</em></strong></span> 
     </span>
    </p>
   </div>
  </div>
 </body>
</html>
