3300 5225
569 257 687 312 544
1544 266 1727 307 Locus
1757 267 1963 307 nonus.
2633 250 2936 331 [Qcaes‘r.
2987 270 3068 309 v.

565 418 819 489 peccat-0,
850 410 1020 469 datur
1046 418 1239 469 tamen
1265 408 1521 468 virtualis
1550 416 1607 465 et
1634 406 1920 483 implicita,
1953 406 2126 464 etiam
2154 407 2216 463 in
2234 406 2548 484 levissimo,
2579 410 2720 485 quia
2747 411 3056 487 praefer-

566 500 662 551 tur
690 491 966 549 Creatura
991 489 1265 564 Creatori,
1296 496 1356 547 et
1380 486 1687 565 plusquam
1717 486 1878 544 Deus
1906 484 2183 561 diligitur,
2215 486 2354 545 dum
2379 489 2552 546 homo
2579 488 2658 547 ad
2684 508 2825 547 eam
2857 510 3050 548 eon-

566 570 828 643 vertitur,
858 577 1134 646 tanquam
1162 568 1237 626 ad
1264 568 1480 626 bonum
1508 585 1677 625 suum
1704 574 1765 623 et
1789 565 1965 622 finem
1991 566 2277 624 ultimum.

556 688 565 697 -
648 646 840 707 XXI.
884 648 997 722 Qui
1023 656 1259 725 peccata
1284 652 1615 721 extenuant,
1644 664 1755 703 nec
1783 643 1896 704 Dei
1923 643 2302 720 majestatem,
2331 666 2440 705 nec
2469 644 2646 723 Legis
2665 646 3038 724 justitiam,

444 726 450 734 '
566 746 675 785 nec
701 727 923 804 peccati
950 726 1285 800 foeditatem,
1316 745 1423 784 nec
1466 744 1631 783 suam
1679 723 2067 782 conditionem
2110 724 2558 799 abjectissimam
2605 745 2807 785 coram
2841 727 3036 802 De0‚

565 806 759 899 probe
774 806 1126 884 expendunt.
1212 806 1295 865 Ut
1321 804 1481 863 nulla
1506 823 1689 881 parva
1713 811 1805 862 est
1828 802 2085 877 rebellio,
2113 804 2338 862 nullum
2377 824 2622 880 parvum
2663 805 2829 863 laesae
2861 806 3034 863 Ma-

562 885 794 962 jestatis
822 886 1070 961 crimen3
1116 884 1211 944 Ita
1236 885 1514 960 exiguum
1538 902 1658 941 non
1683 890 1875 959 potest
1913 882 2136 940 censeri
2175 891 2472 959 peccatum
2514 883 2671 960 quod
2697 884 3030 943 adversus

569 965 850 1040 optimum
878 972 937 1023 et
962 965 1277 1023 maximum
1308 963 1515 1037 Deum,
1547 962 1806 1037 adeoque
1833 959 2122 1019 infinitum
2149 963 2544 1021 committitur.
2629 963 2804 1022 Licet
2833 964 3025 1023 enim

570 1062 721 1119 saepe
748 1062 927 1120 parva
956 1044 1032 1102 sit
1056 1062 1151 1101 res
1177 1044 1329 1101 circa
1354 1062 1527 1134 quam
1552 1048 1840 1117 peccatur,
1869 1060 1987 1098 non
2013 1039 2226 1100 desinit
2251 1050 2442 1100 tamen
2473 1043 2672 1119 gravis
2697 1062 2835 1101 esse
2865 1062 3022 1101 rea·

570 1130 684 1198 tus,
714 1123 817 1198 qui
843 1142 961 1180 non
988 1142 1062 1181 ex
1090 1122 1307 1199 objecti
1332 1121 1634 1198 parvitate,
1667 1120 1772 1179 sed
1799 1138 1875 1177 ex
1903 1119 2282 1195 Legislatoris
2309 1123 2612 1199 majestate
2640 1122 3014 1197 aestimatur,

569 1220 701 1277 quae
730 1202 869 1259 dum
895 1202 1163 1275 violatur,
1194 1221 1263 1259 eo
1290 1201 1417 1278 ipso
1444 1200 1507 1257 in
1532 1200 1676 1257 iram
1705 1208 1764 1257 et
1789 1198 2252 1258 maledictionem
2279 1201 2406 1277 ejus
2433 1200 2759 1276 incurritur,
2783 1201 2843 1259 si
2873 1220 3016 1259 non

569 1280 644 1338 de
672 1280 842 1355 facto,
876 1280 1081 1339 saltem
1110 1280 1228 1338 de
1202 1299 1338 1357 Jure
1366 1288 1425 1339 et
1452 1278 1834 1338 demeritorie.
1919 1278 2067 1336 Haec
2113 1287 2204 1337 est
2247 1287 2462 1338 statera
2509 1280 2864 1355 Sanetuarii‚
2919 1281 3012 1337 ad

568 1378 745 1436 quam
772 1360 1149 1437 appendenda
1176 1368 1311 1417 sunt
1336 1365 1589 1435 peccata,
1620 1367 1687 1416 ut
1710 1376 1853 1415 vera
1879 1376 2078 1415 eorum
2104 1358 2362 1435 gravitas
2389 1368 2448 1417 et
2474 1368 2668 1417 reatus
2695 1378 3005 1435 agnosca-

570 1447 697 1514 tur;
740 1458 860 1497 non
887 1446 1114 1499 staterae
1140 1379 1409 1497 dolosaePe
1384 1446 1443 1497 et
1482 1437 1718 1497 fallaces
1757 1436 2072 1511 hominum,
2122 1455 2252 1514 quae
2293 1438 2567 1516 pietatem
2607 1439 2904 1514 relaxant,
2935 1448 3008 1496 et

568 1516 897 1595 lethargum
922 1536 991 1577 ac
1019 1516 1386 1577 securitatem
1412 1517 1704 1575 carnalem
1723 1515 2024 1574 inducunt.

1517 1751 1909 1827 QUAEsrm
1949 1752 2026 1811 V.

1412 1929 1491 1969 nn
1520 1928 1707 1969 mrsu
1735 1928 2118 1969 suessonum.

684 2072 987 2138 Quodnam
996 2069 1185 2144 fuer-it
1208 2050 1507 2129 Peccatum
1531 2068 1894 2147 Anqelorum,
1925 2088 2034 2145 quo
2063 2069 2323 2143 defecthse
2349 2070 2612 2128 dicuntw
2637 2090 2675 2126 a
2696 2072 2860 2129 Deo.
2849 2073 2879 2112 ²

653 2230 704 2288 Ῑ.
745 2229 1095 2299 Peccatum'
1072 2249 1131 2287 m
1155 2227 1333 2303 specie
1360 2225 1738 2303 distinguitur
1763 2226 1982 2285 ratione
2015 2226 2158 2304 Subj
2163 2234 2419 2285 ectorum
2463 2226 2676 2303 quibus
2715 2228 2982 2303 inhaeret,

570 2310 634 2369 in
659 2310 958 2367 Peccatum
982 2309 1343 2383 Anqelorum,
1374 2306 1475 2383 qui
1500 2325 1603 2383 per
1649 2305 1796 2364 illud
1839 2314 2148 2365 evaserunt
2192 2306 2443 2381 Diaboli,
2472 2313 2533 2365 et
2557 2307 2858 2365 Peccatum
2883 2310 2984 2366 Ιιο-

572 2388 823 2461 mimcm;
850 2387 987 2464 quia
1012 2387 1101 2444 illi
1130 2387 1255 2461 soli,
1304 2394 1372 2444 ut
1419 2385 1710 2443 Creaturae
1755 2385 2080 2460 rationales,
2113 2394 2249 2444 sunt
2291 2386 2522 2444 Peccati
2549 2404 2805 2462 capaces.
2888 2387 2984 2444 De

573 2466 823 2525 Peccato
850 2466 1212 2543 Angelorum
1239 2465 1401 2543 prius
1429 2462 1754 2539 dicendum,
1785 2464 1890 2523 sed
1923 2464 2197 2542 brevius3
2241 2464 2380 2581 qnia
2424 2464 2772 2542 paucissima
2810 2464 2884 2524 de
2911 2485 2983 2524 eo

572 2546 753 2605 tradit
782 2545 911 2605 Scri
949 2554 1095 2604 tura.

909 2565 948 2624 P
1175 2622 1260 2682 ΙΙ.
1305 2625 1547 2683 Frustra
1572 2623 1864 2700 quaeritur,
1909 2622 2210 2698 Quomodo
2249 2643 2487 2702 peccare
2532 2623 2826 2701 potuerint
2851 2621 2978 2680 An-

632 2691 989 2794 Sstgss'm
1088 2703 1241 2781 geli,
1288 2723 1419 2763 cum
1447 2722 1522 2760 ex
1554 2702 1851 2795 Scriptura
1877 2710 2102 2762 constet
2128 2722 2228 2760 eos
2253 2723 2540 2780 peccasse,
2584 2711 2644 2762 et
2669 2702 2816 2761 ratio
2847 2721 2978 2760 sua-

868 2782 879 2794 '
1095 2783 1249 2874 deat,
1276 2783 1546 2875 potuisse·
1560 2801 1661 2840 eos
1687 2781 1750 2839 in
1775 2790 2075 2859 peccatum
2101 2780 2340 2858 prolabi,
2391 2802 2524 2841 cum
2569 2781 2776 2840 labiles
2803 2781 2977 2840 creati

572 2862 805 2922 fuerint.
888 2863 1131 2921 Frustra
1174 2861 1347 2919 etiam
1388 2861 1697 2937 inquiritur
1724 2861 1798 2919 de
1823 2869 2080 2937 tempore
2120 2862 2354 2938 lapsus;
2399 2861 2502 2919 An
2528 2861 2670 2920 diu·
2653 2881 2716 2918 ιιι
2741 2860 2975 2936 integri-

574 2950 695 3000 tate
722 2941 1114 3018 perstiterint;
1160 2939 1259 2996 An
1288 2959 1429 2998 vero
1456 2939 1530 2996 ab
1572 2939 1738 2998 initio
1781 2940 2101 2998 Cmationis
2143 2941 2471 3017 ceciderint,
2521 2949 2590 2999 ut
2635 2939 2976 3032 quibusdam

578 3019 951 3079 Scholasticis
977 3019 1203 3077 visum:
1248 3017 1393 3076 Cum
1438 3017 1734 3095 Scriptura
1779 3018 1928 3076 nihil
1965 3018 2038 3076 de
2083 3038 2152 3077 eo
2191 3021 2400 3080 tradat.
2483 3020 2616 3078 Hoc
2655 3027 2875 3078 tantum
2912 3018 2975 3076 in

575 3117 786 3175 genere
840 3105 1090 3189 constat,
1131 3097 1358 3173 lapsum
1400 3115 1599 3156 eorum
1645 3097 1897 3156 hominis
1938 3096 2166 3174 lapsum
2209 3099 2602 3159 antecessisse.
2705 3098 2974 3174 Aliquam

576 3197 715 3235 vero
742 3177 893 3235 inter
918 3176 1264 3235 creationem
1292 3176 1673 3269 Angelorum,
1705 3195 1834 3252 quse
1864 3177 1980 3236 Dei
2006 3196 2169 3268 opus,
2199 3187 2258 3237 et
2285 3178 2664 3238 defectionem
2689 3197 2816 3254 quse
2843 3177 2972 3234 Dee-

575 3275 812 3314 monum
840 3263 929 3314 est
954 3257 1121 3330 aetio,
1152 3273 1375 3314 moram
1418 3254 1828 3331 intercessisse,
1878 3275 1998 3316 non
2045 3256 2168 3315 sine
2205 3257 2426 3316 ratione
2469 3257 2774 3332 asseritur;
2814 3276 2883 3314 ne
2921 3255 2974 3315 si

574 3335 761 3413 prima
786 3353 985 3394 eorum
1032 3335 1288 3428 operatio
1315 3334 1527 3394 vitiosa
1568 3343 1930 3410 statueretur,
1975 3335 2107 3394 vitii
2133 3355 2308 3394 causa
2355 3337 2482 3395 Deo
2530 3335 2802 3411 Creatori,
2847 3344 2971 3394 tan·

577 3433 751 3491 quam
789 3413 1056 3474 efficienti
1102 3415 1383 3492 proximo,
1414 3415 1709 3474 videretur
1749 3414 2141 3507 impingenda.
2225 3415 2282 3473 N
2283 3436 2349 3474 ec
2391 3416 2702 3476 verisimile
2745 3423 2832 3474 est
2875 3433 2970 3473 eos

577 3503 711 3554 ante
742 3494 1059 3554 Creationis
1087 3514 1231 3572 opus
1259 3495 1588 3555 absolutum
1614 3493 1910 3570 defecisse,
1942 3495 2080 3570 quia
2105 3502 2244 3553 tunc
2265 3513 2620 3572 quaeeunque
2639 3495 2800 3554 Deus
2823 3512 2968 3552 crea-

578 3582 743 3634 verat
770 3583 933 3634 erant
959 3573 1149 3635 adhuc
1176 3574 1346 3633 valde
1372 3574 1543 3650 bona,
1576 3573 1765 3633 Gen.'
1749 3593 1787 3632 1.
1807 3577 1905 3632 31.
1947 3573 2002 3631 N
2007 3593 2072 3632 ec
2101 3573 2152 3633 si
2179 3573 2462 3634 Diabolus
2479 3573 2690 3632 dicitur
2714 3591 2966 3651 peccasse

579 3675 619 3714 a
635 3655 938 3731 princzpio,
974 3657 1003 3712 1
1036 3653 1081 3712 J
1083 3654 1177 3713 oh.
1204 3653 1288 3712 ιιι.
1312 3656 1368 3729 8,
1400 3653 1595 3712 statim
1625 3653 1885 3730 sequitur
1911 3652 1986 3711 ab
2015 3652 2141 3730 ipso
2169 3653 2476 3713 creationis
2503 3653 2668 3712 initio
2695 3671 2963 3728 peccasse,

580 3735 717 3810 quia
742 3742 959 3793 tractus
987 3732 1197 3810 aliquis
1222 3733 1499 3811 temporis
1524 3750 1643 3791 non
1671 3733 1880 3808 obstat,
1910 3732 2218 3809 quominus
2236 3733 2310 3791 ab
2336 3732 2502 3792 initio
2529 3731 2751 3808 aliquid
2769 3731 2965 3790 factum

580 3813 823 3872 dicatur.

663 3891 785 3949 III.
828 3891 962 3950 Non
989 3891 1266 3967 quaeritur
1291 3890 1363 3948 de
1389 3889 1563 3950 modo
1591 3897 1649 3948 et
1677 3889 1877 3948 ordine
1897 3891 2120 3966 peccati
2147 3889 2332 3966 istius,
2358 3890 2459 3948 An
2477 3889 2769 3966 peccarint
2788 3906 2966 3946 omnes

582 3968 771 4042 simul,
802 3969 904 4026 An
928 3987 1069 4028 vero
1095 3989 1245 4027 unus
1272 3969 1482 4044 aliquis
1498 3969 1829 4027 rebellionis
1849 3970 2074 4028 caeteris
2095 3969 2218 4029 dux
2244 3978 2304 4028 et
2323 3971 2529 4028 author
2543 3968 2734 4027 fuerit.
2777 3968 2964 4042 Quam·

582 4047 675 4106 vis
702 4046 855 4104 enim
881 4048 1166 4123 posterius
1194 4047 1392 4106 multis
1421 4047 1686 4120 arrideat,
1717 4067 1824 4105 nec
1851 4047 2231 4124 improbabile
2270 4048 2553 4124 videatur,
2598 4047 2769 4108 unius
2793 4046 2964 4105 horta-

581 4133 648 4184 tu
674 4133 733 4183 et
760 4144 950 4199 suasu,
982 4125 1083 4200 qui
1112 4126 1388 4202 Princeps
1417 4125 1847 4184 Daemoniorum
1874 4127 2100 4203 dicitur,
2147 4146 2420 4206 peccasse
2446 4127 2610 4201 alios,
2642 4127 2746 4204 qui
2771 4125 2966 4202 Angeli

580 4203 763 4281 ipsius
799 4213 1113 4280 vocantur3
1156 4204 1317 4263 nulla
1340 4211 1535 4262 tamen
1562 4205 1748 4264 solida
1773 4205 2012 4282 ratione,
2041 4208 2139 4265 vel
2179 4207 2342 4266 firmo
2370 4225 2448 4264 ex
2477 4205 2789 4284 Scripturis
2813 4205 2964 4265 docu-

582 4290 779 4342 mento
806 4283 1002 4360 colligi
1028 4249 1235 4360 po’test,
1266 4291 1327 4342 et
1358 4283 1654 4360 Scriptura
1679 4292 1924 4362 tacente,
1968 4286 2150 4345 satius
2177 4295 2267 4345 est
2308 4286 2371 4343 in
2415 4285 2608 4345 medio
2648 4285 2960 4362 relinquere,

580 4383 757 4457 quam
786 4362 1067 4424 curiosius
1094 4363 1218 4422 sine
1244 4365 1587 4424 necessitate
1614 4373 1676 4425 et
1715 4363 1908 4425 fructu
1951 4365 2256 4442 inquirere.
2343 4364 2461 4427 Sed
2487 4364 2766 4443 quaeritur
2791 4364 2874 4423 hic
2897 4362 2960 4421 ds

578 4445 760 4520 specie
786 4443 953 4503 istius
980 4443 1219 4522 peccati.

668 4523 776 4584 IV.
822 4523 989 4584 Circa
1028 4543 1199 4602 quam
1241 4523 1417 4584 varim
1458 4533 1593 4586 sunt
1620 4525 2048 4601 Theologorum
2089 4532 2148 4584 et
2194 4522 2684 4585 Scholasticorum
2725 4519 2957 4600 inprimis
