3300 5225
505 345 622 401 252
1465 360 1646 402 Locus
1676 357 1942 400 rsa‘rms.
2170 421 2183 430 .
2412 333 2663 416 [ασκεω.
2692 353 2911 396 xxvm.

500 504 691 584 κςιτιιὲι
732 499 937 577 Patris,
972 507 1173 578 utpote
1213 519 1344 578 quae
1387 501 1708 561 communis
1738 498 1899 559 Patri
1938 506 1997 558 et
2038 496 2207 574 Filio,
2252 495 2390 556 soloe
2430 493 2740 554 relationes
2782 515 2911 574 quae

504 591 640 641 sunt
668 581 961 658 oppositae,
996 581 1092 639 hic
1135 580 1563 641 distinctionem
1603 581 1856 657 faciunt;
1900 578 2059 657 quod
2096 597 2215 636 non
2256 574 2504 636 occurrit
2544 575 2605 633 in
2648 576 2909 635 Paterni-

503 670 640 736 tate,
672 670 731 720 et
762 661 1103 739 Spiratione.

787 799 798 812 ,
1111 740 1265 800 XX.
1313 739 1598 818 Secunde,
1629 739 1924 799 distinctio
1951 736 2246 814 colligitur
2272 756 2345 794 ex
2381 735 2656 812 operam
2702 735 2906 794 Perso-

519 798 566 844 2.
589 799 648 844 In
660 802 890 903 ζξξζζδω
911 802 972 846 ad
1025 840 1251 879 narum.
1336 821 1486 878 Nam
1513 820 1650 878 licet
1678 839 1852 897 opera
1879 817 1955 876 ad
1982 825 2148 876 extra
2186 815 2439 874 indivisa
2466 815 2599 891 sint,
2647 823 2707 874 et
2750 835 2908 874 com·

1025 900 1221 957 munia
1248 919 1324 958 ex
1351 920 1516 976 aequo
1547 900 1793 976 singulis
1824 896 2111 970 Personis,
2142 904 2263 954 tum
2294 915 2369 953 ex
2412 903 2574 972 parte
2620 895 2904 972 principii,

497 983 623 1035 tum
651 995 728 1036 ex
753 986 916 1054 parte
945 979 1405 1056 apotelesmatis;
1437 979 1634 1038 ordine
1662 987 1871 1053 tamen,
1897 984 1956 1035 et
1983 975 2229 1034 terminis
2257 973 2708 1052 distinguuntur.
2756 975 2907 1034 Nam

498 1056 640 1115 ordo
669 1057 943 1134 operandi
992 1059 1252 1135 sequitur
1278 1058 1537 1118 ordinem
1567 1056 1952 1133 subsistendi;
1996 1063 2063 1115 ut
2090 1075 2229 1132 ergo
2258 1055 2435 1113 Pater
2476 1075 2511 1112 a
2558 1055 2750 1131 seipso
2798 1061 2903 1131 est,

495 1135 580 1194 ita
606 1156 640 1194 a
669 1137 857 1213 seipso
887 1147 1191 1214 operatur;
1220 1146 1286 1197 ut
1317 1138 1502 1197 Filius
1530 1147 1620 1197 est
1647 1159 1683 1196 a
1712 1138 1901 1213 Patre,
1934 1135 2017 1195 sic
2045 1155 2081 1194 a
2116 1135 2287 1194 Patre
2316 1143 2599 1211 operatur,
2632 1152 2747 1211 quo
2774 1154 2902 1211 per-

494 1215 683 1274 tinent
711 1216 824 1274 ista
853 1217 1084 1291 Christi,
1117 1218 1160 1277 J
1163 1238 1291 1277 oan.
1321 1237 1379 1276 v.
1414 1220 1505 1294 19,
1536 1218 1723 1276 Filius
1748 1239 1861 1276 non
1894 1225 2081 1293 potest
2106 1235 2144 1273 a
2168 1215 2457 1290 semanimo
2500 1215 2749 1291 operari,
2796 1215 2909 1272 nisi

491 1295 696 1352 viderit
719 1297 954 1354 Patrem
981 1307 1322 1372 operantem.
1411 1299 1494 1358 Ut
1545 1297 1796 1375 Spiritus
1843 1298 2091 1356 Sanctus
2135 1304 2222 1354 est
2266 1295 2341 1352 ab
2384 1303 2647 1372 utroque,
2699 1293 2779 1353 ita
2827 1293 2902 1352 ab

489 1381 735 1451 utroque
763 1383 1049 1451 operatur.
1117 1378 1391 1436 Ter-minis
1417 1379 1592 1437 etiam
1619 1377 1909 1452 differunt,
1942 1375 2171 1454 quoties
2198 1374 2453 1452 operatio
2482 1374 2677 1451 aliqua
2700 1374 2903 1432 divina

489 1452 566 1511 ad
594 1454 848 1531 aliquam
878 1455 1192 1514 Personam
1219 1459 1578 1517 terminatur.
1668 1457 1765 1516 Sic
1790 1475 1911 1516 vox
1937 1457 2012 1515 de
2041 1454 2187 1514 coelo
2216 1454 2413 1524 audita
2459 1454 2798 1514 terminatur
2824 1453 2903 1512 ad

491 1532 740 1610 Patrem,
765 1534 1098 1595 Incarnatio
1126 1537 1467 1597 terminatur
1491 1537 1569 1596 ad
1597 1537 1832 1614 Filium,
1864 1545 1922 1596 et
1950 1535 2232 1615 apparitio
2262 1534 2370 1594 sub
2400 1534 2589 1612 specie
2616 1532 2899 1592 columbae

489 1611 566 1670 ad
603 1613 879 1691 Spiritum
913 1616 1208 1676 Sanctum.
1561 1619 1567 1624 ’

1296 1857 1687 1934 QUAESTIO
1730 1857 2052 1917 XXVIII.

1395 2037 1476 2076 DE
1517 2035 1778 2076 DI-:rrA'rE
1820 2036 1981 2077 ran.

595 2173 692 2254 An
719 2175 903 2232 Filius
931 2176 1004 2234 sit
1021 2195 1185 2236 verus
1213 2186 1267 2235 et
1291 2183 1530 2236 oeternus
1558 2180 1735 2254 Deus,
1766 2177 2134 2237 coessentialis
2160 2183 2215 2234 et
2238 2184 2545 2234 coaeternus
2572 2175 2745 2234 Patra·
2761 2177 2790 2234 ‚¹

1401 2255 1522 2317 Aff.
1555 2267 1757 2317 contra
1788 2257 1981 2316 Socin.

566 2411 615 2470 Ι.
660 2413 746 2472 Ut
795 2413 1013 2472 Divina
1058 2415 1340 2492 Majestas
1383 2423 1444 2476 et
1485 2416 1691 2476 Gloria
1748 2415 1885 2474 Filii
1938 2415 2046 2474 Dei
2094 2413 2498 2491 Redemptoris
2552 2413 2733 2472 nostri
2788 2412 2889 2471 ad-

481 2510 687 2551 versus
735 2493 1236 2570 pestilentissimos
1283 2496 1602 2570 haereticos,
1645 2496 1749 2573 qui
1792 2515 1919 2554 eam
1956 2494 2282 2554 execranda
2328 2494 2619 2570 impietate
2667 2512 2888 2570 oppug-

480 2579 680 2630 natum
726 2581 880 2648 eunt,
912 2582 1217 2651 asseratur,
1261 2575 1610 2649 Quaestionis
1637 2585 1823 2635 status
1850 2575 1959 2635 rite
1987 2573 2271 2636 tenendus
2314 2580 2419 2648 est,
2458 2579 2531 2631 ut
2578 2591 2707 2650 quae
2752 2579 2889 2631 sunt

479 2650 720 2723 ἔξιγᾶηι
747 2659 807 2711 et
834 2672 949 2711 non
978 2664 1350 2713 controversa
1387 2675 1422 2713 a
1449 2656 1836 2715 controversis
1883 2663 2270 2731 secernantur,
2318 2662 2376 2711 et
2412 2652 2663 2731 genuina
2690 2672 2888 2711 eorum

481 2731 783 2804 sententia,
831 2751 1003 2807 quam
1053 2734 1248 2792 verbis
1290 2735 1580 2812 ambiguis
1607 2755 1760 2813 saepe
1788 2736 2060 2813 obtegere
2090 2735 2294 2810 solent,
2335 2741 2401 2791 ut
2444 2731 2888 2810 simplicioribus

481 2808 794 2887 imponant,
827 2810 1306 2889 deprehendatur.

1086 2892 1170 2950 ΙΙ.
1215 2893 1348 2951 Non
1376 2894 1685 2971 quaeritur3
1732 2893 1831 2952 An
1882 2894 2069 2953 Filius
2114 2893 2189 2953 sit
2238 2894 2495 2951 Persona
2544 2891 2776 2966 Divina,
2827 2899 2889 2950 et

1004 2970 1105 3029 An
1131 2972 1318 3048 possit
1345 2974 1539 3033 vocari
1571 2975 1770 3050 Deus3
1813 2975 1925 3034 hoc
1954 2974 2107 3033 enim
2154 2973 2497 3051 profitentur
2546 2990 2606 3029 se
2654 2970 2887 3029 credere

1004 3050 1362 3129 Adversarii,
1403 3053 1555 3112 unde
1598 3054 1877 3113 Smalcius
1922 3060 2231 3113 tractatum
2276 3051 2412 3111 fecit
2457 3051 2533 3109 de
2576 3050 2885 3109 Divinitate

483 3129 710 3204 Christi,
742 3138 800 3189 et
827 3130 900 3189 de
933 3130 1154 3194 Ohmlsto
1181 3152 1314 3190 vero
1341 3140 1396 3191 et
1420 3135 1680 3192 naturali
1702 3136 1821 3192 Dei
1836 3134 2004 3210 Filio,
2037 3141 2096 3192 et
2122 3132 2322 3191 contra
2372 3131 2599 3188 Franzi.
2646 3130 2793 3207 disp.
2842 3130 2881 3189 i.

477 3228 534 3287 p.
567 3210 620 3283 5,
665 3211 894 3286 Filium,
926 3210 1130 3287 inquit,
1177 3213 1489 3271 Personam
1529 3234 1642 3271 esse
1680 3235 1792 3272 non
1832 3214 2147 3289 diffitemur,
2178 3230 2410 3288 eamque
2438 3211 2726 3283 Divinam,
2772 3207 2881 3268 810.

481 3288 562 3347 Et
587 3290 822 3348 socium
849 3299 1048 3348 contra
1075 3290 1272 3349 Wick.
1303 3312 1426 3370 cap.
1456 3312 1514 3351 v.
1543 3294 1801 3351 Dicimus
1828 3296 2125 3352 concedere
2170 3312 2271 3351 nos
2303 3291 2585 3351 Christum
2626 3310 2740 3348 esse
2780 3310 2882 3347 na-

479 3372 720 3427 turalem
749 3370 866 3427 Dei
891 3370 1115 3428 Filium.
1151 3370 1246 3429 Sic
1275 3390 1426 3449 saepe
1475 3391 1544 3430 ea
1594 3372 1824 3432 Christo
1867 3372 2146 3446 tribuunt,
2194 3390 2323 3448 quae
2370 3370 2643 3428 videntur
2684 3388 2883 3427 veram

479 3448 607 3525 ejus
639 3448 1016 3507 Divinitatem
1043 3468 1302 3526 arguere.
1351 3452 1414 3509 Si
1439 3460 1635 3510 tamen
1661 3452 1914 3529 penitius
1940 3452 2002 3509 in
2032 3470 2263 3509 sensum
2292 3470 2490 3509 eorum
2518 3448 2879 3524 inquirimuS,

478 3527 646 3587 facile
674 3528 896 3607 patebit
921 3528 1102 3587 verba
1127 3536 1352 3588 tantum
1379 3550 1506 3590 esse
1535 3540 1797 3595 etzvoces
1824 3531 1899 3589 ad
1926 3531 2119 3589 fucum
2149 3530 2473 3589 faciendum
2502 3524 2881 3603 eitcogitatas,

477 3615 545 3666 ut
571 3608 878 3668 videantur
903 3607 965 3666 in
992 3608 1262 3685 primario
1293 3609 1624 3687 Religionis·
1647 3610 1988 3670 Christianae
2016 3610 2203 3686 capite
2230 3608 2307 3667 ad
2348 3628 2457 3667 nos
2490 3606 2779 3681 accedere,
2810 3608 2879 3664 li-

479 3696 572 3745 cet
596 3688 786 3765 reipsa
812 3708 986 3766 quam
1011 3688 1350 3765 longissime
1378 3689 1610 3767 distent,
1696 3690 1845 3749 Nam
1873 3688 2151 3768 quicquid
2178 3688 2249 3746 de
2280 3689 2508 3747 Christo
2546 3686 2880 3763 praedicent,

479 3775 697 3825 certum
727 3776 814 3827 est
843 3788 942 3827 eos
969 3787 1088 3827 non
1113 3768 1268 3827 ultra
1293 3768 1602 3828 humanam
1619 3770 1761 3849 ejus
1786 3778 2051 3829 naturam
2078 3788 2399 3845 assurgere,
2430 3777 2490 3826 et
2516 3766 2883 3825 divinitatem

479 3853 702 3903 tantum
747 3847 1061 3922 precariam
1105 3854 1164 3905 et
1208 3846 1640 3925 dependentem'
1656 3872 1667 3879 ·
1682 3846 1770 3925 illi
1818 3849 2160 3924 adscribere,
2210 3854 2477 3924 respectu
2522 3846 2883 3905 miraculosae

481 3942 598 3981 suae
629 3926 1016 4001 conceptionis
1044 3934 1103 3985 et
1133 3926 1487 4002 Divinitatis,
1518 3928 1616 3987 vel
1679 3947 1681 3949 ’
1776 3936 1907 3987 ectu
1932 3929 2187 3987 muneris
2214 3926 2373 4004 quod
2414 3926 2503 3984 illi
2548 3925 2882 4001 impositum

477 4002 588 4061 fuit
611 4024 624 4076 ;
657 4002 760 4061 sed
779 4023 908 4079 quse
929 4006 1006 4063 ad
1025 4006 1280 4079 ὅμοουο-ιάι
1297 4026 1425 4063 cum
1445 4007 1616 4065 Patre
1633 4028 1673 4064 n
1774 4072 1779 4082 Ι
1829 4008 2058 4084 feratur,
2080 4008 2179 4085 qui
2198 4016 2287 4066 est
2314 4004 2661 4081 Quaestionis
2690 4004 2881 4062 cardo,

563 4082 682 4139 ΙΙΙ.
729 4080 812 4139 Ut
839 4102 977 4159 ergo
1006 4084 1172 4143 fucus
1189 4085 1376 4143 omnis
1403 4085 1520 4144 illis
1546 4086 1898 4161 detrahatur,
1944 4087 2200 4162 Quaestio
2242 4105 2357 4144 non
2400 4084 2627 4161 concipi
2667 4082 2878 4158 debet;

481 4160 581 4219 An
611 4160 798 4219 Filius
827 4161 903 4219 sit
931 4162 1126 4237 Deus;
1171 4164 1290 4237 sed,
1321 4163 1422 4222 An
1451 4165 1526 4223 sit
1553 4184 1729 4223 verus
1756 4175 1815 4225 et
1841 4175 2089 4225 aeternus
2120 4168 2281 4226 Deus
2328 4164 2489 4223 Patri
2532 4161 2879 4221 coessentia-

475 4240 569 4299 lis.
653 4240 802 4315 Non,
835 4239 936 4298 An
962 4241 1146 4319 possit
1172 4241 1288 4301 dici
1315 4244 1594 4303 naturalis
1621 4244 1735 4303 Dei
1764 4246 1950 4305 Filius
1977 4246 2229 4323 quodam
2258 4264 2447 4318 sensu,
2480 4242 2581 4321 qui
2608 4242 2881 4301 divinita·

476 4328 596 4378 tem
621 4320 936 4396 precariam
963 4328 1022 4379 et
1043 4320 1461 4398 dependentem
1481 4324 1556 4382 ab
1577 4344 1645 4382 eo
1666 4324 1948 4400 habuerit,
1968 4326 2189 4385 ratione
2206 4322 2878 4403 praeemt‘nentiae,.autho-

476 4400 678 4471 ritatis,
711 4400 946 4457 dominii
967 4410 1022 4458 et
1045 4401 1306 4459 muneris.
1395 4402 1526 4479 Sed,
1561 4403 1661 4461 An
1690 4404 1764 4463 sit
1790 4406 2057 4482 proprius
2084 4406 2289 4478 Filius,
2337 4404 2439 4481 qui
2486 4401 2729 4461 eandem
2771 4420 2877 4459 nu-

475 4497 634 4537 mero
664 4479 992 4538 Essentiam
1021 4500 1152 4539 cum
1175 4480 1360 4557 Patre,
1393 4503 1508 4542 non
1537 4484 1597 4541 in
1625 4492 1898 4561 tempore,
1930 4485 2033 4543 sed
2062 4485 2135 4543 ab
2164 4494 2379 4543 aeterno
2406 4503 2509 4560 per
2528 4480 2879 4539 ineffabilem

475 4558 904 4635 generationem
932 4560 1005 4619 ab
1032 4580 1103 4619 eo
1129 4562 1432 4638 acceperit.
1515 4563 1686 4639 Quod
1716 4564 2007 4623 Sociniani
2036 4584 2167 4625 cum
2195 4563 2492 4624 veteribus
2522 4561 2761 4620 Arianis
2778 4580 2880 4620 ne·

547 2954 717 3001 Status
739 2954 898 3004 Quas-

637 3013 804 3057 tionis.
