3300 5225
498 352 618 408 428
1447 361 1631 403 Locus
1660 360 1933 411 QUINTUS.
2477 340 2740 422 [qums-r.
2772 360 2903 401 xm.

493 526 703 582 causa3
745 524 854 565 nec
881 522 974 563 res
1003 522 1275 581 corporea
1301 510 1363 563 et
1387 500 1754 561 elementaris
1780 509 1973 579 potest
2000 501 2217 561 elevari
2243 500 2319 559 ad
2347 500 2703 578 spiritualem
2730 509 2793 560 et
2810 520 2901 559 ra-

494 586 770 646 tionalem
796 582 1242 660 producendam.
1326 581 1476 656 Quia
1515 581 1566 641 si
1601 588 1911 658 generatur
1938 600 2014 639 ex
2042 580 2275 654 semine,
2306 600 2439 638 cum
2468 580 2687 639 semine
2730 580 2904 639 etiam

497 673 910 741 corrumpetur.
995 661 1143 735 Quia
1170 661 1254 721 sic
1281 660 1435 719 idem
1463 661 1572 721 erit
1599 669 1761 719 ortus
1795 653 2095 719 'hominum
2122 668 2181 718 et
2206 660 2523 733 brutorum,
2554 669 2613 718 et
2638 679 2743 737 per
2768 679 2903 717 con-

499 763 746 820 sequens
763 742 918 801 idem
937 741 1221 801 interitus.
1266 740 1398 799 Non
1413 742 1701 815 secundus,
1721 759 1937 815 eorum,
1957 739 2057 817 qui
2074 739 2278 798 volunt
2294 739 2544 797 animam
2560 738 2667 796 filii
2688 758 2815 797 esse
2832 738 2907 795 ab

499 824 693 882 anima
718 822 917 900 patris,
945 820 1120 878 modo
1146 819 1642 897 imperscrutabili,
1674 828 1731 878 ct
1758 818 1928 877 nobis
1955 818 2251 895 incognito
2274 840 2288 893 3
2335 817 2485 892 Quia
2508 817 2620 875 hoc
2650 817 2907 895 implicat

499 923 623 961 rem
651 902 844 979 potius
871 918 1044 977 quam
1063 900 1350 976 explicat:
1395 899 1545 957 Nam
1564 899 1754 973 Pater,
1779 897 1877 956 vel
1904 897 2171 974 producit
2197 897 2443 955 animam
2472 896 2581 955 filii
2606 916 2683 954 ex
2710 896 2906 972 aliqua

501 1002 564 1041 re
592 980 1017 1059 praeexistente,
1048 978 1147 1037 vel
1173 998 1250 1036 ex
1276 978 1470 1053 nulla;
1516 978 1648 1036 Non
1676 998 1753 1035 ex
1778 977 1955 1052 nulla,
1988 977 2125 1053 quia
2153 976 2235 1035 sic
2270 984 2505 1051 crearet,
2539 976 2672 1035 Non
2700 994 2776 1033 ex
2802 975 2907 1032 ali-

503 1080 636 1139 qua,
667 1060 802 1136 quia
829 1059 926 1117 vel
953 1064 1108 1117 esset
1148 1076 1422 1133 corporea
1462 1057 1699 1116 seminis
1740 1055 2078 1131 substantia,
2108 1055 2267 1132 quod
2284 1056 2411 1132 jam
2446 1055 2571 1113 fieri
2597 1074 2715 1114 non
2740 1074 2910 1132 posse

500 1140 825 1217 probatum,
855 1137 954 1195 vel
999 1144 1154 1195 esset
1201 1135 1514 1212 spiritualis
1558 1135 1826 1212 quaedam
1869 1136 2074 1193 animae
2120 1134 2458 1210 substantia,
2499 1133 2657 1211 quod
2700 1134 2909 1194 iterum

503 1218 620 1277 dici
647 1217 850 1294 nequit
871 1238 886 1292 ;
938 1216 1088 1274 Tum
1117 1214 1254 1291 quia
1281 1214 1594 1291 spiritualis
1621 1214 1726 1273 illa
1752 1214 2091 1289 substantia,
2122 1214 2218 1273 vel
2244 1214 2312 1273 fit
2338 1234 2414 1272 ex
2442 1222 2565 1272 tota
2588 1214 2783 1271 anima
2808 1233 2907 1291 pa-

501 1297 625 1371 tris,
657 1297 754 1355 vel
781 1315 858 1355 ex
884 1304 1046 1372 parte
1072 1302 1332 1370 tantum3
1377 1294 1508 1353 Non
1538 1313 1614 1351 ex
1639 1302 1780 1368 tota,
1811 1294 1948 1370 quia
1976 1294 2059 1353 sic
2096 1294 2287 1351 anima
2314 1292 2492 1370 patris
2520 1301 2905 1368 evanesceret,

500 1384 564 1435 et
589 1376 650 1434 in
679 1374 976 1453 spirituale
1017 1372 1164 1431 illud
1192 1391 1388 1431 semen
1415 1382 1884 1448 converteretur3
1940 1391 2061 1431 non
2104 1392 2179 1430 ex
2205 1382 2386 1449 parte,
2416 1373 2554 1449 quia
2594 1372 2679 1431 sic
2719 1372 2910 1431 anima

503 1455 686 1534 patris
713 1462 868 1515 esset
895 1452 1206 1511 divisibilis
1233 1452 1295 1510 in
1321 1460 1548 1529 partes3
1593 1451 1745 1511 Tum
1772 1452 1910 1528 quia
1935 1450 2259 1511 substantia
2284 1451 2403 1525 illa,
2432 1452 2531 1509 vel
2558 1460 2649 1510 est
2675 1471 2905 1528 corrup-

504 1534 704 1609 tibilis,
735 1542 795 1593 et
821 1532 971 1610 perit
997 1551 1066 1592 eo
1093 1531 1348 1605 instanti,
1369 1550 1484 1607 quo
1511 1530 1705 1589 anima
1725 1529 2100 1609 producitur;
2144 1530 2247 1589 sed
2275 1528 2357 1590 ita
2382 1549 2498 1589 non
2526 1532 2635 1590 erit
2663 1532 2909 1609 amplius

505 1611 830 1672 substantia
857 1610 1204 1688 spiritualis3
1235 1610 1332 1668 vel
1351 1610 1821 1687 incorruptibilia,
1851 1619 1911 1669 et
1938 1611 2021 1667 sic
2050 1618 2321 1686 sequetur
2348 1609 2473 1669 dari
2501 1610 2647 1669 duos
2675 1610 2909 1688 spiritus

506 1692 570 1751 in
596 1692 830 1751 homine
857 1690 1072 1769 genito,
1101 1688 1352 1748 animam
1381 1688 1505 1765 filii,
1547 1698 1606 1749 et
1647 1689 2029 1749 substantiam
2070 1689 2443 1768 spiritualem,
2474 1710 2551 1748 ex
2578 1709 2694 1766 qua
2720 1690 2913 1748 anima

504 1771 789 1849 producta
815 1778 905 1829 est
929 1792 945 1830 2
988 1767 1162 1827 Adde
1190 1767 1348 1846 quod
1373 1778 1594 1827 naturae
1623 1768 1859 1827 seminis
1885 1777 2171 1846 repugnat
2196 1778 2330 1846 post
2356 1768 2442 1828 rei
2482 1770 2911 1846 generationem

507 1870 757 1926 manere,
789 1849 928 1925 quia
953 1848 1125 1906 debet
1151 1848 1522 1907 transmutari
1548 1848 1609 1905 in
1637 1868 1760 1907 rem
1794 1868 1871 1907 ex
1898 1848 2115 1907 semine
2144 1856 2346 1907 ortam,

591 1930 712 1988 IX.
757 1929 891 1987 Non
938 1927 1173 2002 Tertius,
1205 1926 1472 2003 quamvis
1521 1927 1745 1986 caeteris
1793 1927 2147 1987 commodior
2172 1927 2455 2003 videatur,
2486 1946 2603 2005 quo
2645 1948 2763 1987 non
2808 1947 2914 2007 per

507 2008 932 2081 alienationem,
963 2006 1068 2066 sed
1093 2026 1197 2083 per
1222 2005 1797 2065 communicationem
1824 2006 2051 2065 traduci
2072 2006 2299 2082 dicitur,
2322 2015 2391 2067 ut
2408 2026 2587 2085 quum
2614 2007 2812 2066 lumen
2839 2006 2913 2067 de

505 2088 724 2150 lumine
771 2085 1119 2162 accenditur,
1173 2085 1296 2145 sine
1342 2086 1466 2144 ulla
1511 2086 1751 2145 alterius
1798 2085 2102 2146 divisione.
2189 2089 2241 2147 1.
2287 2086 2436 2160 Quia
2470 2087 2913 2146 communicatio

507 2187 638 2245 quoe
679 2166 746 2225 fit
785 2166 958 2226 unius
999 2164 1375 2242 ejusdemque
1415 2165 1500 2225 rei
1538 2165 1757 2241 absque
1794 2166 2139 2227 alienatione
2165 2165 2359 2225 locum
2386 2174 2609 2225 tantum
2636 2165 2813 2225 habet
2852 2167 2915 2223 in

509 2248 762 2307 essentia
787 2244 1028 2320 infinita,
1061 2244 1164 2302 sed
1191 2264 1308 2302 non
1349 2244 1410 2301 in
1437 2244 1617 2319 finita,
1661 2244 1723 2302 in
1751 2264 1867 2323 qua
1892 2245 2094 2305 eadem
2122 2246 2374 2305 essentia
2400 2264 2639 2305 numero
2666 2265 2785 2304 non
2810 2266 2914 2323 po-

507 2335 624 2386 test
651 2325 817 2385 alteri
844 2324 1272 2398 communicari,
1305 2323 1408 2382 sed
1436 2324 1641 2383 similis
1668 2332 1895 2383 tantum
1922 2323 2274 2402 producitur.
2332 2329 2389 2385 2.
2421 2325 2637 2383 Anima
2662 2324 2770 2383 filii
2795 2345 2914 2384 non

505 2414 699 2483 potest
717 2404 960 2483 produci
977 2404 1052 2463 ab
1079 2404 1273 2462 anima
1297 2404 1494 2479 patris,
1525 2422 1633 2461 nec
1656 2405 2019 2479 terminative,
2051 2406 2191 2481 quia
2214 2404 2493 2463 terminus
2520 2425 2556 2462 a
2582 2424 2716 2481 quo,
2744 2404 2911 2481 perit,

505 2485 788 2563 producto
813 2482 1060 2543 termino
1087 2483 1163 2541 ad
1183 2502 1388 2559 quem3
1419 2503 1526 2541 nec
1555 2484 1801 2559 dect'm‘ve,
1834 2484 1969 2561 quia
1996 2484 2187 2542 anima
2214 2492 2303 2543 est
2321 2484 2613 2565 ἇμὲςιποςς
2655 2504 2761 2541 nec
2782 2504 2915 2542 con·

506 2566 762 2640 stiantius,
792 2563 931 2640 quia
957 2563 1151 2622 anima
1175 2562 1358 2640 patris
1383 2582 1501 2622 non
1527 2571 1618 2622 est
1643 2583 1779 2640 pars
1806 2563 2183 2623 constitutiva
2210 2563 2415 2622 animae
2442 2564 2565 2624 filii.
2608 2566 2663 2623 3.
2696 2562 2912 2623 Simili-

508 2644 654 2704 tudo
692 2643 929 2702 luminis
971 2642 1160 2700 aliena
1201 2651 1306 2716 est,
1351 2662 1503 2718 nam,
1533 2651 1917 2720 praeterquam
1959 2643 2115 2721 quod
2162 2644 2260 2702 hic
2300 2643 2535 2702 flamma
2572 2651 2631 2703 et
2674 2642 2919 2702 candela

510 2731 646 2783 sunt
675 2723 1012 2782 substantive
1041 2741 1346 2798 corporeae,
1370 2721 1472 2788 ,hic
1500 2741 1640 2781 vero
1669 2723 1863 2800 agitur
1889 2722 1962 2781 de
1992 2722 2277 2799 spirituali
2293 2745 2309 2798 ς
2328 2779 2333 2782 ,
2352 2733 2572 2782 certum
2606 2731 2696 2781 est
2720 2722 2918 2780 lumen

505 2803 678 2862 educi
705 2802 778 2862 de
803 2802 1064 2880 potentia
1101 2801 1373 2875 materiae,
1404 2820 1512 2860 nec
1550 2821 1722 2878 posse
1756 2802 1992 2860 accendi
2035 2802 2159 2860 sine
2187 2801 2476 2861 decisione
2503 2802 2915 2880 particularum

506 2881 824 2959 ignearum,
848 2901 979 2958 quse
1006 2881 1474 2940 transmittuntur
1500 2900 1536 2939 a
1562 2881 1688 2939 face
1717 2900 1957 2940 accensa
1985 2880 2061 2940 ad
2088 2881 2419 2957 extinctam,
2442 2881 2600 2959 quod
2628 2882 2701 2940 de
2728 2881 2921 2939 anima

509 2961 626 3020 dici
652 2961 870 3038 nequit.

590 3040 676 3100 X.
721 3041 866 3099 Cum
895 3057 1035 3114 ergo
1063 3039 1348 3098 sententia
1375 3037 1446 3098 de
1475 3038 1713 3099 traduce
1742 3039 2239 3100 inextricabilibus
2264 3041 2489 3099 laboret
2516 3038 2911 3115 incommodis,

506 3139 616 3178 nee
644 3120 766 3177 ulla
791 3118 938 3177 ratio
965 3117 1199 3176 aliunde
1225 3137 1334 3177 nos
1361 3129 1533 3195 cogat
1561 3118 1720 3178 illam
1754 3118 2092 3197 admittere3
2136 3121 2309 3178 aliam
2339 3121 2410 3179 de
2442 3119 2760 3194 Orestione,
2790 3128 2915 3178 tan-

507 3218 682 3276 quam
715 3197 1023 3274 Scripturas
1051 3206 1110 3256 et
1147 3205 1318 3255 rectae
1346 3197 1554 3257 rationi
1580 3199 1768 3277 magis
1796 3207 2239 3259 consentaneam
2266 3201 2471 3259 merito
2500 3198 2913 3276 amplectimur,

505 3297 545 3336 a
579 3297 695 3354 qua
723 3276 1107 3353 Philosophos
1148 3277 1306 3352 ipsos
1351 3276 1615 3337 Gentiles
1652 3279 1957 3356 plerosque
2001 3298 2117 3337 non
2163 3280 2383 3338 alienos
2426 3279 2603 3338 fuisse
2647 3285 2905 3354 constat3

510 3356 668 3416 Hinc
695 3356 798 3414 illa
825 3357 1148 3415 Zoroastris
1175 3356 1330 3434 apud
1359 3356 1624 3416 Ficinum
1650 3358 1754 3418 lib.
1784 3379 1845 3418 x.
1876 3357 1949 3418 de
1976 3359 2403 3418 immortalitate
2430 3359 2787 3418 animarum:
2898 3397 2905 3402 -

953 3518 1054 3596 Χςὸ
1082 3513 1300 3576 enham
1326 3541 1380 3574 n
1399 3522 1518 3597 πςὶς
1545 3521 1600 3577 τὶ
1628 3523 1771 3587 Φεὰς.
1802 3523 1893 3576 καὶ
1920 3523 2040 3598 πςὶς
2068 3524 2257 3597 τότ-εὶς
2284 3521 2451 3589 αὐγὰς

923 3595 1089 3656 ”Evou
1118 3597 1331 3672 ὖτὲμφθη
1359 3603 1434 3656 πὶ
1459 3596 1611 3674 ψυχὲ
1641 3599 1799 3656 πολὺν
1824 3599 2055 3673 ἑσσαμένη
2086 3605 2201 3656 νοῦν.

513 3755 594 3816 Et
633 3755 746 3814 ista
773 3754 1086 3814 Aristotelis
1122 3755 1227 3814 lib.
1270 3756 1330 3816 ii.
1373 3755 1445 3814 de
1489 3757 1702 3816 Gener.
1734 3757 1941 3816 anima.
1973 3776 2097 3833 cap.
2134 3758 2188 3832 3,
2230 3756 2443 3834 quibus
2484 3755 2690 3814 asserit
2716 3761 2796 3812 τὶν
2824 3761 2919 3812 νοῦν

512 3833 700 3915 Magada
727 3836 989 3909 ἔπι-πισύνω,
1019 3839 1109 3894 καὶ
1145 3838 1280 3894 θεῖοι
1307 3841 1421 3894 sinu
1456 3842 1609 3912 μὸνου.
1696 3837 1777 3895 Et
1814 3837 1939 3895 haee
1983 3836 2275 3895 Ciceronis
2318 3836 2552 3895 Tuscul.
2596 3835 2635 3893 i.
2672 3843 2737 3894 ut
2774 3833 2921 3892 alios

511 3934 666 3973 nunc
714 3915 1027 3974 mittamus.
1114 3917 1150 3949 ‘⁴
1172 3914 1517 3973 Animarum
1564 3915 1785 3991 nulla‚”
1832 3915 2037 3993 inquit,
2092 3917 2129 3948 ‘⁴
2150 3916 2211 3972 in
2258 3915 2427 3975 terris
2468 3915 2632 3991 origo
2674 3912 2921 3971 inveniri

513 4000 722 4070 potest,
753 3993 899 4051 nihil
940 3993 1095 4050 enim
1135 4003 1226 4052 est
1265 3994 1328 4051 in
1369 3995 1575 4053 animis
1619 3995 1867 4054 mixtum
1912 4003 2085 4071 atque
2126 4003 2474 4070 concretum,
2520 4003 2620 4053 aut
2646 3993 2804 4070 quod
2846 4012 2921 4050 ex

513 4081 668 4132 terra
687 4079 902 4146 natum,
934 4080 1107 4148 atque
1127 4071 1326 4130 fictum
1347 4091 1474 4130 esse
1495 4071 1819 4148 videatur‚'’
1845 4071 1953 4135 ὅπα.
2015 4077 2052 4107 “
2072 4073 2165 4133 Ita
2184 4072 2461 4151 quicquid
2482 4081 2571 4133 est
2597 4072 2745 4132 illud
2765 4070 2922 4148 quod

513 4150 705 4225 sentit,
735 4149 894 4226 quod
929 4151 1095 4226 sapit,
1126 4150 1283 4226 quod
1309 4151 1454 4226 vult,
1483 4150 1641 4228 quod
1668 4152 1848 4228 viget,
1878 4153 2111 4212 coeleste
2140 4163 2199 4212 et
2226 4153 2489 4213 divinum
2516 4161 2622 4229 est,
2664 4153 2739 4211 ob
2769 4171 2921 4210 eam-

514 4249 630 4308 que
656 4246 778 4286 rem
807 4237 1084 4288 aeternum
1111 4229 1188 4287 sit
1213 4249 1448 4288 necesse
1476 4231 1622 4290 est.''

1117 4308 1238 4367 XI.
1284 4309 1444 4368 Deus
1470 4309 1683 4369 dicitur
1708 4309 2000 4388 quievisse
2027 4313 2101 4371 ab
2130 4313 2288 4370 omni
2325 4331 2497 4390 opere
2526 4331 2647 4387 suo,
2682 4309 2921 4378 Gemii.

1037 4389 1092 4462 2,
1123 4406 1241 4445 non
1268 4389 1529 4448 vacando
1556 4391 1630 4450 ab
1658 4389 2155 4452 administratione
2180 4412 2391 4466 rerum,
2436 4392 2543 4450 sed
2580 4390 2862 4449 cessando
2888 4407 2923 4446 a

1037 4467 1324 4526 creatione
1393 4489 1675 4529 novarum
1732 4471 2067 4548 specierum,
2124 4471 2223 4530 vel
2276 4470 2727 4544 individuorum,
2792 4488 2923 4546 quoe

517 4554 712 4606 essent
743 4544 1022 4625 principia
1061 4565 1342 4606 novarum
1368 4549 1721 4626 specierum3
1764 4557 1831 4608 ut
1856 4561 2127 4628 operatur
2152 4571 2335 4629 usque
2362 4571 2535 4624 nunc,
2565 4549 2610 4609 J
2611 4550 2708 4607 oh.
2737 4568 2795 4607 v.
2830 4550 2923 4622 17,

517 4627 810 4686 institutas
828 4632 1064 4687 naturas
1085 4626 1556 4706 administrando,
1579 4638 1639 4688 et
1658 4628 2097 4707 multiplicando
2113 4631 2269 4708 quod
2284 4631 2409 4708 jam
2430 4638 2571 4705 erat,
2592 4648 2709 4689 non
2730 4635 2925 4686 autem

587 4373 768 4420 Fontes
790 4372 922 4418 Solu-

657 4431 860 4476 tionum.
