3300 5225
576 355 694 414 586
1528 366 1717 408 Locus
1746 364 1959 407 nonus-
2570 342 2836 426 [eumer.
2869 365 3012 406 xrv.

574 513 721 572 dunt
748 521 809 572 et
834 517 1155 589 sequuntur
1194 509 1271 570 ad
1296 518 1541 587 tempus,
1571 509 1670 570 vel
1695 517 1974 586 tanquam
2012 507 2230 568 bonum
2271 505 2510 585 aliquod
2542 507 2896 585 jucundum,
2945 517 3014 568 et

574 592 934 668 delectabile,
965 591 1125 669 quod
1150 591 1248 650 vel
1274 591 1551 665 novitate,
1582 590 1681 649 vel
1709 589 2013 664 suavitate,
2043 597 2104 648 et
2129 588 2414 664 libertate,
2445 587 2546 648 vel
2569 587 2824 666 quadam
2845 589 3006 666 dog-

574 681 795 733 matum
823 673 1077 749 ipsorum
1106 671 1551 730 admirabilitate
1578 670 1880 730 hominum
1907 671 2132 730 animos
2157 667 2236 728 ad
2275 689 2338 736 se
2377 669 2577 744 allicit,
2621 676 2680 727 et
2713 668 3010 738 inusitata

574 753 822 831 quadam
853 752 1153 829 voluptate
1179 750 1491 829 perfundit,
1536 749 1694 810 unde
1738 750 2011 810 dicuntur
2058 749 2326 828 excipere
2347 747 2608 810 Verbum
2635 751 2768 825 μετὰ
2796 755 2999 830 mis,

577 835 750 894 Matt.
778 833 905 892 xiii.
934 835 1030 908 20,
1062 831 1159 890 vel
1186 831 1503 910 respiciunt
1537 830 1689 889 illud
1713 838 1780 889 ut
1806 831 2026 888 bonum
2051 830 2292 907 aliquod
2329 829 2443 888 sibi
2469 830 2614 888 utile
2646 839 2706 888 et
2731 850 3000 889 commo-

574 913 731 990 dum,
747 912 905 991 quod
930 911 1302 972 memorabile
1329 910 1567 989 aliquod
1594 911 1812 970 bonum
1837 911 1900 968 in
1927 911 2036 968 hac
2064 910 2190 968 vita
2212 910 2356 987 ipsis
2381 917 2576 988 potest
2600 909 2824 969 afferre.
2871 909 3002 969 Sed

571 1014 691 1053 non
740 1000 1053 1070 assurgunt
1096 992 1174 1051 ad
1209 991 1337 1052 veri
1378 1001 1439 1052 et
1481 991 1752 1052 salutaris
1788 990 1927 1050 boni
1963 990 2264 1068 rationem,
2295 990 2454 1068 quod
2491 990 2554 1048 in
2582 990 3002 1050 communione

572 1094 707 1134 cum
737 1075 865 1136 Deo
891 1093 996 1150 per
1022 1072 1387 1134 sanctitatem
1414 1080 1475 1132 et
1511 1081 1786 1132 aeternam
1813 1070 2150 1130 felicitatem
2177 1071 2460 1132 consistit.
2530 1070 2683 1130 Nam
2707 1079 2871 1130 tanta
2901 1079 3002 1130 eet

573 1155 703 1232 ejus
731 1154 987 1214 efficacia
1028 1173 1168 1230 erga
1202 1153 1498 1212 hominem
1524 1172 1690 1212 reum
1717 1160 1776 1211 et
1803 1151 2094 1228 miserum,
2123 1159 2192 1210 ut
2231 1152 2334 1229 qui
2362 1151 2542 1212 semel
2568 1149 2718 1212 illud
2743 1152 2854 1212 snb
2881 1152 3000 1210 tali

572 1233 739 1312 σκέπα
758 1235 867 1294 rite
893 1233 1289 1312 apprehendit,
1312 1253 1431 1292 non
1455 1234 1641 1311 possit
1668 1252 1706 1292 a
1731 1252 1794 1292 se
1819 1231 2144 1311 impetrare,
2168 1231 2311 1310 quin
2335 1231 2484 1292 illud
2511 1231 2708 1293 statim
2735 1231 2996 1310 amplec-

573 1325 748 1392 tatur,
779 1323 839 1375 et
860 1323 1191 1374 constanter
1216 1315 1481 1374 retineat.

571 1434 647 1479 2u
666 1434 935 1481 mmo„
959 1433 1054 1479 De-
1184 1394 1303 1454 IX.
1352 1392 1621 1454 Secundo
1663 1391 1740 1452 ad
1778 1391 1892 1452 hoc
1937 1400 2240 1470 peccatum
2283 1391 2754 1455 constituendum
2792 1392 2994 1470 requi-

632 1495 781 1540 foctio
822 1468 993 1538 totalis
1022 1507 1053 1537 a
1092 1475 1240 1534 ritur
1266 1475 1501 1550 defectio
1530 1475 1716 1534 totale
1743 1494 1784 1532 a
1821 1473 2072 1549 veritate,
2101 1477 2330 1550 ejusque
2369 1474 2652 1534 malitiosa
2683 1474 2908 1549 reiectio
2935 1483 2998 1532 et

634 1553 865 1598 veritate.
1096 1557 1390 1632 abneyatio
1406 1579 1431 1628 ;
1474 1555 1609 1614 Non
1649 1574 1726 1614 ex
1765 1563 1915 1612 metu
1941 1553 2279 1632 simpliciter
2325 1563 2386 1614 et
2425 1553 2614 1614 σαν-πίε
2641 1554 2990 1633 infirmitate,

572 1647 638 1697 ut
691 1637 795 1715 qui
854 1645 1014 1696 metu
1067 1636 1269 1694 mortis
1338 1643 1439 1694 aut
1492 1633 1693 1712 gravis
1747 1634 1997 1711 alicujus
2050 1633 2189 1693 mali
2243 1633 2632 1713 impendentis
2689 1634 2992 1694 Christum

572 1718 841 1794 abnegat,
871 1716 971 1776 vel
1012 1715 1197 1776 Idolis
1224 1715 1359 1776 thus
1400 1713 1611 1790 adolet,
1655 1722 1724 1774 ut
1757 1713 1972 1772 Petrus
2009 1713 2302 1774 Christum
2335 1714 2666 1792 abnegavit,
2713 1723 2774 1777 et
2813 1713 2990 1774 multi

572 1798 635 1856 in
678 1796 865 1856 veteri
913 1796 1181 1856 Ecclesia
1226 1794 1572 1854 deficiebant
1625 1814 1662 1853 a
1703 1792 1837 1869 fide,
1885 1803 1946 1853 et
1991 1795 2166 1854 hodie
2210 1795 2526 1856 etiamnum
2574 1793 2854 1854 deficiunt
2905 1815 2994 1854 ex

568 1885 733 1938 metu
772 1875 1083 1954 perdendae
1109 1875 1247 1936 vitoe
1276 1875 1375 1935 vel
1400 1874 1744 1934 facultatum
1769 1883 1830 1934 et
1869 1873 2222 1952 dignitatum
2249 1876 2461 1953 quibus
2501 1874 2803 1950 fruuntur;
2850 1874 2998 1934 Non

572 1978 647 2017 ex
693 1958 841 2016 lucri
884 1957 1203 2033 cupiditate,
1254 1964 1314 2016 et
1361 1975 1463 2033 spe
1512 1953 1934 2033 consequendae
1986 1955 2250 2016 lautioris
2303 1955 2566 2032 fortunae,
2615 1955 2808 2033 qualis
2865 1955 2988 2014 De·

571 2058 715 2114 mas,
744 2037 847 2115 qui
872 2057 1127 2116 praesene
1156 2035 1415 2096 seculum
1442 2036 1678 2112 amavit,
1724 2044 1783 2094 et
1822 2035 1911 2095 illi
1952 2035 2240 2117 vehemens
2279 2035 2342 2094 in
2369 2036 2582 2114 quibus
2623 2036 2856 2102 fallacia
2895 2035 2988 2094 di-

569 2118 842 2178 vitiarum
870 2125 929 2178 et
958 2117 1287 2178 sollicitudo
1316 2117 1499 2176 seculi
1525 2115 1818 2193 extinguit
1843 2116 2060 2175 bonum
2089 2137 2302 2176 semen.
2361 2117 2640 2191 Quamvis
2667 2116 2824 2176 enim
2851 2135 2990 2193 gra-

568 2199 703 2258 vius
730 2199 964 2258 omnino
985 2207 1228 2276 peccent
1254 2198 1369 2274 isti,
1400 2206 1460 2257 et
1486 2198 1664 2274 longe
1691 2197 1808 2259 sint
1843 2196 2358 2258 inexcusabiliores
2385 2197 2534 2272 aliie,
2563 2196 2666 2274 qui
2705 2215 2782 2256 ex
2821 2205 2992 2256 metu

569 2280 881 2358 abnegant,
909 2287 969 2338 et
994 2279 1233 2358 propius
1252 2277 1531 2338 accedant
1559 2277 1635 2338 ad
1660 2285 1962 2354 peccatum
1990 2275 2063 2336 de
2091 2297 2207 2354 quo
2235 2277 2496 2356 agimus;
2525 2275 2680 2338 unde
2707 2285 2776 2337 ut
2801 2277 2990 2336 rarior

570 2360 720 2420 solet
746 2380 874 2420 esse
924 2379 1121 2420 eorum
1162 2358 1519 2437 poenitentia,
1550 2357 1633 2417 ita
1674 2356 1965 2417 difficilius
2007 2357 2236 2416 veniam
2277 2357 2503 2435 peccati
2543 2356 2636 2417 sui
2675 2356 2943 2417 obtinent
2967 2381 2986 2418 z

569 2441 790 2500 Tamen
821 2461 945 2500 non
984 2447 1075 2500 est
1111 2440 1377 2500 absolute
1420 2440 1471 2498 in
1517 2441 1610 2497 τῧι
1650 2434 1934 2514 &hvide-13
1979 2438 2117 2514 quia
2155 2438 2295 2498 licet
2314 2458 2433 2498 non
2459 2445 2686 2498 tantum
2733 2437 2982 2514 gradum

566 2523 799 2580 οἱκουο-ιόυ
826 2519 1132 2598 participet
1157 2527 1458 2597 peccatum
1484 2519 1662 2594 istud,
1685 2528 1966 2596 quantum
1987 2518 2329 2581 observatur
2353 2519 2416 2578 in
2443 2537 2514 2578 eo
2533 2518 2692 2596 quod
2717 2537 2796 2576 ex
2823 2527 2984 2578 metu

572 2602 773 2678 oritur,
803 2601 980 2662 habet
1006 2609 1201 2661 tamen
1230 2621 1456 2679 semper
1482 2600 1771 2678 aliquem3
1817 2598 2104 2678 siquidem
2131 2599 2418 2677 cupiditas
2459 2599 2562 2659 illa
2601 2618 2718 2677 qua
2749 2598 2982 2661 illectus

568 2692 659 2743 est
684 2684 875 2758 homo,
907 2690 966 2743 et
993 2701 1124 2759 quse
1150 2701 1271 2742 non
1296 2690 1386 2743 est
1414 2681 1538 2741 sine
1564 2681 1998 2759 perturbatione
2031 2680 2244 2757 aliqua,
2275 2679 2507 2741 videtur
2537 2679 2660 2737 vim
2685 2678 2982 2757 quandam

563 2762 775 2823 inferre
802 2763 1011 2823 rationi
1040 2770 1099 2823 et
1123 2765 1315 2823 lucem
1340 2764 1467 2842 ejus
1495 2761 1874 2839 extinguere3
1903 2758 2059 2821 unde
2085 2780 2204 2819 non
2231 2759 2402 2837 plane
2427 2760 2649 2825 ἑκουσίας
2675 2767 2980 2837 peccatum

566 2843 715 2905 illud
742 2843 1023 2904 committi
1052 2843 1300 2903 videtur.
1388 2844 1666 2919 Superest
1705 2862 1850 2918 ergo
1887 2849 1954 2901 ut
1994 2841 2304 2919 abnegatio
2341 2840 2444 2899 illa
2470 2841 2732 2901 veritatis
2771 2839 2876 2899 fiat
2901 2860 2980 2899 ex

564 2944 711 3002 pura
736 2924 959 2983 malitia
986 2932 1045 2983 et
1071 2923 1409 3001 petulantia,
1449 2942 1581 2999 quae
1608 2942 1686 2981 ex
1713 2922 1848 2981 odio
1886 2922 2015 2999 ejus
2041 2921 2418 2996 interneciuo,
2445 2929 2506 2980 et
2531 2919 2814 2999 pertinaci
2839 2939 2976 2981 con-

563 3013 789 3083 temptu
813 3003 1213 3081 proficiscitur.
1817 3032 1832 3043 ·

646 3084 733 3143 X.
764 3083 915 3141 Dico
944 3084 1134 3141 odium
1154 3090 1214 3143 et
1234 3090 1601 3157 contemptum
1620 3079 1887 3141 veritatis
1913 3080 2011 3139 hic
2030 3079 2224 3141 locum
2251 3080 2480 3157 habere,
2505 3080 2644 3159 quia
2660 3100 2790 3158 quae
2811 3100 2976 3141 max-

566 3162 681 3221 ime
710 3181 1061 3237 aversamur,
1106 3169 1167 3220 et
1207 3160 1529 3240 despicatui
1568 3160 1868 3236 habemus,
1898 3161 2136 3239 rejicere
2165 3162 2436 3237 solemne,
2467 3170 2527 3223 et
2558 3182 2595 3220 a
2621 3161 2790 3221 nobis
2817 3181 2975 3221 amo-

564 3262 703 3303 vere
730 3250 1009 3320 quantum
1037 3261 1363 3319 possumus.
1428 3242 1507 3301 Et
1534 3242 1607 3301 de
1634 3250 1972 3320 contemptu
1999 3241 2234 3319 quidem
2263 3262 2356 3303 res
2392 3262 2512 3301 non
2539 3242 2784 3303 obscura
2809 3240 2974 3301 vide-

563 3330 659 3383 tur
683 3345 699 3382 ι
752 3342 889 3381 nam
930 3322 982 3381 si
1010 3321 1399 3399 Evangelium
1438 3322 1548 3383 rite
1588 3342 1694 3401 pro
1723 3322 2008 3401 dignitate
2037 3342 2144 3383 sua
2170 3324 2539 3399 aestimarent,
2567 3342 2864 3399 nunquam
2903 3342 2976 3381 eo

563 3402 775 3463 adduci
799 3410 1038 3481 possent
1064 3410 1131 3463 ut
1156 3402 1480 3482 rejicerent,
1511 3424 1653 3482 ergo
1679 3404 1840 3481 quod
1863 3403 2136 3480 rejiciunt
2161 3412 2220 3465 et
2247 3403 2556 3480 abnegant,
2587 3401 2717 3461 ideo
2743 3402 2812 3463 fit
2839 3401 2977 3480 quia

565 3492 961 3561 aspernantur,
990 3491 1051 3543 et
1076 3504 1181 3562 pro
1208 3483 1391 3543 nihilo
1420 3485 1658 3548 ducunt.
1703 3485 1834 3559 Quo
1859 3484 2110 3563 pertinet
2139 3484 2297 3561 quod
2327 3484 2562 3556 Paulus,
2595 3483 2752 3543 Heb.
2781 3504 2862 3557 x.,
2891 3482 2976 3543 ait

564 3563 638 3623 de
666 3565 1077 3626 conculmtimw
1102 3566 1245 3623 Filii
1267 3564 1403 3640 Dei,
1432 3574 1491 3625 et
1530 3565 1821 3641 sanquinia
1841 3567 1958 3640 ejus
1973 3564 2397 3641 profanatione,
2429 3562 2588 3641 quod
2615 3564 2738 3623 sine
2765 3562 2971 3623 intole-

562 3645 745 3705 rando
774 3653 1108 3723 contemptu
1134 3644 1261 3705 fieri
1286 3645 1506 3722 nequit.
1538 3646 1708 3705 Idem
1739 3645 1932 3722 arguit
1973 3645 2303 3722 exemplum
2331 3644 2530 3719 Esavi,
2555 3643 2657 3721 qui
2697 3651 2974 3719 tanquam

564 3734 740 3804 typus
768 3727 1009 3787 istorum
1037 3733 1403 3803 peccatorum
1432 3724 1678 3803 proponi
1705 3725 1870 3802 solet,
1909 3725 2078 3803 cujus
2105 3724 2322 3784 crimen
2348 3724 2410 3782 in
2438 3744 2508 3783 eo
2533 3724 2786 3801 ponitur,
2815 3723 2974 3800 quod

561 3826 667 3884 pro
712 3806 907 3866 edulio
948 3806 1049 3883 jus
1092 3805 1565 3882 primogeniturae
1606 3804 1952 3880 vendiderit,
1997 3824 2105 3883 pro
2145 3804 2328 3864 nihilo
2373 3804 2497 3864 scil.
2541 3804 2691 3863 illud
2734 3802 2969 3863 ducens.

564 3886 786 3945 Verum
814 3887 951 3963 quia
979 3886 1371 3962 Evangelium
1398 3884 1527 3945 istis
1556 3906 1675 3945 non
1699 3885 1873 3945 modo
1899 3904 2004 3963 pro
2031 3904 2094 3945 re
2123 3885 2292 3943 nihili
2317 3892 2378 3945 et
2396 3883 2681 3945 vilissima
2705 3884 2970 3959 habetur,

564 3964 669 4025 sed
724 3966 899 4025 etiam
942 3986 1047 4043 pro
1076 3984 1139 4025 re
1185 3964 1597 4025 molestissima
1640 3974 1700 4025 et
1746 3965 1965 4041 infami,
2017 3972 2191 4042 atque
2239 3964 2384 4025 adeo
2421 3962 2726 4025 affectibus
2775 3984 2972 4023 eorum

562 4044 809 4105 adversa
848 4054 909 4105 et
948 4044 1083 4105 odio
1120 4044 1332 4122 digna;
1390 4044 1525 4105 hinc
1552 4044 1620 4105 fit
1660 4054 1726 4105 ut
1765 4065 1900 4105 cum
1939 4052 2274 4123 contemptu
2314 4044 2512 4104 odium
2551 4044 2722 4121 adsit,
2753 4064 2830 4103 ex
2856 4063 2972 4122 quo

560 4125 909 4200 oppuffltatio
934 4132 993 4183 et
1020 4125 1306 4185 insectatio
1350 4124 1662 4201 Evangelii
1687 4123 1885 4200 oritur,
1916 4144 2048 4201 quae
2073 4125 2137 4184 in
2163 4126 2274 4185 hoc
2301 4133 2540 4202 peccato
2585 4124 2761 4185 etiam
2789 4124 2970 4183 conti-

562 4212 748 4262 netur.
833 4204 889 4261 N
890 4223 957 4263 ec
984 4204 1139 4262 enim
1166 4204 1281 4262 alia
1318 4204 1589 4264 insectari
1628 4212 1688 4263 et
1715 4224 2049 4282 oppugnare
2079 4206 2348 4281 solemus,
2378 4224 2552 4284 quam
2581 4224 2712 4283 quai
2739 4224 2969 4263 aversa-

562 4303 707 4343 mur.
769 4282 905 4343 Huc
934 4282 1071 4344 facit
1092 4282 1421 4360 exemplum
1442 4284 1882 4360 Pharisaeorum,
1913 4286 2126 4363 quibus
2153 4306 2189 4344 a
2211 4285 2442 4349 Christo
2469 4284 2812 4363 impingitur
2836 4304 2970 4362 pec·

562 4371 757 4423 catum
782 4363 845 4421 in
876 4363 1157 4440 Spiritum
1182 4363 1477 4440 Sanctum,
1490 4364 1631 4442 quia
1646 4385 1722 4424 ex
1750 4363 1914 4425 ferali
1941 4367 2070 4444 ejus
2097 4365 2232 4425 odio
2253 4366 2576 4429 doctrinam
2605 4374 2664 4427 et
2691 4364 2971 4425 miracula

558 4444 1055 4602 ἷῖἒῖἓῖθξῖἳέἳῖ
1066 4443 2373 4599 533⁰⁶b23¹2052533⁰223ffiq132353‘5¹2'
2387 4468 2447 4595 {t
2455 4455 2710 4593 “302025
2713 4465 2751 4503 ¹¹
2779 4445 2972 4585 ³⁹⁸¹}ss

562 4605 901 4683 Apostolus,
933 4545 1089 4665 (liuh.
1132 4542 1664 4681 *flammeum
1697 4604 1937 4684 Spiritui
1975 4606 2194 4667 Sancto
2235 4607 2458 4667 illatam
2501 4546 2968 4687 expisineiiz'dluae

560 4684 759 4747 odium
784 4696 846 4747 et
872 4687 1313 4749 detestationem
1340 4685 1424 4745 rei
1450 4686 1858 4764 gravissimam
1885 4704 2084 4748 secum
2111 4687 2304 4747 trahit.
