3300 5225
336 352 412 401 ou
417 350 557 392 ner.
587 330 746 413 xm]
1287 350 1404 391 nn
1432 350 1787 393 emmone.
2626 338 2743 397 431

332 491 744 550 mortalitatem
771 497 831 549 et
858 509 1159 567 corporum
1199 448 1675 550 resurrectionem
1700 497 2000 568 negantes,
2030 494 2465 569 argumentetur
2490 512 2566 551 ex
2611 512 2743 571 pro-

335 571 610 629 missione
638 569 902 629 foederali
941 570 1080 628 date.
1107 569 1395 644 Patribus,
1439 589 1556 647 qus
1583 589 1646 629 se
1676 571 1865 629 Deum
1894 590 2021 629 esse
2050 570 2388 645 Abruhnmi,
2435 570 2640 648 Iseeci,
2684 581 2747 632 et

335 650 380 711 J
381 650 548 709 acob1
573 658 836 725 testetur,
869 648 1105 708 Exod.
1089 649 1170 709 1ii.
1202 651 1273 724 63
1319 669 1452 708 cum
1478 669 1618 708 vero
1645 653 1807 708 Deus
1831 670 1944 708 non
1968 651 2041 707 sit
2066 652 2227 708 Deus
2250 659 2616 725 mortuorum,
2644 654 2750 711 sed

336 730 650 805 viventium,
695 728 831 787 inde
857 728 1182 788 necessario
1211 728 1452 805 colligit,
1492 737 1553 788 et
1591 729 1815 787 enimes
1840 746 2038 788 eorum
2066 728 2243 787 fuisse
2284 728 2655 805 immortales,
2685 738 2749 790 et

311 807 953 965 &53333‘2'33335
946 808 1106 946 013¹
1099 808 2245 963 tzffiffifflssfflsszkffl
2246 809 2743 947 ffioefflffi’

337 968 586 1027 cessario
613 967 930 1045 postulans,
950 968 1090 1043 quia
1108 966 1254 1025 alies
1267 986 1386 1025 non
1409 976 1608 1044 posset
1634 967 1761 1025 dari
1786 967 1991 1026 relatio
2010 976 2070 1026 et
2096 966 2267 1043 enies.
2294 968 2447 1027 inter
2474 968 2664 1027 Deum
2685 975 2746 1027 et

335 1046 616 1123 homines,
647 1066 754 1105 nec
780 1045 1062 1105 beneficia
1088 1045 1340 1121 foederis,
1377 1066 1508 1123 quoe
1533 1046 1781 1106 tendunt
1808 1045 1883 1104 sd
1910 1048 2369 1106 communionem
2408 1046 2547 1106 vitae
2575 1056 2633 1107 et
2659 1048 2743 1107 fe-

336 1126 592 1201 licitatis,
635 1134 874 1204 possent
899 1126 1016 1185 iuis
1043 1126 1470 1185 communicari.
1554 1125 1844 1200 Alterum,
1886 1125 2075 1185 foedus
2117 1127 2229 1185 Dei
2270 1146 2387 1187 non
2428 1146 2557 1185 esse
2597 1135 2743 1186 tem-

335 1206 550 1283 porale,
596 1206 700 1265 sed
727 1212 1021 1280 aeternum,
1066 1204 1224 1281 quod
1262 1213 1395 1283 post
1418 1214 1665 1265 mortem
1704 1169 1877 1264 etisin
1914 1213 2127 1281 manet,
2168 1205 2323 1263 unde
2366 1206 2529 1267 Deus
2568 1206 2745 1265 etiem

337 1293 472 1362 post
495 1294 738 1343 mortem
769 1286 930 1343 Deus
969 1284 1224 1361 ipsorum
1251 1292 1510 1345 vocetur.
1590 1285 1866 1359 Tertium,
1910 1283 2099 1343 foedus
2138 1284 2295 1344 istud
2336 1304 2467 1344 cum
2507 1285 2745 1345 homine

336 1372 477 1440 toto,
509 1373 568 1423 et
593 1382 711 1422 non
739 1383 870 1422 cum
897 1364 1090 1422 anima
1113 1372 1340 1423 tantum
1366 1365 1548 1423 alters.
1573 1365 1701 1442 ejus
1726 1372 1889 1441 parte
1918 1364 2197 1423 contrahi.
2282 1364 2455 1424 Unde
2483 1365 2745 1443 sequitur

340 1443 692 1518 Patriachas,
723 1463 854 1502 cum
881 1442 1092 1520 quibus
1122 1444 1282 1502 Deus
1309 1443 1498 1503 foedus
1523 1443 1833 1521 pangebat,
1876 1432 2145 1503 debuisse
2173 1443 2441 1519 existere,
2470 1463 2587 1502 non
2613 1453 2743 1503 tsn-

336 1530 460 1581 tum
489 1523 566 1581 ad
591 1536 834 1600 tempus,
866 1522 970 1581 sed
995 1523 1169 1581 etium
1196 1532 1330 1600 post
1353 1532 1597 1582 mortem
1634 1532 1694 1583 et
1719 1524 1782 1580 in
1808 1530 2123 1598 setemnm3
2165 1542 2273 1582 nec
2300 1531 2524 1582 tantum
2551 1524 2745 1617 quoad

337 1602 604 1677 animem,
648 1602 753 1661 sed
793 1602 966 1661 etiam
993 1602 1186 1680 quoad
1227 1622 1451 1680 corpus,
1495 1602 1653 1680 quod
1690 1611 1995 1680 propterea
2034 1622 2139 1661 suo
2180 1610 2436 1680 tempore
2479 1603 2745 1663 suscitari

337 1681 554 1757 debuit,
617 1681 736 1740 uod
761 1681 994 1758 invicte,
1037 1690 1098 1740 et
1123 1682 1610 1741 immortalitatem
1637 1682 1973 1758 animarum,
2018 1690 2079 1741 et
2117 1701 2419 1759 corporum
2458 1701 2743 1741 resurrec-

335 1761 552 1819 tionem
619 1769 952 1819 emonstrst.
1035 1761 1186 1819 Nam
1227 1781 1472 1838 quorum
1514 1762 1677 1821 Deus
1702 1769 1795 1820 est
1837 1762 1998 1819 Deus
2037 1760 2253 1819 soedere
2294 1769 2525 1837 aeterno,
2568 1761 2657 1819 illi
2682 1762 2749 1820 in

335 1848 613 1899 aeternum
641 1841 814 1898 etism
852 1840 1050 1899 vivere
1092 1840 1341 1900 debentz
1382 1839 1470 1899 At
1511 1841 1674 1900 Deus
1714 1849 1807 1900 est
1848 1840 2009 1899 Deus
2051 1840 2389 1915 Abrahami,
2434 1840 2641 1916 Iseeci,
2684 1850 2747 1901 et

335 1918 380 1979 J
381 1920 566 1994 scobi,
589 1927 648 1977 et
675 1919 848 1977 telem
871 1938 933 1977 se
959 1928 1134 1977 vocat
1152 1919 1326 1978 etism
1352 1927 1484 1996 post
1509 1928 1783 1995 mortem3
1814 1919 1975 1996 Ergo
2002 1919 2216 1979 debent
2236 1920 2323 1977 illi
2348 1919 2548 1978 vivere
2570 1921 2743 1979 etiam

334 2006 468 2075 post
493 2006 754 2071 mortem,
787 1998 838 2056 si
863 2017 980 2055 non
1007 1997 1202 2073 quoad
1228 2016 1452 2075 corpus,
1483 2006 1544 2055 at
1571 1997 1765 2075 quoad
1795 1997 2067 2073 animum,
2107 1999 2244 2075 quia
2270 2007 2336 2057 ut
2365 1998 2554 2058 Lucas
2582 1999 2749 2059 addit

337 2098 388 2136 c.
417 2098 522 2135 xx.
551 2080 648 2152 38,
679 2077 858 2141 min-4
884 2078 1024 2153 αὐτῇ
1051 2076 1216 2153 <zo-n,
1246 2076 1430 2135 donec
1457 2076 1662 2136 ultimo
1690 2075 1784 2134 die
1811 2077 2029 2135 homo
2012 2094 2136 2153 ipse
2156 2085 2313 2137 totus
2340 2086 2400 2136 et
2420 2097 2656 2170 corpore
2684 2086 2750 2138 et

336 2157 530 2215 anima
555 2156 680 2215 vite.
709 2156 822 2214 Dei
847 2156 1086 2215 fruatur.
1169 2155 1450 2230 Quamvis
1477 2174 1617 2214 vero
1643 2156 1807 2215 locus
1832 2156 1929 2214 hic
1970 2155 2185 2215 directe
2214 2156 2286 2214 de
2315 2156 2483 2214 beata
2510 2176 2743 2216 1mmor-

335 2236 578 2311 talitate,
611 2244 671 2295 et
709 2235 1126 2294 resurrectione
1167 2235 1443 2309 fidelium,
1474 2254 1550 2293 ex
1575 2235 1638 2291 vi
1666 2233 1899 2293 foederis
1940 2234 2226 2311 loquatur,
2257 2252 2375 2292 non
2414 2235 2605 2293 minus
2648 2256 2741 2294 so-

333 2314 452 2374 lide
480 2314 814 2373 extenditur
839 2314 916 2372 ad
941 2314 1430 2373 immortalitatem
1457 2323 1695 2388 naturae,
1725 2313 1863 2389 quia
1888 2313 1991 2371 illa
2016 2314 2341 2372 necessario
2368 2313 2542 2373 debet
2569 2314 2743 2373 istam

333 2413 689 2472 supponere3
733 2402 793 2453 et
820 2394 870 2452 si
897 2394 1103 2452 enimse
1143 2393 1402 2453 fidelium
1442 2393 1657 2452 debent
1694 2393 1757 2450 in
1798 2400 2075 2451 (eternum
2100 2392 2317 2467 vivere,
2361 2400 2427 2451 ut
2466 2392 2743 2453 felicitate

333 2474 474 2550 ipsis
513 2475 796 2567 promissa
840 2473 1139 2547 fruantur3
1176 2472 1422 2551 justitiae
1465 2472 1578 2531 Dei
1616 2473 1765 2531 ratio
1804 2472 2076 2549 postulet,
2121 2480 2189 2531 ut
2214 2472 2518 2549 impiorum
2564 2473 2746 2532 enimi

334 2571 630 2631 nunquam
657 2554 958 2628 intereant,
987 2560 1054 2613 ut
1079 2554 1267 2631 poenis
1295 2552 1526 2612 aeternis
1553 2572 1588 2612 s
1617 2552 1745 2613 Deo
1772 2550 2135 2612 denuncietis
2160 2551 2497 2612 efficiantur.

413 2634 562 2693 VII.
607 2633 892 2708 Secundo,
923 2633 1076 2692 idem
1104 2633 1392 2692 evincitur
1415 2651 1493 2691 ex
1519 2632 1682 2707 locis,
1706 2651 1837 2709 quae
1864 2632 2157 2692 diversum
2186 2633 2440 2711 corporis
2468 2639 2527 2691 et
2563 2633 2741 2692 animi

331 2713 553 2774 exitum
599 2721 944 2792 proponunt.
1027 2713 1126 2772 Its
1169 2731 1366 2790 quum,
1414 2712 1639 2771 Eccles.
1682 2712 1785 2771 xii.
1817 2715 1872 2770 7.
1920 2711 2143 2788 corpus
2189 2710 2401 2771 dicitur
2438 2713 2648 2771 reverti
2682 2733 2745 2772 m

319 2797 630 2870 pulverem,
675 2803 730 2852 et
767 2794 998 2870 spiritus
1041 2794 1230 2851 redire
1256 2795 1342 2850 ad
1362 2794 1552 2851 Deum
1593 2791 1695 2869 qui
1732 2792 1933 2851 dedit
1908 2811 2106 2867 qpsum,
2136 2791 2435 2849 manifeste
2464 2791 2739 2868 innuitur,

331 2874 578 2932 enimam
608 2873 919 2933 subsistere
959 2881 1094 2951 post
1128 2873 1424 2931 interitum
1451 2871 1741 2950 corporis3
1785 2889 1919 2929 nam
1948 2871 1998 2929 si
2026 2891 2157 2930 cum
2184 2889 2420 2949 corpore
2449 2871 2742 2965 extingui-

329 2961 441 3028 tur,
460 2953 750 3047 quomodo
779 2952 990 3012 dicitur
1016 2952 1203 3012 redire
1231 2952 1307 3010 sd
1335 2951 1524 3011 Deum
1545 2955 1576 3010 Ρ
1616 2917 1795 3010 Redit
1821 2971 1961 3028 ergo
1988 2951 2066 3009 sd
2095 2951 2301 3027 Deum,
2331 2958 2399 3010 ut
2425 2949 2501 3008 ad
2526 2949 2737 3028 princi·

329 3033 489 3109 pium
517 3032 758 3110 originis
787 3052 906 3090 suae
951 3033 1340 3092 extrinsecum
1381 3040 1440 3091 et
1467 3031 1737 3107 efficiens,
1774 3049 1891 3089 non
1918 3039 1983 3090 ιιι
2010 3031 2401 3108 extinguatur,
2432 3029 2535 3088 sed
2560 3037 2629 3089 ut
2666 3031 2749 3090 ab

329 3132 416 3186 e0,
431 3112 528 3170 vel
556 3111 772 3184 beetur,
787 3112 884 3169 vel
904 3113 1208 3188 puniatur3
1251 3119 1310 3170 et
1336 3130 1545 3189 corpus
1571 3111 1632 3168 in
1660 3111 1957 3189 pulverem
1984 3109 2153 3186 redit,
2181 3119 2457 3187 tanquam
2484 3109 2546 3168 in
2574 3109 2740 3170 Prin-

331 3190 545 3266 cipium
594 3190 684 3248 sui
725 3190 1020 3248 materiale
1068 3199 1128 3248 et
1169 3190 1541 3249 intrinsecum
1584 3191 1647 3247 in
1696 3191 1852 3267 qnod
1898 3190 2239 3251 resolvatur.
2323 3190 2413 3249 Eo
2474 3191 2743 3267 pertinet,

330 3268 488 3344 qnod
516 3269 613 3326 Ps.
643 3267 820 3326 cxlvi.
849 3271 908 3326 4.
949 3269 1196 3344 &ph-itm
1235 3268 1486 3328 hominis
1527 3271 1685 3328 exire
1712 3269 1939 3346 dicitur,
1968 3269 2109 3328 dum
2154 3270 2254 3329 ille
2296 3268 2489 3347 quoad
2532 3289 2743 3347 corpus

330 3348 642 3407 revertitur
667 3347 728 3404 in
753 3355 964 3406 terram
987 3367 1149 3405 suam
1171 3369 1188 3422 3
1218 3355 1279 3406 ιιι
1305 3349 1356 3405 si
1383 3349 1610 3406 animus
1637 3368 1769 3406 cum
1790 3368 2027 3425 corpore
2054 3349 2431 3426 extinguitur,
2452 3369 2555 3407 cur
2580 3349 2741 3408 exire

330 3427 406 3486 ab
451 3446 519 3485 eo
563 3426 775 3486 dicitur
789 3430 818 3486 P
901 3427 996 3485 Ita
1039 3426 1250 3485 Matth.
1280 3446 1340 3484 x.
1371 3429 1466 3501 28,
1513 3445 1812 3503 perperam
1858 3427 2121 3486 Christus
2165 3426 2549 3503 distingueret
2591 3428 2748 3487 inter

329 3506 610 3581 homines,
640 3505 741 3582 qui
767 3525 994 3583 corpus,
1025 3514 1088 3564 et
1109 3524 1226 3563 non
1253 3505 1502 3564 animem
1531 3512 1776 3582 possunt
1802 3504 2138 3579 interficere,
2170 3513 2231 3564 et
2260 3506 2466 3580 Deum,
2510 3507 2611 3582 qui
2636 3525 2739 3598 po·

329 3593 446 3645 test
471 3585 724 3644 enimam
765 3593 825 3643 et
850 3603 1058 3662 corpus
1083 3584 1324 3662 perdere
1371 3585 1434 3642 in
1461 3585 1745 3677 gehenne,
1792 3583 1845 3642 si
1886 3583 2078 3641 anime
2106 3603 2237 3644 cnm
2265 3602 2503 3659 corpore
2548 3584 2737 3642 extin-

331 3673 639 3743 gueretur3
687 3665 878 3724 Nolite
905 3665 1113 3740 timere,
1143 3664 1348 3742 inquit,
1389 3684 1481 3723 eos
1527 3663 1630 3739 qui
1670 3683 1877 3739 corpus
1921 3663 2171 3721 occidere
2206 3671 2459 3737 possunt,
2488 3663 2743 3722 anirnam

328 3755 514 3804 autem
539 3765 653 3804 non
671 3753 910 3820 possunt
933 3745 1218 3803 occidere.-
1264 3747 1367 3803 sed
1401 3744 1580 3802 timete
1607 3762 1733 3801 eum
1760 3742 1859 3818 qui
1874 3749 2061 3818 potest
2082 3743 2331 3799 απὲηιαηι
2358 3747 2413 3798 et
2450 3761 2653 3817 corpus
2680 3743 2741 3802 in

322 3827 579 3900 ychenna
595 3828 860 3900 perdere.
892 3824 1014 3884 Nec
1042 3822 1349 3882 dicendum
1375 3822 1472 3882 hic
1499 3822 1596 3899 agi
1623 3821 1697 3880 de
1717 3821 2055 3898 perditione,
2087 3829 2146 3879 et
2171 3820 2441 3879 interitu·
2428 3820 2611 3898 ,quie
2634 3839 2747 3916 per

327 3909 384 3963 τὶ
431 3909 536 3962 aim
511 3903 676 3962 onim
703 3924 822 3964 non
853 3903 1214 3980 significatur
1259 3903 1557 3978 extinctio,
1601 3900 1701 3960 vel
1740 3899 2072 3976 destructiO,
2105 3899 2209 3959 sed
2234 3907 2458 3958 tantum
2495 3901 2735 3977 punitio,

329 3984 470 4060 quis.
510 3984 704 4062 agitur
745 3983 818 4043 de
864 3985 1129 4060 gehenna
1165 3983 1332 4060 cujus
1386 3989 1737 4041 tormentum
1791 3978 2004 4038 dicitur
2056 3999 2184 4039 esse
2238 3987 2532 4054 aeternum,
2583 3981 2745 4056 quod

330 4063 520 4123 Lucas
569 4083 694 4141 cap.
722 4063 825 4122 xii.
856 4066 912 4139 5,
963 4062 1203 4140 exponit
1242 4081 1346 4138 per
1385 4065 1448 4120 τὶ
1485 4061 1721 4138 §asama
1747 4066 1809 4126 uie
1836 4063 1919 4122 τὸν
1942 4058 2124 4131 vinnan
2150 4060 2210 4118 in
2245 4060 2557 4136 ychennam
2594 4080 2737 4136 pro-

311 4143 510 4220 jicere,
541 4151 608 4202 ut
635 4142 858 4202 scilicet
881 4151 1184 4218 torquetur
1207 4141 1425 4201 homo
1408 4161 1471 4198 m
1498 4150 1777 4201 aternum
1803 4140 1995 4198 anima
2020 4148 2081 4199 et
2108 4158 2361 4216 corpore.

407 4223 591 4282 VIII.
636 4223 772 4281 Huc
817 4221 1039 4281 faciunt
1084 4222 1215 4280 loce.
1256 4221 1360 4279 ille
1400 4221 1610 4296 omnia,
1658 4241 1788 4298 quae
1834 4219 1934 4279 vel
1959 4219 2141 4278 vitam
2169 4227 2439 4278 aeternam
2467 4218 2741 4279 fidelibus

327 4302 691 4379 pollicentur,
721 4301 820 4360 vel
857 4319 1090 4379 posnam
1117 4309 1390 4363 aeternsm
1417 4301 1610 4393 impiis
1637 4299 2023 4376 denuncient3
2067 4299 2147 4358 Et
2194 4318 2263 4357 ea
2304 4317 2435 4376 quae
2462 4297 2535 4356 de
2564 4299 2607 4357 J
2609 4300 2737 4358 udi

325 4381 416 4440 cio
442 4380 648 4440 ultimo
677 4389 876 4475 agunt,
926 4389 1202 4458 tunquam
1229 4380 1304 4438 de
1344 4378 1567 4458 judicio
1595 4387 1831 4454 aeterno,
1861 4378 2015 4438 Heb.
2042 4377 2124 4437 vi.
2154 4382 2209 4452 2,
2241 4377 2379 4456 quia
2414 4397 2483 4436 eo
2510 4377 2738 4455 adjudi-

263 4485 275 4494 ⁷
327 4469 494 4520 cetur
538 4462 857 4538 praemium,
903 4460 1002 4519 vel
1043 4479 1218 4552 poena
1264 4467 1495 4534 aeterne,
1543 4458 1758 4518 Mutth.
1808 4477 1951 4517 xxv.
2002 4461 2099 4533 34,
2146 4460 2249 4516 41.
2349 4455 2492 4531 Quae
2546 4459 2743 4516 omnia

324 4539 476 4602 sulse
499 4549 710 4616 essent,
741 4541 792 4602 si
818 4539 1084 4601 lethum·
1069 4557 1130 4598 ιιι
1155 4539 1392 4599 homine
1415 4538 1612 4598 omnia
1635 4537 1845 4616 finiret,
1876 4546 1935 4598 et
1960 4537 2105 4598 nihil
2132 4545 2266 4626 post
2292 4543 2536 4595 mortem
2578 4537 2641 4596 in
2666 4557 2737 4597 eo

317 4629 673 4698 superesset.
