3300 5225
306 337 537 388 Quflsr.
567 318 705 400 vm]
1130 338 1210 378 DE
1239 337 1644 381 Pnovrnsnrm
1676 340 1796 381 nm.
2603 325 2722 383 463

307 479 469 539 enim
518 480 627 540 sub
676 479 836 539 illam
882 478 1269 555 multifariam,
1321 487 1381 541 et
1426 480 1621 558 quoad
1653 481 1901 557 initium,
1939 490 1998 541 et
2039 480 2230 559 quoad
2246 502 2630 559 proyressum,
2661 492 2726 543 et

310 559 511 636 quoad
539 561 831 619 terminum
846 582 872 633 ;
912 560 1103 636 quoad
1143 562 1376 637 initium,
1408 561 1545 627 dum
1586 561 1768 621 libere
1809 561 1958 621 illud
1994 562 2311 639 permittit;
2355 563 2548 641 quoad
2577 584 2720 639 pro-

302 659 583 716 qressum,
610 639 749 700 dum
777 639 1065 715 sapienter
1091 640 1327 717 dirigit3
1372 641 1566 718 quoad
1575 644 1772 721 finem,
1793 641 1933 701 dum
1960 650 2226 719 potenter
2251 642 2536 718 terminat,
2569 652 2628 702 et
2648 644 2724 703 ad

308 720 533 779 bonum
560 719 734 779 finem
762 719 978 797 dirigit,
1009 721 1109 797 qui
1135 729 1253 781 tres
1282 731 1417 781 sunt
1444 722 1660 799 gradus
1691 722 2080 781 Providentiae
2109 723 2261 783 circa
2299 732 2618 801 peccatum,
2648 723 2722 785 de

312 800 531 877 quibus
558 799 886 859 dicendum.

312 916 361 962 1.
400 917 570 967 Quoad
601 918 798 963 initium
920 878 997 937 V.
1041 878 1271 939 Primus
1298 879 1513 957 gradus
1553 880 1788 959 respicit
1828 882 2044 941 initium
2083 881 2323 961 peccati,
2373 881 2526 941 circa
2566 882 2736 961 quod.

376 975 509 1021 Deus
578 977 697 1036 agit.
756 976 801 1023 1.
842 958 1087 1019 dicimus
1117 959 1307 1017 Deum
1335 960 1553 1019 versari
1569 961 1916 1036 permissive,
1945 962 2104 1038 quod
2134 962 2430 1039 Scriptura
2455 982 2574 1024 non
2606 983 2723 1023 uno

372 1049 462 1093 1³⁰¹·
496 1036 803 1093 permission-
841 1039 973 1099 loco
1020 1046 1267 1098 testatur
1316 1039 1413 1098 Ps.
1462 1040 1654 1098 lxxxi.
1707 1044 1802 1116 12,
1850 1043 1885 1073 ‘⁴
1911 1040 2156 1101 Permisi
2185 1061 2284 1101 eos
2311 1042 2605 1103 ambulare
2645 1063 2738 1103 ex-

375 1108 468 1139 em.
844 1119 1129 1178 sententia
1154 1118 1333 1177 animi
1359 1118 1508 1195 sui,’'
1540 1128 1597 1178 et
1626 1119 1762 1178 Act.
1793 1119 1915 1178 xiv.
1949 1123 2041 1195 16,
2077 1123 2113 1153 “
2137 1121 2298 1179 Deus
2321 1121 2392 1179 -in
2417 1123 2725 1198 praeteritis

316 1199 589 1259 aetatibus
616 1197 748 1259 :Yon
774 1199 911 1259 sivit
939 1206 1143 1275 gentes
1173 1198 1293 1257 suis
1320 1199 1573 1275 ipsarum
1590 1199 1706 1257 viis
1733 1199 2055 1259 incedere.”
2123 1200 2242 1261 Sed
2261 1201 2398 1276 quia
2423 1202 2740 1277 permissio·

312 1278 433 1339 ista
457 1299 574 1339 non
602 1280 805 1339 eodem
832 1278 1007 1337 modo
1048 1278 1121 1337 ab
1160 1278 1427 1339 omnibus
1469 1278 1808 1356 explicatur,
1839 1298 2103 1357 quaenam
2145 1280 2222 1339 sit
2248 1281 2374 1357 ejus
2402 1281 2548 1341 ratio
2589 1290 2737 1343 anto.

316 1358 513 1420 omnia
540 1358 947 1437 explicandum
974 1366 1081 1417 est.
2428 1412 2440 1419 .

924 1438 1037 1496 VI.
1081 1436 1295 1514 Primo,
1324 1439 1629 1497 Permissio
1656 1438 1769 1497 ista
1815 1458 1934 1497 non
1981 1448 2070 1498 est
2113 1440 2308 1513 ethica,
2339 1458 2444 1497 seu
2469 1440 2722 1518 moralis,

846 1538 975 1595 quse
992 1518 1149 1593 juris
1190 1525 1294 1593 est,
1325 1538 1429 1596 per
1466 1519 1881 1579 relaaeationem
1908 1519 2006 1578 vel
2047 1519 2510 1595 dispensationem
2537 1520 2722 1597 Leqis,

844 1618 975 1675 quae
1004 1596 1311 1674 opponitur
1336 1597 1743 1675 prohibitioni3
1788 1619 1903 1675 quo
1933 1618 2107 1659 sensu
2135 1600 2184 1657 si
2212 1599 2568 1676 permitteret
2592 1621 2726 1677 pec-

318 1685 513 1739 eatum
543 1679 723 1753 DeuS,
752 1678 909 1737 idem
948 1678 1123 1737 etiam
1164 1680 1523 1755 approbaret,
1556 1687 1831 1754 tanquam
1869 1678 2110 1753 licitum,
2163 1688 2264 1739 aut
2295 1680 2537 1757 justum,
2569 1680 2738 1757 quod,

318 1758 611 1835 implicat3
661 1758 779 1819 Sed
812 1759 1065 1834 physica,
1096 1777 1227 1833 quse
1270 1768 1359 1817 est
1381 1759 1549 1833 sacti,
1578 1778 1684 1834 per
1721 1780 1834 1818 non
1874 1759 2299 1835 impeditionem,
2331 1778 2460 1835 quae
2488 1761 2732 1837 opponi-

317 1845 415 1895 tur
442 1839 729 1913 effectioni.
815 1838 930 1896 Illa
960 1837 1148 1895 Deum
1190 1846 1411 1913 spectat
1450 1847 1517 1897 ut
1545 1838 1966 1915 Legislatorem
1995 1848 2054 1899 et
2079 1840 2125 1899 J
2127 1839 2388 1914 udicem3
2435 1840 2560 1899 Ista
2586 1860 2728 1899 vero

316 1926 386 1976 ut
412 1937 744 1993 supremum
774 1917 1085 1975 Dominum
1116 1925 1175 1975 et
1216 1918 1522 1977 Rectorem
1562 1918 1782 1994 mundi,
1813 1919 1914 1995 qui
1955 1938 2144 1979 rerum
2187 1920 2442 1979 omnium
2483 1929 2737 1980 eventus,

318 2017 425 2073 pro
453 1998 689 2055 arbitrio
732 1997 886 2073 regit
910 2005 970 2055 et
1012 1994 1359 2055 moderatur.
1460 1997 1574 2055 Illa
1612 1997 1681 2057 fit
1707 2018 1811 2075 per
1821 1998 2118 2073 justitiam,
2149 1999 2382 2075 quando
2419 1998 2520 2059 dat
2543 2000 2726 2059 licen-

318 2076 463 2137 tiam
490 2077 709 2155 aliquid
736 2076 1017 2153 faciendi3
1082 2076 1209 2135 Ista
1247 2096 1351 2153 per
1380 2078 1708 2153 potentiam,
1739 2078 1972 2155 quando
2013 2098 2130 2137 non
2173 2079 2358 2137 exerit
2394 2079 2566 2156 vireS,
2596 2100 2726 2158 quae

318 2164 587 2234 poterant
614 2165 748 2217 actu
776 2156 1071 2235 impedire,
1100 2175 1173 2214 ne
1200 2156 1312 2215 hoc
1340 2157 1435 2215 vel
1462 2156 1609 2215 illud
1634 2156 1816 2217 fieret.

926 2235 1073 2295 VII.
1122 2236 1405 2312 Secund0,
1455 2236 1768 2295 Permissio
1809 2236 1922 2295 ista
1947 2257 2064 2297 non
2107 2245 2196 2297 est
2233 2236 2615 2315 concipienda·
2633 2260 2726 2299 ne·

840 2316 1043 2392 yative,
1088 2316 1254 2393 quasi
1296 2323 1451 2375 esset
1476 2336 1635 2375 mera
1660 2318 1861 2398 singvlos
1909 2336 2011 2377 seu
2055 2318 2300 2377 cessatio
2327 2318 2644 2377 voluntatis
2671 2327 2732 2379 et

323 2394 711 2454 Providentiae
739 2394 801 2453 in
830 2395 1099 2471 operibus
1128 2396 1424 2471 malorum,
1457 2416 1573 2473 qua
1594 2396 1756 2456 Deus
1785 2397 1950 2474 quasi
1977 2398 2037 2457 in
2069 2397 2304 2474 specula
2330 2397 2537 2457 sedens
2567 2418 2728 2476 spec-

319 2481 469 2534 taret
516 2482 741 2535 tantum
770 2482 1043 2535 eventum
1090 2475 1333 2534 actionis
1376 2477 1688 2553 permissae,
1733 2478 1948 2554 quique
1989 2476 2121 2535 ideo
2163 2478 2432 2551 incertus,
2463 2479 2730 2555 ambigu-

319 2574 503 2632 usque
531 2555 965 2635 relinqueretur,
996 2562 1063 2616 ut
1088 2555 1365 2616 volebant
1393 2556 1530 2615 olim
1562 2556 1865 2634 Pelagiani
1886 2564 2127 2633 veteres,
2153 2564 2212 2616 et
2238 2565 2304 2617 ut
2324 2558 2530 2618 volunt
2555 2558 2733 2620 hodie

322 2655 521 2695 eorum
550 2656 841 2713 sequaces,
874 2635 975 2712 qui
1015 2636 1408 2713 permissionis
1436 2637 1634 2698 otiosae
1677 2646 1736 2696 et
1762 2637 1963 2697 inertis
2005 2645 2392 2698 commentum
2429 2638 2597 2698 nobis
2627 2640 2726 2700 ob-

421 2761 505 2811 W,
526 2761 691 2807 efficax
844 2715 1099 2790 trudunt,
1130 2724 1196 2776 ut
1222 2718 1499 2775 Bellarm.
1527 2717 1629 2778 lib.
1661 2718 1720 2776 ii.
1751 2717 1823 2776 de
1851 2717 2046 2776 amiss.
2076 2737 2198 2794 gra.
2221 2737 2345 2794 cap.
2381 2721 2472 2794 16,
2506 2721 2542 2752 “
2567 2720 2732 2779 Deus

695 2792 708 2804 '
843 2815 983 2872 erga
1022 2805 1259 2873 peccata
1284 2817 1402 2855 non
1428 2797 1605 2855 habet
1630 2797 1880 2874 positive
1907 2797 2059 2856 velle
2087 2805 2190 2855 aut
2214 2799 2387 2872 nolle,
2420 2798 2522 2856 sed
2549 2819 2726 2875 nega-

320 2873 458 2950 tive,
488 2893 607 2933 non
634 2875 846 2936 velle.”
935 2875 1053 2935 Sed
1080 2876 1455 2954 concipienda
1482 2885 1571 2936 est
1587 2877 1826 2953 positive
1853 2885 1912 2936 et
1938 2878 2286 2952 affirmative,
2316 2897 2432 2935 non
2457 2878 2736 2955 simplici··

321 2961 425 3028 ter,
456 2963 522 3014 ut
551 2955 712 3014 Deus
752 2975 864 3014 non
888 2957 1021 3016 velit
1058 2957 1329 3032 impedire
1368 2965 1687 3034 peccatum,
1720 2978 1850 3034 quse
1892 2965 1981 3015 est
2025 2957 2212 3016 otiosa
2236 2957 2488 3034 negatiO,
2521 2959 2624 3016 sed
2665 2967 2734 3019 ut

320 3035 452 3092 velit
474 3055 588 3092 non
616 3034 901 3110 impedire,
926 3056 1055 3112 quse
1082 3037 1287 3096 efficax
1316 3045 1405 3096 est
1433 3036 1750 3112 affirmatio,
1775 3047 1840 3097 ut
1866 3037 2166 3114 permissio
2195 3047 2388 3096 actum
2414 3031 2738 3114 'positivum

322 3113 638 3172 voluntatis
665 3133 887 3171 arcanae
916 3115 1201 3192 importet,
1234 3137 1349 3192 qua
1378 3117 1539 3176 Deus
1568 3117 1770 3176 statuit
1797 3117 2060 3176 consulto
2089 3125 2148 3176 et
2173 3117 2380 3176 volens
2405 3138 2522 3177 non
2551 3117 2721 3196 impc-

325 3191 446 3251 dire
473 3199 789 3268 peccatum,
819 3193 958 3253 licet
1004 3195 1158 3252 nolle
1188 3196 1413 3254 dicatur
1454 3196 1649 3272 quoad
1689 3198 2044 3256 voluntatem
2091 3197 2405 3256 revelatam
2447 3199 2728 3276 approba-

324 3271 515 3332 tionis.
620 3271 754 3330 Hoc
802 3291 975 3332 sensu
1020 3273 1219 3332 Nostri
1264 3293 1383 3332 non
1422 3283 1692 3333 recusant
1737 3277 1824 3335 uti
1859 3277 2242 3352 pemissionis
2269 3278 2555 3337 vocabulo
2594 3299 2730 3337 cum

329 3350 658 3428 Scriptura;
705 3351 874 3426 Quod
902 3352 953 3410 si
980 3352 1211 3428 quando
1239 3352 1385 3412 illud
1412 3354 1700 3429 rejiciunt,
1731 3363 1798 3412 ut
1829 3355 2113 3430 Calvinus,
2145 3357 2319 3430 Beza,
2352 3365 2410 3416 et
2450 3358 2566 3432 alii,
2600 3378 2730 3416 eam

324 3430 657 3506 intelligunt
684 3450 857 3492 sensu
888 3432 1204 3508 Pelagiano
1234 3432 1306 3490 de
1335 3432 1519 3491 otiosa
1546 3431 1940 3508 permissione,
1965 3453 2094 3509 quoe
2125 3434 2314 3492 Deum
2337 3435 2468 3509 jure
2498 3455 2604 3494 suo
2625 3457 2726 3494 ex-

323 3510 467 3585 imit,
498 3518 557 3568 et
582 3509 803 3568 idolum
828 3510 997 3569 liberi
1038 3511 1263 3570 arbitrii
1288 3511 1351 3568 in
1391 3511 1519 3588 ejus
1545 3511 1738 3570 locum
1781 3511 1970 3588 erigit.
2055 3511 2227 3570 Unde
2255 3515 2414 3571 Besa
2439 3514 2501 3570 in
2527 3515 2730 3573 libello

327 3589 599 3666 Quaestio.
627 3597 686 3649 et
714 3591 998 3668 Respons.
1032 3591 1069 3623 ‘⁶
1090 3591 1154 3650 Si
1194 3589 1586 3668 permissionis
1612 3590 1898 3649 vocabulo
1939 3590 2298 3666 intelligatur
2339 3591 2486 3649 illud
2526 3592 2726 3650 discri-

324 3689 473 3742 men,
502 3669 775 3745 quoniam
800 3669 1075 3730 videlicet
1120 3671 1183 3728 in
1208 3669 1377 3728 malis
1419 3689 1537 3728 non
1578 3670 1702 3746 agit
1730 3670 1907 3746 Deus,
1939 3669 2042 3728 sed
2083 3689 2182 3728 eos
2231 3669 2476 3744 Satanae,
2508 3672 2566 3728 et
2607 3673 2734 3731 suis

316 1506 429 1551 quae
449 1507 546 1538 non
574 1497 650 1539 est
679 1494 803 1539 ethi-

359 1566 430 1608 oa,
452 1552 535 1597 sed
549 1552 759 1610 physica.

417 2295 517 2327 non
536 2282 707 2328 otlosa.

324 3747 735 3826 cupiditatibus
760 3749 1057 3827 permittit,
1088 3750 1150 3809 id
1175 3750 1409 3809 minime
1436 3749 1696 3827 repudi0.
1783 3749 1888 3808 Sin
1914 3769 2055 3808 vero
2091 3749 2392 3826 permissio
2419 3750 2734 3826 opponitur
2840 3743 2847 3749 ’

324 3828 625 3902 voluntati,
656 3829 767 3888 hoc
794 3839 861 3888 ut
886 3829 1097 3889 falsum
1140 3838 1200 3889 et
1228 3829 1540 3890 absurdum
1566 3827 1768 3906 rejicio
1792 3851 1808 3905 ;
1865 3828 2075 3887 falsum
2103 3847 2231 3887 esse
2279 3848 2354 3887 cx
2383 3848 2452 3887 eo
2481 3839 2732 3906 constat,

324 3908 478 3990 quod
506 3908 557 3967 si
586 3909 749 3968 Deus
794 3909 1089 3987 quippiam
1131 3909 1349 3969 invitus
1389 3909 1686 3986 permittit,
1719 3909 1880 3967 Deus
1921 3917 2092 3984 certe,
2123 3908 2184 3966 id
2212 3916 2302 3966 est
2329 3907 2723 3986 Omnipotens,

323 4009 437 4047 non
464 3997 553 4046 est
576 4011 590 4064 ;
637 3989 729 4047 sin
753 4008 893 4047 vero
921 3989 1087 4068 quasi
1114 4010 1232 4048 non
1260 4009 1467 4048 curans
1495 3989 1824 4066 permittere
1853 3987 2146 4066 quippiam
2175 3988 2411 4063 dicatur,
2447 3999 2731 4066 quantum.

326 4068 596 4129 absumus
642 4068 718 4127 ab
748 4069 1145 4145 Epicureismo
1164 4073 1194 4128 ?
1254 4069 1529 4146 Superest
1572 4087 1712 4146 ergo
1751 4076 1818 4126 ut
1845 4068 2050 4126 volens
2092 4068 2386 4146 permittat
2413 4068 2570 4146 quod
2596 4090 2726 4146 per·

324 4147 515 4208 mittit.
598 4148 889 4209 Voluntas
916 4149 1096 4227 igitur
1120 4149 1485 4227 permissioni
1511 4169 1625 4208 non
1657 4147 2023 4225 opponitur.''

398 4227 582 4288 VIII.
627 4229 817 4302 Quum
846 4238 1037 4290 autem
1064 4229 1497 4306 permissionem
1526 4228 1770 4287 dicimus
1796 4227 2017 4286 versari
2045 4226 2198 4286 circa
2233 4236 2534 4305 peccatum
2571 4227 2737 4306 posi-‘

324 4308 458 4383 tive,
491 4307 542 4366 si
567 4327 687 4366 non
714 4329 750 4368 a
776 4319 937 4386 parte
967 4309 1203 4384 ter-ruini,
1236 4310 1439 4368 saltem
1468 4328 1505 4367 a
1542 4317 1708 4384 parte
1727 4307 2014 4384 principii,
2041 4316 2324 4384 quatenus
2351 4307 2596 4368 includit
2621 4327 2726 4367 vo-

323 4387 560 4448 luntatis
588 4397 779 4448 actum
820 4389 1151 4467 positivum,
1194 4389 1306 4447 hoc
1344 4388 1431 4446 ita
1470 4387 1866 4464 intelligimus,
1895 4407 2012 4446 non
2039 4388 2205 4464 quasi
2231 4389 2502 4446 voluntas
2529 4387 2730 4446 divina

324 4467 532 4528 habeat
572 4469 810 4545 praecise
852 4477 911 4528 et
952 4488 1055 4546 per
1095 4489 1157 4527 se
1197 4489 1303 4545 pro
1342 4467 1573 4545 objecto
1612 4476 1948 4544 peccatum:
1989 4487 2124 4525 nam
2154 4487 2284 4526 cum
2311 4467 2582 4526 voluntas
2621 4486 2728 4542 pro

326 4547 551 4625 objecto
594 4547 741 4608 nihil
780 4548 895 4608 nisi
933 4549 1151 4609 bonum
1192 4548 1409 4608 habere
1452 4548 1653 4626 possit,
1703 4547 1920 4604 malum
1962 4566 2078 4623 qua
2117 4547 2334 4606 malum
2375 4565 2491 4604 non
2537 4555 2732 4622 potest

325 4627 509 4694 velle:
552 4627 657 4692 sed
682 4636 763 4691 ,ut
791 4627 1063 4690 voluntas
1102 4628 1442 4690 terminetur
1482 4627 1559 4690 ad
1597 4627 2031 4707 permissionem
2073 4627 2217 4704 ejus,
2246 4645 2377 4703 quae
2419 4627 2574 4684 bons
2620 4635 2730 4686 est.
