3300 5225
319 374 541 427 Quassr.
573 354 755 441 xxva]
1160 380 1240 421 m:
1268 380 1385 422 nno
1416 381 1551 439 uno,
1584 380 1660 420 ΕΤ
1689 377 1885 420 ramo·
2609 355 2724 415 241

306 546 311 550 ·
393 518 479 578 X.
526 520 837 597 Perperam
863 519 1035 581 etiam
1064 521 1271 579 volunt
1295 522 1393 599 agi
1412 530 1637 581 tantum
1668 521 1742 580 de
1769 520 1989 579 unitate
2019 536 2349 592 consensus,
2382 536 2485 575 seu
2512 518 2726 591 ὅμοβου-

312 599 420 675 ae‘qe,
470 602 522 658 1.
553 600 692 676 quia
716 600 969 677 perfecta
994 605 1272 676 ὁμοβονλιοι
1312 602 1586 681 supponit
1629 602 1804 661 etiam
1832 602 2114 681 ‹imavo-qa»,
2163 598 2314 657 unde
2343 596 2445 673 qui
2471 596 2547 654 ad
2587 616 2722 655 con-

310 698 544 737 sensum
597 680 853 741 referunt
905 700 982 739 ex
1024 682 1268 758 Nostris,
1307 702 1427 740 non
1465 680 1801 757 excludunt,
1847 680 1951 739 sed
1992 685 2322 755 supponunt
2361 676 2723 735 identitatem

307 766 561 835 naturae3
610 760 888 837 quicquid
914 761 1069 819 enim
1094 781 1212 819 non
1260 771 1349 821 est
1378 762 1557 837 Deus,
1606 782 1738 820 cum
1769 761 1844 819 sit
1871 759 2149 817 mutabile
2193 766 2252 817 ct
2295 756 2536 815 fallibile
2565 756 2723 833 quod

307 836 551 896 deficere
578 848 786 915 potest,
818 840 947 917 ejus
984 841 1377 901 testimonium
1425 841 1704 916 divinum,
1757 860 1824 899 ac
1869 858 2001 898 cum
2051 838 2178 897 Deo
2221 857 2401 896 unum
2446 836 2561 894 dici
2605 855 2724 895 non

304 924 514 993 potest.
600 922 658 977 2.
700 919 755 977 N
759 939 835 978 on
874 920 1147 980 dicuntur
1172 930 1395 980 tantum
1449 926 1511 985 εἰς
1539 926 1593 977 τὸ
1622 918 1664 978 i'v
1691 923 1774 979 ad
1797 921 1944 978 idem
1971 938 2101 984 esse,
2141 926 2208 976 ut
2234 917 2307 975 de
2333 916 2580 975 testibus
2607 924 2721 975 ter-

302 997 583 1055 restribus
611 997 838 1073 dicitur,
884 1000 1042 1076 quod
1084 1001 1232 1059 bene
1280 1002 1356 1059 ad
1398 1020 1743 1059 consensum
1790 999 2047 1073 refertur,
2093 996 2198 1057 sed
2224 1016 2350 1057 esse
2376 1002 2432 1054 τὸ
2460 994 2503 1054 i‘v
2529 1016 2718 1073 unum,

302 1077 462 1153 quod
485 1076 849 1138 identitatem
874 1090 1095 1138 naturae
1123 1082 1351 1158 proprie
1378 1080 1568 1139 infert.
1649 1080 1777 1138 -Nee
1805 1079 1856 1137 si
1865 1080 2066 1157 fideles
2093 1077 2365 1136 dicuntur
2391 1096 2505 1134 esse
2525 1096 2714 1152 unum,

301 1156 345 1215 J
348 1176 436 1215 oa.
468 1158 611 1216 xvii.
641 1162 737 1234 21,
767 1167 834 1217 ut
859 1160 1039 1217 Pater
1065 1168 1148 1217 est
1170 1180 1343 1219 unum
1368 1181 1491 1219 cum
1520 1160 1689 1235 Filio,
1715 1160 1974 1236 sequitur
2000 1156 2242 1215 eandem
2257 1175 2386 1215 esse
2411 1155 2720 1232 utrobique

299 1235 541 1295 unitatis
565 1238 881 1297 rationem:
924 1259 1031 1298 nec
1058 1258 1179 1297 vox
1205 1243 1363 1305 καθὼς
1407 1259 1634 1317 semper
1675 1247 1840 1298 notat
1882 1237 2286 1313 aequalitatem,
2331 1235 2434 1295 sed
2461 1236 2716 1313 qualem-

302 1334 532 1392 cunque
580 1318 906 1395 analogiam
955 1328 1015 1378 et
1038 1319 1511 1395 similitudinem,
1541 1328 1608 1379 ut
1639 1321 1671 1377 1
1705 1319 1831 1377 Pet.
1860 1316 1898 1376 i.
1935 1319 2006 1375 19
2032 1338 2047 1392 ;
2094 1316 2279 1374 Math.
2309 1334 2367 1374 v.
2397 1317 2498 1373 48.
2583 1315 2718 1374 Non

300 1394 512 1453 dicitur
538 1396 611 1455 de
638 1396 925 1473 fidelibus,
957 1398 1115 1476 quod
1142 1399 1259 1457 sint
1285 1420 1466 1459 unum
1494 1418 1627 1457 cum
1657 1398 1802 1473 DeO,
1847 1396 1951 1457 sed
1978 1395 2136 1473 quod
2161 1396 2274 1454 sint
2297 1415 2440 1454 unus
2464 1395 2713 1471 spiritus,

299 1477 333 1531 >1
362 1475 491 1534 Cor.
521 1477 600 1535 vi.
635 1480 728 1552 17,
758 1497 877 1535 non
903 1487 969 1536 ut
998 1478 1275 1537 referatur
1316 1479 1391 1537 ad
1432 1479 1714 1537 unitatem
1742 1475 2126 1547 essentialem,
2173 1474 2276 1533 sed
2304 1475 2379 1532 ad
2406 1475 2714 1551 mysticam

296 1561 357 1612 et
402 1554 774 1631 spiritualem,
827 1565 893 1616 ut
935 1564 1049 1617 εἶναι
1091 1557 1132 1619 ἵν
1160 1566 1356 1635 πνεῦμα
1402 1557 1557 1617 idem
1601 1558 1680 1617 sit
1725 1556 1883 1635 quod
1923 1562 2038 1614 εἶναι
2079 1554 2123 1615 i'r
2175 1561 2251 1632 τῇ
2295 1553 2555 1631 τνεῦματί,
2602 1575 2717 1615 8886

296 1652 469 1692 unum
495 1635 733 1713 Spiritu,
765 1636 903 1713 quia
930 1638 1083 1697 idem
1118 1639 1367 1717 Spiritus
1395 1647 1454 1697 et
1479 1638 1543 1695 in
1572 1637 1774 1715 Capite
1802 1643 1862 1694 et
1889 1636 1949 1693 in
1975 1635 2250 1694 membris
2278 1643 2562 1713 operatur.

898 1718 1019 1777 XI.
1064 1718 1297 1795 Quarto,
1350 1717 1691 1778 Benedictio
1735 1714 2078 1793 Apostolica
2120 1714 2276 1773 idem
2323 1735 2441 1772 non
2468 1714 2713 1775 obscure

316 1777 361 1822 4·
390 1778 470 1824 Ε*
490 1778 650 1884 ²13⁰*
666 1795 775 1826 ¹¹¹¹·
816 1796 1048 1873 evincit,
1082 1802 1117 1856 2
1150 1798 1279 1857 Cor.
1298 1799 1424 1857 xiii.
1458 1802 1552 1856 14.
1600 1797 1816 1857 Gratia
1841 1795 2082 1854 Domini
2103 1796 2286 1853 nostri
2305 1797 2450 1854 Jesu
2481 1796 2708 1873 Christi,

817 1886 871 1935 et
900 1877 1169 1936 Charitas
1194 1880 1325 1952 Dei,
1356 1889 1411 1937 et
1440 1878 1769 1938 Communio
1795 1874 2042 1952 Spiritus
2078 1874 2140 1934 S.
2185 1875 2260 1934 sit
2303 1894 2429 1933 cum
2462 1876 2712 1934 omnibus

292 1951 462 2009 vobi-⁹.
526 1952 675 2011 Haec
702 1954 855 2012 enim
883 1956 995 2014 tria
1020 1957 1300 2016 beneficia
1326 1976 1456 2035 quse
1483 1966 1666 2017 totam
1695 1956 1897 2015 salutis
1924 1955 2205 2013 rationem
2233 1954 2708 2032 complectuntur,

296 2050 334 2088 a
360 2031 548 2090 tribus
576 2032 881 2110 distinctis,
934 2044 993 2095 et
1040 2037 1225 2096 tribus
1258 2036 1590 2096 nominibus
1636 2035 1948 2112 insignitis,
1998 2034 2266 2093 fidelibus
2295 2043 2599 2111 optantur;
2648 2036 2714 2095 Si

294 2130 435 2186 ergo
466 2110 751 2171 Dominus
778 2114 879 2189 qui
907 2116 1128 2174 confert
1154 2118 1417 2194 gratiam,
1469 2125 1529 2175 et
1575 2117 1736 2174 Deus
1776 2114 1878 2191 qui
1905 2114 2243 2172 charitatem
2267 2112 2529 2190 largitur,
2574 2122 2713 2174 sunt

296 2190 583 2267 Personas,
608 2192 811 2268 quidni
838 2194 1011 2253 etiam
1043 2195 1292 2272 Spiritus
1323 2197 1382 2255 S.
1412 2196 1513 2273 qui
1539 2196 1601 2253 in
1628 2194 1830 2253 eadem
1872 2193 2056 2253 classe
2098 2192 2410 2269 reponitur,
2450 2192 2709 2269 ejusdem

292 2269 514 2329 ordinis
541 2280 696 2330 esset
722 2281 781 2331 et
807 2272 1107 2351 dignitatis
1123 2279 1153 2335 Ῥ
1233 2276 1357 2334 Ν66
1384 2276 1479 2335 hic
1506 2274 1700 2351 excipi
1747 2272 1936 2348 debet,
1985 2272 2437 2331 Communionem
2463 2274 2712 2348 Spiritus

284 2350 529 2424 passive,
576 2370 695 2409 non
740 2354 916 2412 active
956 2374 1085 2413 esse
1126 2355 1581 2432 intelligendam,
1634 2352 1801 2431 quasi
1843 2359 2046 2411 votum
2072 2351 2185 2411 hoc
2212 2359 2380 2427 esset,
2411 2359 2479 2411 ut
2519 2353 2709 2429 gratia

296 2428 528 2504 Christi,
558 2439 618 2489 et
646 2431 895 2492 charitas
924 2434 1131 2510 Patris,
1184 2434 1462 2512 Spiritum
1507 2435 1567 2493 S.
1596 2431 1866 2492 fidelibus
1910 2431 2327 2490 communicet:
2371 2431 2520 2489 Nam
2549 2432 2712 2493 aliud

292 2516 385 2567 est
416 2508 693 2586 Spiritum
719 2521 916 2589 petere
946 2533 982 2572 a
1008 2516 1286 2574 charitate
1316 2513 1428 2573 Dei
1457 2523 1515 2573 et
1543 2513 1732 2590 gratia
1773 2512 2021 2587 Christi;
2065 2510 2225 2569 aliud
2251 2530 2390 2569 vero
2417 2520 2614 2587 petere
2643 2521 2710 2572 ut

294 2590 621 2649 communio
653 2590 901 2669 Spiritus
930 2592 1006 2654 sit
1033 2614 1164 2654 cum
1190 2594 1478 2670 fidelibus,
1530 2612 1649 2653 non
1691 2592 1884 2651 minus
1930 2612 1997 2650 ac
2026 2590 2213 2668 gratia
2241 2590 2455 2650 Christi
2482 2600 2542 2650 et
2569 2592 2705 2652 cha-

286 2669 431 2728 ritas
460 2670 667 2746 Patris,
697 2673 855 2750 quod
880 2675 975 2733 hic
1002 2674 1085 2734 fit.
1152 2675 1283 2734 Hoc
1312 2675 1464 2734 enim
1489 2682 1662 2753 pacto
1689 2673 1802 2731 tria
1827 2671 2107 2731 beneficia
2133 2691 2170 2730 a
2207 2671 2393 2731 tribus
2433 2671 2708 2733 Personis

290 2751 586 2809 manantia
610 2751 673 2808 in
700 2771 871 2829 opere
901 2755 1356 2833 Redemptionis,
1395 2756 1570 2833 juxta
1595 2753 1891 2831 proprium
1919 2752 2125 2828 cuique
2147 2751 2422 2828 operandi
2449 2752 2704 2830 modum,

290 2827 709 2906 designantur:
754 2833 1017 2895 Charitas
1047 2835 1161 2894 Dei
1200 2835 1261 2893 in
1290 2834 1654 2894 destinatione
1672 2859 1696 2908 ;
1741 2833 1946 2893 Gratia
1973 2832 2189 2890 Christi
2236 2832 2298 2889 in
2324 2832 2702 2910 acquisitione,

290 2917 353 2968 et
381 2909 719 2970 Communio
752 2911 1001 2991 Spiritus
1026 2914 1088 2973 in
1121 2915 1497 2993 applicatione
1512 2939 1537 2988 ;
1584 2911 1874 2991 quomodo
1912 2910 2051 2970 alibi
2084 2911 2333 2988 Spiritus
2368 2911 2707 2989 proponitur

294 2997 361 3048 ut
396 2991 603 3050 author
629 2991 927 3071 donorum,
960 3004 1019 3055 et
1044 3004 1111 3055 ut
1139 2996 1427 3074 objectum
1476 2995 1617 3072 voti,
1664 3011 1782 3052 non
1828 3000 1895 3052 ut
1940 2991 2181 3050 materia
2223 2991 2367 3070 ejus,
2414 3011 2593 3070 quum
2631 2993 2705 3052 ab

296 3087 365 3127 eo
392 3070 607 3147 petitur
632 3072 822 3148 gratia
848 3083 907 3132 et
932 3095 1067 3152 pax,
1100 3075 1287 3153 Apoc.
1316 3077 1355 3136 i.
1387 3079 1444 3152 4,
1476 3077 1532 3135 5.

900 3154 1056 3213 XII.
1102 3154 1335 3232 Quinto,
1364 3157 1479 3216 huc
1505 3154 1796 3235 pertinent
1825 3156 1956 3215 loca
1995 3154 2057 3214 in
2083 3154 2294 3234 quibus
2327 3175 2603 3234 expressa
2640 3155 2710 3215 fit

365 3213 411 3260 5·
429 3214 603 3317 Εὲἔῗ·
626 3229 706 3262 ”⁰
818 3232 1035 3293 mentio
1079 3235 1297 3312 Trium,
1335 3237 1435 3314 qui
1490 3237 1755 3330 distincti
1804 3244 1939 3296 sunt
1992 3256 2029 3295 a
2083 3256 2144 3294 se
2197 3234 2464 3312 invicem,
2497 3236 2708 3312 quibus

296 3392 335 3424 “
366 3389 511 3450 Cum
553 3393 779 3452 venerit
819 3313 1397 3472 {ffixlssgngue‘i}
1434 3336 1660 3454 31qu
1684 3314 2708 3472 t&dilliiintzilr'l'altlije,JfSiiililritd‘sv·ve2ri3:

294 3471 448 3546 tatis,
480 3472 581 3548 qui
608 3492 643 3530 a
672 3473 843 3532 Patre
884 3472 1162 3551 procedit,
1208 3474 1307 3533 ille
1348 3474 1657 3533 testabitur
1683 3473 1756 3532 de
1783 3494 1876 3532 me
1897 3475 1952 3532 :”
1996 3482 2056 3533 et
2096 3494 2146 3532 c.
2176 3475 2298 3532 xiv.
2333 3476 2425 3533 16.
2510 3475 2548 3507 ‘⁴
2577 3475 2709 3550 Ego

294 3551 513 3626 rogabo
560 3551 811 3628 Patrem,
870 3562 929 3613 et
982 3553 1161 3612 alium
1216 3552 1377 3612 dabit
1431 3554 1599 3612 vobis
1648 3553 2031 3628 Paracletum,
2077 3553 2179 3629 qui
2231 3561 2460 3611 maneat
2513 3553 2709 3611 vobis-

293 3650 427 3688 cum
454 3630 515 3688 in
543 3638 817 3690 aeternum
832 3633 887 3708 ;'’
930 3633 1033 3692 ubi
1052 3633 1319 3692 videmus
1345 3633 1695 3692 mentionem
1721 3631 1847 3690 fieri
1877 3630 2162 3690 Paracleti
2189 3632 2367 3706 missi,
2399 3631 2536 3689 Filii
2574 3632 2706 3690 mit-

294 3709 486 3785 tentis,
517 3720 576 3769 et
606 3711 795 3770 Patris
836 3732 871 3770 a
912 3731 1027 3790 quo
1067 3714 1345 3791 procedit,
1383 3720 1442 3771 et
1490 3712 1656 3789 cujus
1696 3712 1927 3770 nomine
1954 3711 2219 3785 mittitur,
2250 3712 2350 3787 qui
2390 3719 2456 3770 ut
2498 3719 2564 3770 ut
2611 3711 2712 3770 alii

292 3788 369 3849 ab
396 3789 663 3868 invicem,
690 3791 878 3850 Filius
905 3811 941 3850 a
960 3793 1149 3870 Patre,
1180 3801 1240 3852 et
1271 3793 1521 3871 Spiritus
1548 3811 1583 3850 a
1606 3791 1776 3867 Filio,
1799 3799 1995 3850 tamen
2020 3792 2082 3848 in
2110 3789 2318 3868 aequali
2345 3790 2712 3850 authoritatis

290 3877 353 3928 et
379 3869 612 3929 virtutis
641 3870 825 3949 gradu
854 3873 1210 3932 collocantur
1236 3873 1311 3931 ad
1339 3871 1822 3950 complementum
1851 3871 2040 3949 operis
2063 3869 2521 3947 'Redemptioni5,
2553 3871 2712 3949 quod

292 3949 403 4008 soli
434 3950 561 4010 Deo
589 3951 864 4028 competit
891 3953 1108 4030 absque
1150 3961 1538 4013 creaturarum
1578 3952 1948 4028 interventu3
1994 3952 2076 4010 sic
2116 3949 2314 4009 missio
2343 3959 2401 4009 et
2446 3951 2712 4011 executio

293 4030 607 4089 ostendunt
632 4040 858 4091 tantum
886 4031 1145 4091 ordinem
1172 4032 1322 4092 inter
1344 4034 1629 4093 Personas
1658 4040 1716 4091 et
1744 4031 2236 4110 appropriatorum
2265 4030 2710 4108 distinctionem,

292 4130 411 4168 non
455 4112 737 4186 essentiae,
790 4121 891 4171 aut
934 4112 1287 4172 causalitatis
1335 4112 1749 4172 diversitatem.
1835 4111 1957 4172 Nec
2001 4111 2208 4186 obstat,
2254 4110 2410 4188 quod
2449 4110 2714 4172 Christus

297 4189 455 4249 dicat
484 4209 545 4250 se
574 4211 779 4269 rogare
809 4192 1040 4252 Patrem
1068 4201 1127 4251 et
1152 4213 1286 4251 eum
1328 4211 1389 4252 se
1418 4212 1545 4252 esse
1572 4193 1870 4270 majorem,
1900 4192 1945 4251 J
1948 4212 2000 4249 0.
2029 4191 2152 4250 xiv.
2187 4194 2279 4267 16,
2311 4193 2407 4266 28,
2437 4191 2576 4268 quia
2601 4193 2714 4252 hoc

292 4269 435 4329 dicit
464 4270 637 4328 officii
664 4281 723 4330 et
749 4272 1081 4331 oeconomiae
1108 4282 1389 4350 respectu,
1408 4293 1527 4331 non
1554 4273 1775 4332 ratione
1803 4271 2102 4347 essentiae3
2133 4271 2249 4330 Vel
2276 4269 2435 4349 quod
2466 4271 2714 4349 Spiritus

291 4349 522 4409 dicatur
556 4352 819 4429 pluribus
865 4352 1006 4429 dari,
1038 4351 1196 4430 quod
1237 4373 1497 4431 personae
1538 4374 1656 4413 non
1699 4353 2005 4430 competit3
2053 4352 2201 4410 Nam
2246 4361 2306 4410 et
2334 4351 2522 4409 Filius
2565 4353 2714 4414 bene

291 4431 558 4507 pluribus
586 4431 797 4492 dicitur
825 4431 967 4508 dari,
1010 4453 1127 4492 non
1156 4432 1506 4493 destruendo
1534 4434 1631 4491 vel
1661 4431 2032 4492 distrahendo
2058 4450 2380 4512 personam,
2427 4430 2532 4490 sed
2557 4452 2711 4490 com-

292 4511 643 4571 municando
670 4512 990 4572 beneficia:
1033 4512 1150 4572 Vel
1176 4514 1335 4590 quod
1374 4521 1621 4590 negatur
1654 4513 1930 4590 Spiritum
1971 4533 2006 4571 a
2035 4530 2096 4571 se
2122 4511 2301 4588 loqui,
2333 4511 2376 4571 J
2381 4532 2431 4570 0.
2463 4513 2583 4570 xvi.
2619 4515 2712 4570 13.

293 4590 443 4649 Nam
477 4593 590 4651 hoc
618 4593 882 4653 absolute
911 4613 1028 4652 non
1054 4601 1144 4652 est
1169 4593 1629 4670 intelligendum,
1660 4593 1827 4669 quasi
1855 4592 2077 4670 aliquid
2101 4612 2217 4651 non
2245 4591 2417 4666 dicat,
2449 4591 2551 4649 sed
2579 4591 2717 4668 quia

291 4670 452 4730 aliud
478 4692 595 4731 non
625 4673 795 4734 docet
820 4675 895 4734 ab
924 4693 993 4734 eo
1022 4673 1179 4752 quod
1207 4673 1473 4734 Christus
1515 4671 1728 4748 docuit,
1777 4681 1842 4733 ut
1881 4673 2155 4732 innuatur
2197 4691 2325 4731 esse
2368 4669 2712 4751 principium
