3300 5225
367 367 594 416 Qua-:sn
626 344 848 430 xxvn.]
1159 364 1238 403 m:
1269 364 1385 403 nno
1415 364 1550 422 uxo,
1583 364 1659 404 ar
1686 363 1883 404 ran-to,
2653 350 2771 407 249

367 507 524 568 sonis
553 506 724 566 simul
753 505 1012 583 sumptis,
1043 525 1388 583 unaquaque
1415 513 1610 564 tamen
1649 524 1847 564 earum
1874 502 2047 563 latior
2072 511 2178 580 est,
2230 503 2367 583 quia
2413 525 2775 584 unaquaeque

366 588 622 646 Persona
647 586 823 645 habet
849 585 1082 662 quidem
1109 594 1290 645 totam
1329 586 1727 661 Divinitatem,
1760 584 1864 644 sed
1902 605 2021 643 non
2060 584 2360 662 adaequate
2401 595 2461 644 et
2500 587 2773 657 totaliter,

366 669 417 726 si
457 667 541 726 ita
565 665 654 725 fas
693 665 871 742 loqui,
915 665 978 722 id
1019 673 1108 724 est
1146 685 1265 723 non
1305 665 1602 725 exclusive
1643 665 1721 724 ad
1760 665 1921 741 alias,
1966 664 2104 742 quia
2142 664 2407 743 pluribus
2450 665 2639 725 adhuc
2688 675 2777 725 est

366 745 900 806 communicabilis:
971 745 1084 803 Illa
1139 745 1494 822 Principium
1549 764 1851 804 commune
1892 753 1983 804 est
2026 745 2420 822 operationum
2475 745 2551 803 ad
2592 753 2775 821 extra,

367 847 496 905 quae
524 826 790 884 indivisae
820 832 955 884 sunt
981 833 1041 883 et
1065 825 1254 885 tribus
1282 825 1554 884 Personis
1582 844 1951 901 communes;
1998 825 2137 884 Istae
2180 825 2535 903 Principium
2576 845 2775 903 opera-

366 907 590 966 tionum
644 905 722 964 ad
773 904 941 981 intra,
993 924 1124 982 quae
1167 904 1416 982 singulis
1465 905 1739 964 Personis
1784 904 1966 964 relate
2014 904 2092 963 ad
2139 924 2201 964 se
2248 905 2498 964 invicem
2546 925 2776 983 compe-

369 995 520 1046 tunt.

449 1067 533 1125 11.
579 1066 670 1124 De
723 1071 930 1124 natura
969 1063 1358 1124 distinctionis
1397 1062 1567 1123 istius
1607 1083 1727 1123 non
1768 1063 2137 1123 consentiunt
2178 1064 2328 1123 inter
2369 1084 2431 1123 se
2472 1062 2775 1142 Theologi.

366 1145 494 1204 Alii
520 1145 735 1204 realem
763 1152 1041 1219 statuunt,
1073 1144 1172 1202 alii
1199 1143 1515 1219 formalem,
1561 1144 1663 1201 alii
1688 1143 2000 1202 virtualem
2046 1153 2104 1203 et
2146 1144 2495 1203 eminentem
2538 1145 2781 1204 rationis

363 1225 738 1299 ratiocinatae,
769 1243 898 1301 quoe
925 1223 1064 1282 licet
1089 1243 1206 1283 non
1235 1223 1312 1283 sit
1337 1245 1374 1282 a
1399 1231 1562 1301 parte
1589 1223 1693 1298 rei,
1738 1223 1951 1282 habeat
1996 1231 2189 1282 tamen
2232 1223 2670 1283 fundamentum
2718 1224 2781 1282 in

364 1325 467 1382 re;
511 1304 611 1364 alii
637 1303 1036 1383 personalem;
1087 1304 1187 1362 alii
1231 1303 1480 1380 denique
1523 1302 1831 1362 modalem.
1916 1303 2039 1362 Nos
2086 1303 2351 1362 notiones
2400 1304 2542 1362 istas
2587 1303 2781 1362 varias

365 1405 484 1443 non
513 1383 812 1444 vexandas
841 1403 986 1460 esse,
1017 1391 1078 1442 et
1102 1383 1180 1461 ad
1207 1384 1408 1444 vivum
1435 1383 1778 1442 resecandas
1806 1401 2125 1458 censemus,
2156 1390 2357 1460 utpote
2386 1402 2516 1460 quae
2544 1403 2579 1441 a
2606 1383 2780 1442 rebus

368 1465 638 1524 humanis
667 1471 728 1522 et
754 1463 933 1522 finitis
959 1463 1173 1540 petitae,
1207 1463 1556 1541 Mysterium
1583 1464 1696 1522 hoc
1736 1462 1969 1522 nonnisi
1996 1462 2168 1521 valde
2208 1462 2541 1539 imperfecte
2582 1463 2781 1522 adum-

363 1544 532 1603 brare
561 1551 793 1621 queant,
824 1552 884 1602 et
909 1543 1274 1621 praestitisset
1299 1544 1362 1602 in
1396 1543 1507 1601 hac
1549 1543 1809 1620 generali
1848 1543 2081 1601 notione
2124 1541 2454 1618 subsistere,
2498 1543 2624 1602 dari
2665 1543 2782 1601 dis-

363 1625 704 1683 tinctionem
729 1623 1002 1701 aliquam,
1032 1623 1171 1683 licet
1197 1623 1386 1702 qualis
1413 1630 1473 1683 et
1499 1631 1719 1701 quanta
1746 1622 1839 1699 sit,
1870 1641 1907 1680 a
1940 1621 2111 1682 nobis
2138 1621 2267 1699 capi
2308 1629 2368 1681 et
2408 1621 2655 1701 exprimi
2682 1641 2781 1681 ne-

373 1711 568 1781 queat.
1383 1710 1402 1728 ⁶

679 1848 690 1860 ,
748 1848 758 1860 ⁰
977 1783 1098 1842 ΙΙΙ.
1143 1783 1310 1844 Licet
1336 1791 1530 1844 autem
1557 1803 1758 1843 omnes
1784 1782 1913 1842 istae
1934 1780 2325 1842 distinctionis
2354 1781 2577 1860 species
2602 1781 2781 1860 longe

367 1846 854 1951 Νζζᾱθζζὲζῖἱζξξῗῆ
897 1863 1216 1924 subsistant
1242 1864 1392 1922 infra
1417 1863 1566 1923 tanti
1594 1863 1867 1941 Mysterii
1911 1862 2341 1936 sublimitatem,
2392 1862 2556 1921 nulla
2590 1869 2787 1921 tamen

889 1943 1126 2020 propius
1171 1943 1246 2002 ad
1288 1943 1436 2004 illud
1462 1942 1734 2003 accedere
1782 1942 1952 2002 nobis
1979 1942 2225 2018 videtur,
2274 1943 2620 2002 distinctione
2666 1963 2783 2001 mo-

369 2025 506 2100 dali,
538 2043 654 2101 qua
681 2023 887 2083 modus
915 2022 1127 2082 dicitur
1151 2021 1433 2100 distingui
1461 2043 1496 2080 a
1521 2042 1584 2080 re
1611 2023 1839 2100 aliqua;
1884 2021 2021 2098 quia
2047 2021 2427 2099 proprietates
2453 2023 2787 2099 personales

367 2105 580 2181 quibus
611 2104 880 2162 Personae
921 2101 1357 2178 distinguuntur
1383 2103 1458 2160 ab
1487 2103 1775 2178 Essentia,
1808 2111 1943 2160 sunt
1968 2100 2127 2159 modi
2153 2100 2390 2177 quidam
2452 2101 2622 2161 uibus
2651 2102 2787 2160 cha·

368 2183 779 2259 racterisatur3
823 2201 941 2240 non
968 2181 1202 2258 quidem
1231 2181 1548 2241 formaliter
1587 2189 1647 2241 et
1686 2181 1933 2259 proprie,
1978 2180 2267 2258 quomodo
2316 2199 2375 2237 m
2458 2180 2471 2194 ⁹
2516 2180 2789 2239 dicuntur

369 2283 498 2323 esse
526 2264 588 2322 in
615 2264 790 2322 rebus
819 2261 1044 2336 creatis,
1076 2281 1206 2338 quse
1235 2281 1366 2320 cum
1393 2261 1572 2319 finitae
1601 2261 1720 2320 sint
1744 2258 2132 2319 diversimode
2161 2258 2326 2334 affici,
2360 2267 2419 2318 et
2444 2259 2649 2318 modos
2697 2279 2785 2318 re·

371 2344 540 2402 aliter
569 2343 874 2402 distinctos
915 2349 974 2400 et
1013 2341 1361 2419 posteriores
1399 2361 1462 2400 re
1503 2340 1837 2399 modificata
1875 2339 2179 2398 admittere
2220 2347 2483 2416 possunt,
2526 2338 2685 2416 quod
2724 2340 2787 2396 in

371 2423 484 2481 Dei
513 2423 842 2481 Essentiam
871 2419 1154 2479 infinitam
1181 2429 1240 2480 et
1279 2420 1755 2498 perfectissimam
1798 2419 2003 2478 cadere
2043 2418 2278 2496 nequit3
2324 2418 2428 2477 sed
2469 2417 2789 2476 eminenter

367 2509 427 2561 et
453 2501 772 2578 analogice,
803 2500 1046 2560 sublatis
1075 2500 1342 2559 omnibus
1369 2500 1448 2558 im
1489 2499 1915 2558 effectionibus.
2000 2497 2095 2556 Ita
2136 2497 2391 2556 Persona
2429 2497 2656 2556 differre
2700 2497 2785 2555 di-

369 2591 531 2642 cetur
558 2581 632 2641 ab
661 2580 948 2657 Essentia,
979 2599 1098 2639 non
1123 2581 1372 2657 realiter,
1403 2580 1424 2638 i
1493 2587 1584 2639 est
1609 2578 1987 2654 essentialiter,
2018 2585 2086 2637 ut
2124 2596 2218 2637 res
2246 2586 2305 2636 et
2347 2597 2475 2653 res;
2520 2577 2625 2638 sed
2668 2597 2785 2636 mo-

374 2664 599 2738 daliter‚
629 2669 697 2721 ut
723 2663 920 2720 modus
947 2682 988 2719 a
1013 2680 1095 2719 re.

451 2741 562 2800 IV.
621 2741 794 2801 Unde
843 2740 1104 2817 sequitur
1155 2739 1378 2799 nullam
1425 2758 1553 2798 esse
1608 2737 2083 2816 compositionem
2136 2737 2199 2795 in
2254 2737 2399 2813 Deo,
2447 2737 2585 2815 quia
2630 2756 2784 2796 com-

366 2822 579 2900 positio
607 2822 790 2879 oritur
815 2828 1041 2879 tantum
1069 2839 1144 2878 ex
1170 2820 1344 2879 rebus
1372 2819 1655 2895 diversis;
1701 2818 1807 2878 sed
1831 2818 1928 2877 hic
1954 2838 2073 2876 non
2109 2817 2391 2876 habemus
2430 2837 2524 2876 res
2566 2824 2626 2876 et
2672 2836 2784 2891 res,

369 2901 474 2961 sed
499 2921 622 2959 rem
649 2908 709 2959 et
733 2900 938 2958 modos
963 2900 1066 2975 rei,
1098 2899 1311 2977 quibus
1338 2920 1456 2958 non
1500 2898 1879 2976 componitur,
1932 2896 2037 2955 sed
2079 2896 2473 2973 distinguitur.
2558 2896 2788 2955 Deinde

369 2980 709 3058 compositio
738 2988 827 3039 est
855 2999 930 3037 ex
957 2979 1075 3038 illis
1103 2998 1234 3057 quae
1261 2998 1323 3037 se
1351 2978 1568 3037 habent
1603 2987 1671 3036 ut
1710 2976 1971 3056 potentia
2011 2984 2071 3034 et
2110 2984 2290 3051 actus,
2335 2976 2493 3053 quod
2532 2976 2628 3034 hic
2668 2996 2789 3035 non

369 3060 557 3120 datur.
642 3060 766 3117 Nec
791 3059 1072 3117 terminus
1100 3058 1532 3136 compositionis
1560 3058 1686 3116 sine
1715 3055 2144 3134 imperfectione
2174 3056 2301 3113 Deo
2330 3056 2507 3114 tribui
2534 3064 2743 3131 potest.

450 3140 529 3197 V.
574 3138 863 3215 Quicquid
909 3144 1000 3196 est
1042 3138 1106 3196 in
1154 3139 1282 3196 Deo
1329 3137 1636 3197 essentiale
1682 3144 1742 3195 et
1782 3135 2111 3195 absolutum
2138 3143 2226 3194 est
2256 3135 2417 3193 Deus
2444 3135 2605 3213 ipse;
2647 3135 2789 3195 talia

371 3226 507 3278 sunt
535 3217 812 3277 attributa
840 3217 1073 3290 Divina,
1107 3216 1392 3293 Potentia,
1448 3216 1761 3293 Sapientia,
1806 3216 1849 3275 J
1852 3214 2067 3290 ustitia,
2100 3212 2208 3273 &a
2264 3215 2381 3273 Sed
2408 3215 2685 3293 quicquid
2726 3216 2789 3274 in

373 3298 502 3356 Deo
530 3306 621 3355 est
647 3296 965 3373 personale,
996 3295 1320 3373 relativum,
1367 3304 1426 3355 et
1453 3296 1699 3370 modale,
1742 3314 1861 3354 non
1890 3295 2083 3353 statim
2112 3294 2441 3353 omnimodo
2468 3294 2787 3355 identifica-

369 3386 467 3438 tur
493 3396 626 3435 cum
655 3376 926 3435 Essentia
954 3375 1204 3452 Divina;
1249 3384 1339 3434 est
1385 3374 1622 3452 quidem
1672 3375 1833 3433 Deus
1862 3374 1923 3432 in
1950 3380 2236 3448 concreto,
2289 3373 2393 3432 sed
2440 3394 2559 3432 non
2584 3375 2648 3433 in
2686 3376 2787 3433 ab·

371 3464 624 3531 stracto;
667 3465 757 3514 est
786 3456 946 3513 Deus
975 3455 1164 3531 Pater,
1195 3455 1294 3513 vel
1321 3455 1483 3513 Deus
1513 3454 1717 3531 Filius,
1764 3454 1863 3514 vel
1900 3453 2062 3512 Deus
2093 3452 2343 3530 Spiritus
2375 3453 2639 3529 Sanctus,
2685 3454 2791 3513 sed

372 3555 492 3593 non
518 3542 711 3613 potest
737 3535 854 3593 dici
881 3532 1198 3593 formaliter
1221 3533 1350 3611 ipsa
1378 3533 1691 3593 Divinitas.

450 3616 564 3673 VI.
609 3614 754 3673 Cum
798 3613 1052 3674 infinitas
1101 3613 1177 3673 sit
1217 3612 1538 3691 proprietas
1593 3611 1918 3671 essentialis
1971 3630 2101 3687 quoe
2143 3610 2417 3687 competit
2460 3610 2785 3687 Divinitati,

369 3714 488 3753 non
513 3702 862 3830 necessefpst
880 3703 948 3752 ut
973 3692 1478 3771 personalitatibus
1504 3691 1733 3770 proprie
1750 3690 2063 3766 tribuatur;
2096 3688 2305 3750 sufficit
2325 3709 2426 3748 eos
2443 3689 2558 3749 dici
2584 3690 2789 3750 modos

373 3773 659 3833 Essentiae
687 3773 750 3831 in
791 3772 945 3831 nitse.

449 3854 599 3913 VII.
647 3851 944 3931 Sapientia
989 3859 1050 3911 et
1090 3850 1299 3910 Virtus
1344 3850 1458 3909 Dei
1502 3850 1743 3928 praecise
1790 3856 1850 3909 et
1896 3847 2279 3909 essentialiter
2332 3858 2593 3926 sumptae,
2652 3858 2788 3909 sunt

369 3932 648 3991 attributa
693 3952 824 4009 quse
877 3930 1305 3991 identificantur
1357 3950 1490 3989 cum
1546 3929 1907 4005 Divinitate;
1952 3929 2055 3987 sed
2109 3927 2379 3987 dicuntur
2417 3928 2492 3988 de
2534 3927 2687 3987 Filio
2728 3938 2788 3989 et

374 4011 594 4088 Spiritu
625 4012 685 4071 S.
715 4011 1092 4089 personaliter
1119 4018 1179 4069 et
1203 4011 1402 4085 relate,
1443 4017 1616 4087 prout
1641 4008 1969 4068 afficiuntur
1994 4007 2501 4087 personalitatibus
2546 4008 2684 4065 Filii
2728 4017 2787 4068 et

377 4091 420 4150 S
463 4090 628 4150 iritus
661 4091 721 4149 S.

421 4110 636 4227 Ι)ῑῙΙΙΙ.
683 4168 996 4229 Distinctio
1027 4169 1410 4228 Personarum
1449 4168 1602 4228 inter
1642 4187 1705 4227 se
1745 4168 1931 4245 major
1956 4167 2189 4227 videtur
2214 4186 2341 4226 esse
2371 4186 2544 4245 quam
2571 4167 2645 4225 ab
2675 4167 2784 4225 Es·

372 4248 590 4323 sentia3
637 4249 789 4307 Nam
819 4248 1088 4307 Essentia
1113 4256 1305 4326 potest
1346 4248 1650 4326 praedicari
1692 4247 1765 4307 de
1812 4248 2085 4323 Persona,
2136 4266 2243 4306 nec
2288 4246 2459 4306 datur
2499 4247 2787 4325 oppositio

369 4328 522 4387 inter
549 4328 864 4387 Personam
891 4336 950 4386 et
978 4327 1305 4387 Essentiam
1333 4328 1396 4386 in
1422 4337 1557 4389 actu
1583 4327 1855 4403 exercito,
1888 4346 1992 4387 seu
2032 4328 2095 4385 in
2136 4335 2419 4401 concreto,
2451 4334 2515 4385 ut
2542 4326 2783 4401 dicatur,

369 4408 496 4466 haec
515 4407 772 4467 Persona
797 4427 914 4466 non
935 4415 1026 4466 est
1047 4408 1225 4482 Deus,
1256 4408 1391 4466 nam
1413 4409 1590 4467 Pater
1615 4415 1706 4466 est
1728 4407 1905 4482 Deus,
1929 4407 2116 4465 Filius
2144 4416 2233 4465 est
2262 4407 2439 4481 Deus,
2465 4403 2572 4464 Sec.
2602 4426 2783 4482 quan·

369 4506 546 4564 quam
573 4487 634 4545 in
661 4496 796 4547 actu
824 4488 1052 4563 signato
1101 4495 1162 4546 et
1207 4487 1268 4545 in
1295 4488 1586 4547 abstracto
1614 4487 1871 4545 Persona
1898 4506 2015 4546 non
2044 4487 2121 4546 sit
2148 4486 2451 4545 Essentia:
2498 4484 2615 4543 Sed
2643 4485 2781 4543 Per-

369 4580 526 4625 sonae
569 4566 642 4626 de
684 4587 746 4626 se
788 4566 1038 4625 invicem
1080 4567 1380 4644 praedicari
1423 4586 1542 4625 non
1578 4575 1839 4644 possunt,
1880 4586 2015 4625 nam
2062 4566 2236 4625 Pater
2278 4585 2393 4624 non
2436 4572 2630 4643 potest
2669 4564 2786 4621 dici

373 4646 580 4722 Filius,
610 4646 706 4705 vel
738 4646 926 4705 Filius
955 4646 1146 4704 Pater.
