3300 5225
569 368 683 424 160
1542 382 1728 426 Locus
1753 382 2020 425 rsarms.
2625 363 2876 445 [cumr.
2907 387 2978 430 11.

566 524 728 662 1)ιᾶιῶ
726 523 884 603 quod
910 542 1229 603 negamus:
1260 523 1409 583 Nam
1426 542 1556 603 quse
1577 525 1748 585 nobis
1773 524 2109 603 perturbata
2135 522 2407 584 videntur
2433 523 2589 603 apud
2621 524 2809 586 Deum
2839 537 2980 589 sunt

562 624 627 663 or
730 604 1003 664 atissima.

646 684 896 743 XXIV.
941 683 1264 759 Quamvis‘
1248 703 1308 742 ιιι
1334 683 1551 743 mundo
1576 684 1742 743 varia
1767 682 2074 744 videantur
2115 682 2359 759 inutilia,
2410 682 2527 742 imo
2569 684 2756 743 multa
2794 686 2975 747 noxia

563 771 623 823 et
648 764 987 841 periculosa,
1016 784 1147 841 quae
1174 763 1251 823 ad
1280 763 1371 823 sui
1396 763 1577 841 ipsius
1603 763 1916 857 perniciem
1943 773 2002 824 et
2028 764 2104 823 ad
2129 763 2368 823 humani
2394 764 2624 841 generis
2651 774 2970 824 extremam

562 844 852 903 miseriam
881 847 1209 921 comparata
1236 852 1387 919 sunt,
1419 852 1486 903 ut
1510 843 1782 903 horrendi
1809 852 1869 902 et
1894 843 2179 920 ignivomi
2205 850 2447 917 montes,
2477 844 2579 920 qui
2605 843 2968 904 flammarum

560 932 621 983 et
646 923 903 983 cinerum
928 930 1205 1001 perpetua
1230 924 1581 983 eructatione
1609 943 1798 1001 agros,
1827 942 2028 1017 pagos,
2049 923 2315 982 civitates
2341 930 2401 981 et
2415 922 2673 1001 integras
2701 924 2969 1001 regiones

561 1024 692 1063 cum
720 1002 1049 1062 homnibus
1076 1012 1136 1062 et
1162 1002 1384 1063 caeteris
1411 1002 1840 1063 animantibus
1823 1003 2186 1081 iniquissimo
2212 1002 2332 1062 fato
2357 1002 2626 1078 obruunt,
2656 1004 2968 1081 voragines

558 1084 811 1159 marinae,
844 1082 1065 1160 scopuli
1106 1082 1386 1160 naufragi,
1433 1082 1626 1142 herbae
1673 1092 1992 1159 venenatae,
2037 1090 2098 1142 et
2145 1082 2324 1142 noxia
2367 1082 2698 1158 animantia,
2747 1091 2809 1143 et
2851 1085 2967 1144 alia

556 1162 840 1240 idgenus.
883 1163 1016 1221 Non
1044 1162 1304 1239 sequitur
1328 1161 1605 1221 mundum
1634 1162 1710 1221 ab
1753 1162 1948 1240 aliquo
1993 1162 2146 1222 Ente
2189 1162 2406 1240 optimo
2455 1170 2514 1220 et
2541 1163 2965 1240 sapientissimo

556 1243 849 1302 conditum
893 1262 1009 1300 non
1052 1240 1245 1318 fuisse,
1297 1250 1357 1301 et
1402 1241 1477 1301 ab
1520 1242 1724 1301 eodem
1769 1262 1886 1301 non
1942 1241 2153 1319 dirigi3
2197 1241 2348 1317 Quia
2385 1248 2766 1319 praeterquam
2807 1244 2964 1321 quod

554 1322 740 1399 gloria
768 1322 1055 1382 Creatoris
1082 1342 1159 1380 ex
1186 1321 1313 1381 istis
1342 1321 1609 1381 omnibus
1636 1318 1951 1381 clarissime
1979 1322 2184 1397 elucet,
2214 1320 2360 1379 nihil
2387 1328 2508 1379 tam
2535 1330 2626 1380 est
2651 1322 2873 1399 inutile,
2903 1330 2965 1383 et

554 1402 793 1461 noxium
820 1402 988 1461 nobis
1015 1402 1263 1477 videtur,
1293 1402 1451 1479 quod
1479 1401 1656 1460 variis
1684 1400 1872 1460 modis
1914 1401 2278 1461 conducibile
2305 1420 2422 1459 non
2451 1401 2543 1477 sit,
2577 1410 2700 1460 tum
2741 1402 2962 1461 homini

550 1490 672 1541 tum
702 1481 831 1541 aliis
860 1482 1184 1541 creaturis,
1228 1482 1351 1541 Nec
1381 1481 1431 1540 si
1457 1482 1654 1540 varios
1663 1500 1817 1553 usus
1844 1500 2035 1541 rerum
2061 1480 2301 1541 istarum
2325 1500 2446 1540 non
2471 1498 2779 1559 possumus
2805 1502 2959 1542 asse-

548 1562 666 1639 qui,
698 1562 971 1622 continuo
1000 1560 1258 1638 sequitur
1282 1560 1475 1621 nullos
1501 1580 1647 1620 esse.

632 1642 847 1701 XXV.
892 1642 1179 1718 Prospera
1218 1641 1540 1717 impiorum,
1588 1649 1647 1699 et
1693 1639 1938 1699 adversa
1978 1640 2204 1717 piorum
2252 1639 2566 1700 ostendunt
2607 1638 2959 1720 sapientissi-

548 1740 701 1779 mam
733 1721 1253 1813 Dispensationem,
1284 1720 1386 1797 qui
1411 1721 1535 1779 hoec
1560 1720 1758 1779 omnia
1785 1719 1860 1778 ad
1888 1719 2130 1797 gloriam
2173 1740 2336 1779 suam
2377 1728 2436 1779 et
2460 1720 2686 1798 piorum
2714 1721 2959 1781 salutem

549 1801 874 1861 convertit:
938 1799 1055 1859 Sed
1105 1799 1443 1859 Divinitatis
1492 1800 1668 1859 fidem
1713 1798 2060 1860 labefactare
2108 1818 2224 1858 non
2273 1799 2520 1859 debent·
2566 1800 2697 1859 Imo
2734 1801 2778 1860 J
2781 1800 2958 1860 udicn

546 1880 737 1940 ultimi
764 1888 896 1958 post
920 1880 1071 1938 hanc
1098 1880 1280 1938 vitam
1322 1880 1630 1939 exercendi
1657 1880 1959 1939 veritatem
2009 1878 2364 1955 confirmant,
2416 1879 2518 1940 ubi
2559 1880 2957 1959 unusquisque

547 1961 785 2039 recipiet
811 1960 947 2019 fidei
974 1968 1032 2018 et
1058 1959 1226 2018 factis
1252 1968 1654 2020 consentanea.

628 2040 877 2099 XXVI.
923 2040 1153 2099 Bonum
1199 2037 1487 2098 infinitum
1530 2060 1647 2099 non
1693 2040 1887 2099 statim
1931 2039 2086 2099 tollit
2127 2039 2322 2099 omnia
2363 2040 2534 2114 mala,
2581 2038 2632 2097 si
2671 2039 2750 2099 sit
2775 2060 2958 2118 agens

541 2120 894 2179 liberrimum
922 2139 1040 2178 non
1067 2119 1486 2196 necessarium3
1529 2119 1668 2197 quia
1695 2119 1770 2177 ad
1798 2119 2138 2197 sapientiam
2178 2127 2238 2178 et
2279 2119 2750 2196 omnipotentiam
2791 2140 2954 2179 suam

539 2202 728 2278 magis
748 2200 975 2279 judicat
999 2199 1302 2277 pertinere,
1352 2200 1568 2259 malum
1596 2200 1943 2277 permittere,
1993 2209 2060 2259 ut
2087 2219 2163 2258 ex
2190 2218 2259 2259 eo
2287 2198 2502 2259 bonum
2529 2199 2738 2275 eliciat,
2780 2219 2954 2277 quam

538 2282 752 2341 malum
783 2300 908 2339 esse
936 2299 1054 2337 non
1082 2279 1287 2339 sinere.

620 2360 906 2419 XXVII.
950 2360 1195 2435 Quando
1226 2360 1387 2418 Deus
1414 2358 1627 2419 dicitur
1653 2378 1780 2419 esse
1809 2380 1848 2417 a
1873 2360 2070 2433 seipse,
2121 2360 2233 2418 hoc
2276 2357 2718 2436 intelligendum
2757 2358 2952 2437 potius

537 2442 788 2517 negative
842 2440 979 2517 quia
1032 2448 1122 2498 est
1162 2459 1199 2497 a
1252 2438 1430 2515 nullo,
1475 2448 1565 2499 est
1620 2440 1834 2517 quippe
1887 2440 2106 2515 αὖτοζαὸ
2151 2447 2211 2498 et
2250 2440 2448 2513 αὐτοὺ,
2495 2458 2669 2515 quam
2715 2441 2954 2516 pontive

538 2520 706 2597 quasi
733 2529 885 2580 esset
914 2519 1185 2597 suiipsius
1213 2538 1403 2594 causa,
1450 2518 1609 2596 quod
1649 2520 1924 2598 implicat,
1975 2518 2112 2597 quia
2139 2528 2293 2578 esset
2320 2520 2510 2597 seipso
2550 2518 2708 2597 prior
2733 2528 2794 2579 et
2816 2539 2948 2598 pos-

537 2600 941 2738 ιθιέξίηὲζῖῙΙΙῙ.
988 2678 1171 2737 Aliud
1212 2688 1301 2739 est
1326 2677 1413 2738 uti
1444 2679 1749 2756 Religione
1771 2686 1830 2738 et
1851 2679 2119 2739 Numinis
2147 2699 2320 2739 sensu
2341 2678 2418 2738 ad
2433 2679 2721 2757 populos
2703 2698 2766 2738 m
2783 2679 2947 2738 obse-

537 2759 737 2837 quium
766 2758 1073 2838 cogendos,
1104 2767 1165 2818 et
1190 2758 1251 2816 in
1278 2758 1467 2818 officio
1494 2759 1908 2820 continendos.
1951 2759 2137 2818 Aliud
2153 2779 2292 2819 vero
2319 2760 2493 2818 talem
2521 2759 2948 2838 persuasionem

540 2839 824 2916 Numinis,
875 2839 1013 2898 licet
1054 2837 1276 2914 falsam,
1334 2838 1563 2916 populis
1610 2840 1922 2916 imponere.
2007 2839 2220 2899 Fateor
2261 2838 2496 2916 quidem
2540 2839 2699 2916 prius
2743 2839 2948 2898 fecisse

538 2920 945 2996 Legislatores,
993 2926 1053 2977 et
1093 2918 1384 2994 plurima
1368 2939 1427 2976 ιιι
1478 2919 1784 2996 Religione
1827 2925 2183 2978 commentos
2231 2938 2358 2978 esse
2401 2927 2624 2978 astutos
2665 2919 2944 2994 homines,

536 2999 746 3076 quibus
774 2998 1153 3057 reverentiam
1178 2997 1537 3075 plebeculae’
1520 3000 1822 3077 injicerent
1849 3008 1908 3059 et
1933 3007 2208 3058 terrorem
2247 2999 2585 3074 incuterent,
2622 3019 2738 3076 qno
2769 2998 2946 3057 habe-

536 3087 667 3138 rent
693 3077 1162 3155 obsequentiores
1190 3078 1317 3156 ejus
1344 3077 1584 3139 animos.
1673 3079 1788 3138 Sed
1815 3077 1878 3136 id
1905 3097 2200 3156 nunquam
2229 3078 2629 3154 obtinuissent,
2671 3077 2784 3136 nisi
2819 3079 2946 3156 jam

535 3159 697 3235 prius
724 3157 1010 3216 constanti
1036 3157 1137 3216 illa
1165 3157 1236 3216 de
1267 3158 1394 3217 Deo
1430 3159 1800 3236 persuasione
1826 3158 2066 3218 imbutae
2109 3158 2351 3218 fuissent
2376 3159 2673 3218 hominum
2701 3167 2941 3233 mentes,

536 3257 613 3297 ex
641 3257 756 3315 qua
782 3239 946 3297 velut
973 3237 1188 3296 semine
1216 3237 1460 3315 emergit
1486 3238 1562 3296 ad
1592 3237 1957 3315 Religionem
1986 3239 2310 3316 propensio.
2357 3237 2582 3298 Deinde
2599 3238 2730 3314 quis
2747 3237 2946 3297 credat

536 3337 850 3396 paucorum
876 3318 939 3375 vi
967 3316 1061 3374 vel
1090 3318 1301 3376 astutia
1328 3316 1594 3376 diffusam
1624 3337 1750 3376 esse
1778 3337 1882 3395 per
1909 3337 2108 3376 omncs
2129 3318 2285 3377 orbis
2301 3327 2510 3395 partes,
2535 3327 2594 3378 et
2619 3337 2723 3395 per
2747 3318 2944 3376 omnia

536 3397 731 3458 secula
772 3404 1128 3456 constantem
1180 3397 1341 3455 illam
1396 3397 1742 3474 opinionem,
1799 3417 1930 3473 quae
1973 3405 2268 3474 tantopere
2322 3405 2503 3457 vexat
2543 3397 2939 3472 conscientias,

537 3479 711 3538 etiam
766 3477 825 3534 in
881 3476 1194 3536 sceleribus
1248 3476 1603 3536 absconditis
1618 3480 1648 3535 ?
1731 3476 1876 3552 Quis
1928 3497 2047 3536 non
2100 3477 2278 3552 videt,
2336 3477 2509 3554 quod,
2555 3476 2606 3536 si
2643 3477 2944 3554 persuasio

538 3557 877 3617 Divinitatis
904 3556 1146 3615 debetur
1171 3555 1505 3616 authoritati
1535 3556 1777 3634 Legum,
1809 3563 1868 3615 et
1893 3557 2074 3616 metui
2101 3556 2529 3634 suppliciorum,
2557 3575 2676 3616 non
2701 3557 2944 3615 ulterius

535 3638 809 3698 duratura
834 3637 937 3696 illa
964 3635 1168 3695 fuisset
1194 3656 1367 3713 quam
1396 3635 1639 3695 durante
1661 3636 1810 3713 jugo
1855 3636 2152 3696 servitutis
2166 3641 2196 3695 Ρ
2235 3657 2366 3696 cum
2393 3645 2588 3696 tamen
2615 3644 2836 3696 eertum
2864 3636 2942 3694 sit

534 3718 693 3775 illam
720 3717 1043 3795 pervasisse
1087 3715 1148 3774 in
1197 3735 1397 3776 omnes
1443 3715 1709 3774 homines
1753 3716 1927 3775 etiam
1974 3715 2316 3794 liberrimos,
2355 3725 2416 3778 et
2460 3717 2658 3794 legum
2691 3715 2940 3775 vinculis

532 3799 769 3857 solutos.

1476 3953 1866 4030 QUAESTIO
1906 3955 1992 4014 11.

1135 4111 1229 4170 An
1256 4113 1459 4170 denim-
1484 4113 1910 4190 Atheiproprie
1937 4113 2114 4172 dicti!
2194 4113 2344 4192 Neg.

1139 4269 1189 4327 Ι.
1234 4268 1379 4328 Cum
1406 4276 1603 4331 tantus
1643 4271 1720 4330 sit
1757 4271 1977 4331 hodie
1958 4293 2020 4330 ιιι
2046 4273 2264 4332 mundo
2293 4272 2616 4332 Atheorum
2644 4291 2934 4365 numerus,

592 4334 957 4440 3“ξῗ”ῃ3““5·
1054 4347 1264 4408 mirum
1290 4349 1477 4427 prima
1502 4349 1690 4410 fronte
1716 4351 1903 4409 videri
1928 4354 2158 4429 poterit,
2203 4352 2362 4430 quod
2388 4350 2536 4411 tales
2562 4351 2704 4426 dari,
2750 4351 2892 4410 vel
2873 4371 2937 4409 ιιι

1052 4426 1291 4487 dubium
1318 4431 1577 4490 revocari
1602 4430 1788 4509 possit
1813 4431 1912 4490 vel
1937 4433 2157 4510 negari.
2245 4432 2362 4492 Sed
2387 4432 2562 4490 certis
2586 4429 2791 4510 positis
2817 4431 2935 4489 dis-

528 4505 901 4566 tinctionibus
929 4505 1095 4566 facile
1121 4508 1358 4585 patebit,
1388 4529 1503 4586 quo
1532 4529 1705 4572 sensu
1732 4529 1934 4570 verum
1963 4531 2090 4572 esse
2109 4511 2310 4590 possit,
2331 4511 2558 4572 Atheos
2573 4510 2770 4590 plures
2790 4509 2933 4587 dari,

525 4595 584 4646 et
609 4594 802 4646 tamen
831 4586 1056 4647 Atheos
1084 4587 1277 4658 nullos
1300 4607 1446 4649 esse.
