3300 5225
507 260 552 316 8
1501 274 1684 316 Locus
1714 270 1947 316 ramus,
2532 250 2793 336 [Quassr.
2822 272 2916 315 111.

503 414 862 494 temporibus
907 414 1061 476 facta
1099 414 1424 475 dimanasse
1463 414 1687 475 volunt.
1728 415 1917 475 Socin.
1960 415 2219 473 Praeleet.
2258 414 2449 474 Theol.
2478 433 2530 473 c.
2558 417 2617 475 2.
2652 416 2917 475 Ostorod.

506 498 690 557 Imtit.
738 497 926 573 Reliq.
975 496 1182 557 Christ.
1231 516 1282 556 c.
1331 498 1390 555 3.
1433 493 1759 555 Orthodoxi
1804 514 1946 554 vero
1992 494 2371 571 Theologiam
2423 493 2744 553 naturalem
2788 493 2918 553 dari

505 576 717 655 partim
745 576 987 653 insitam,
1039 595 1169 654 quae
1197 594 1273 633 ex
1311 575 1463 633 libro
1503 574 1871 633 conscientiae
1896 574 2161 634 hauritur
2194 593 2299 652 per
2326 576 2489 641 κοινὸς
2512 575 2680 640 indas
2704 574 2917 653 partim

505 656 855 733 acquisitam,
876 674 1007 733 quae
1024 676 1101 715 ex
1127 655 1277 714 libro
1293 655 1696 715 ereaturarum
1722 654 1939 731 petitur
1962 672 2067 733 per
2090 653 2433 731 discursum,
2457 662 2787 714 constanter
2811 652 2917 713 do·

507 744 660 795 cent.
742 735 823 795 Et
849 734 1224 813 sequentibus
1250 734 1606 811 argumentis
1631 734 1897 810 probant.

507 852 832 899 ‚mmmm
845 856 985 899 natu·
1107 814 1187 875 V.
1231 814 1380 890 Quia
1406 813 1576 881 datur
1601 814 1663 872 in
1689 813 1921 873 homine
1946 814 2077 873 Lex
2100 813 2399 890 namatus,
2428 832 2561 891 quse
2587 812 2803 891 scripta
2826 819 2919 873 est

475 938 480 944 -
508 912 628 955 rau·
659 912 894 969 probatur
923 924 987 958 ex
1026 892 1088 954 in
1101 892 1371 972 uniuscuj
1377 912 1558 971 usque
1575 892 1943 968 conscientia,
1961 901 2021 953 et
2036 912 2167 970 quse
2182 894 2475 952 hominem
2490 901 2733 953 excusat
2748 902 2807 952 et
2822 912 2918 951 ae-

509 967 602 1014 Ro.
621 968 677 1013 ii.
697 967 769 1014 14.
871 988 883 997 ·
1027 982 1191 1035 cusat
1207 974 1268 1032 in
1283 974 1432 1033 bene
1448 972 1545 1033 vel
1561 972 1894 1047 malefactis,
1915 992 2159 1051 quaeque
2178 971 2311 1032 ideo
2330 972 2655 1032 necessario
2674 971 2921 1031 includit

507 1054 896 1131 cognitionem
941 1054 1054 1113 Dei
1099 1053 1492 1131 Legislatoris,
1539 1053 1707 1129 cujus
1750 1053 2057 1114 autoritate
2099 1052 2361 1113 homines
2404 1052 2627 1129 obligat
2663 1050 2738 1109 ad
2780 1051 2919 1111 obe-

505 1128 802 1210 dientiam,
829 1133 1148 1212 iisdemque
1175 1134 1412 1212 praemia
1436 1132 1534 1193 vel
1558 1152 1760 1211 poenas
1787 1132 2135 1193 denunciat:
2182 1131 2386 1193 Gentes
2420 1151 2549 1209 quae
2573 1132 2781 1208 Leqem
2806 1136 2921 1191 mh

507 1212 723 1289 hahent,
753 1213 816 1272 id
842 1222 932 1273 est
959 1213 1178 1291 Legem
1207 1212 1412 1290 Mosis,
1441 1222 1656 1273 natura
1697 1232 1826 1291 quoe
1852 1213 1987 1289 leqis
2010 1221 2142 1271 sunt
2148 1212 2393 1287 faciunt,
2424 1214 2675 1288 adeoque
2710 1213 2923 1287 Leqem

506 1313 622 1352 non
659 1294 918 1353 habentes
955 1293 1062 1352 saza·
1097 1294 1236 1371 ipsis
1279 1303 1412 1353 sunt
1435 1294 1581 1368 Lex,
1610 1300 1675 1351 ut
1720 1292 1821 1369 qui
1843 1293 2137 1351 ostendant
2174 1310 2317 1368 opus
2355 1291 2525 1368 Legis
2562 1290 2833 1367 scriptum
2858 1291 2921 1350 in

506 1373 766 1433 cordibus
791 1373 923 1449 suth,
953 1393 1072 1431 una
1098 1373 1466 1432 testimonium
1485 1373 1755 1431 reddente
1780 1372 2031 1448 ipsorum
2050 1372 2399 1447 conscientia,
2423 1380 2477 1430 et
2500 1370 2919 1447 coqitatiom'bus

506 1472 625 1511 sese
666 1462 858 1511 mutuo
900 1452 1286 1511 accusantibus
1325 1461 1382 1510 et
1418 1451 1827 1509 emanantem.
1871 1450 2040 1510 Rom.
2074 1450 2136 1510 ii.
2184 1454 2276 1526 14,
2316 1452 2409 1510 15.
2452 1450 2609 1527 quod
2646 1448 2763 1509 dici
2800 1470 2919 1509 non

509 1540 726 1609 posset,
761 1530 877 1591 nisi
919 1530 1271 1591 conscientia
1312 1529 1558 1590 dictaret
1597 1529 1909 1609 unicuique
1949 1530 2075 1589 dari
2117 1530 2353 1607 aliquod
2398 1530 2626 1589 Numen
2667 1530 2920 1608 probans

511 1618 668 1669 recte
703 1610 872 1688 facta,
903 1619 964 1670 et
1002 1610 1334 1688 improbans
1374 1630 1442 1669 ac
1481 1610 1729 1687 puniens
1774 1610 1925 1669 male
1952 1610 2121 1671 facta.
2204 1610 2329 1669 Nec
2372 1609 2563 1687 excipi
2604 1617 2813 1687 potest,
2862 1613 2915 1670 1.

512 1688 648 1748 Non
677 1690 914 1768 Legem,
945 1689 1050 1750 sed
1076 1710 1216 1767 opus
1242 1690 1412 1767 Leqis
1437 1688 1554 1749 dici
1579 1689 1935 1767 inscriptum,
1966 1690 2103 1767 quia
2130 1688 2417 1767 Apostolo
2442 1689 2557 1748 ista
2583 1696 2719 1749 sunt
2746 1708 2917 1767 syno-

511 1788 707 1847 nyma,
736 1771 842 1829 sibi
886 1771 998 1847 ipsi
1021 1790 1136 1829 esse
1173 1771 1382 1846 Leqem
1408 1788 1468 1829 v.
1503 1772 1596 1829 14.
1626 1778 1683 1828 et
1705 1789 1845 1845 opus
1870 1770 2040 1847 Leqis
2080 1770 2338 1829 cordibus
2363 1768 2691 1845 inemptum
2717 1770 2921 1828 habere

513 1868 573 1910 v.
608 1850 703 1909 15.
786 1848 866 1909 Et
891 1848 976 1908 rei
1002 1857 1208 1908 natura
1231 1849 1344 1907 hoc
1371 1848 1604 1924 evincit,
1648 1849 1786 1927 quia
1824 1849 1939 1908 tale
1969 1868 2113 1927 opus
2142 1849 2321 1927 Legis
2360 1848 2719 1925 intelligitur,
2750 1848 2919 1926 cujus

511 1927 793 1989 instinctu
831 1930 1007 1988 homo
1048 1948 1165 1987 non
1207 1927 1380 1988 modo
1423 1929 1733 1989 honestum
1758 1948 1795 1988 a
1820 1929 1974 2007 turpi
2015 1928 2337 2007 distinguit,
2368 1927 2473 1988 sed
2499 1927 2574 1986 ad
2600 1927 2747 1987 illud
2771 1948 2916 2007 prae-

513 2008 802 2085 standum,
833 2016 893 2069 et
917 2008 1030 2068 hoc
1055 2007 1394 2086 fugiendum
1434 2008 1767 2086 impellitur.
1851 2012 1908 2069 2.
1954 2008 2172 2087 Legem
2212 2028 2331 2068 non
2356 2007 2473 2067 dici
2498 2008 2771 2083 innatam,
2816 2007 2921 2067 sed

512 2089 861 2166 inscriptam,
907 2088 987 2148 id.
1031 2088 1338 2166 cognitam,
1369 2095 1436 2148 ut
1474 2088 1520 2149 J
1521 2088 1705 2149 udaeis
1732 2088 1967 2167 cognita
2007 2088 2135 2149 Lex
2175 2088 2362 2148 Mosis
2410 2108 2486 2148 ex
2526 2086 2917 2163 revelationE3

513 2168 570 2227 N
570 2188 664 2227 am
692 2169 979 2245 inscriptio
1006 2168 1325 2227 naturalem
1351 2168 1765 2229 revelationem
1792 2168 1961 2229 istius
1991 2169 2168 2248 Legis
2192 2168 2367 2228 infert
2403 2169 2468 2226 in
2491 2168 2741 2227 hominis
2782 2188 2916 2226 con-

512 2248 771 2325 scientia,
801 2248 1122 2327 oppositam
1149 2248 1488 2309 revelationi
1543 2258 1817 2327 externae,
1848 2270 1978 2327 quae
2004 2250 2157 2310 facta
2186 2257 2278 2309 est
2297 2249 2343 2308 J
2343 2248 2525 2308 udaeis
2550 2268 2653 2327 per
2679 2247 2919 2325 inscrip-

510 2329 728 2387 tionem
747 2328 812 2386 in
836 2328 1050 2387 tabulis
1070 2328 1330 2406 lapideis.
1375 2328 1550 2389 Unde
1574 2349 1681 2407 per
1700 2328 2126 2407 conscientiam,
2150 2347 2279 2407 quae
2302 2346 2364 2387 se
2392 2336 2515 2387 tum
2541 2328 2603 2387 in
2630 2330 2919 2410 enm-nguine,

512 2416 636 2466 tum
664 2408 726 2466 in
753 2404 1008 2470 συνειδυῖα-α
1029 2407 1231 2482 exerit,
1261 2408 1572 2483 exponitur
1597 2428 1656 2466 v.
1691 2410 1785 2466 15.

594 2487 708 2545 VI.
752 2486 903 2560 Quia
931 2487 1092 2543 Deus
1121 2485 1211 2543 sui
1238 2484 1400 2545 dedit
1425 2486 1691 2545 notitiam
1718 2492 1844 2544 tum
1884 2485 2133 2561 insitam,
2162 2494 2288 2545 tum
2314 2486 2655 2563 acquisitam
2679 2488 2918 2564 homini,

512 2584 630 2643 quo
646 2564 936 2643 pertinent
949 2563 1080 2623 loca
1097 2562 1253 2624 Psal.
1279 2563 1405 2623 xix.
1439 2566 1500 2640 13
1535 2563 1670 2624 Act.
1690 2564 1812 2625 xiv.
1836 2567 1927 2642 15,
1953 2567 2045 2642 16,
2070 2568 2163 2642 17,
2186 2574 2247 2626 et
2271 2565 2415 2625 xvii.
2435 2568 2541 2643 233
2574 2566 2743 2628 Rom.
2762 2568 2801 2628 i.
2825 2570 2921 2644 19,

514 2648 613 2705 20.
696 2645 820 2704 Nec
857 2643 1084 2704 admitti
1109 2650 1302 2722 potest
1340 2643 1534 2703 audax
1573 2644 1769 2704 Soeini
1804 2645 2144 2724 corruptela,
2174 2646 2275 2724 qui
2302 2646 2484 2705 verba
2518 2647 2688 2706 Pauli
2715 2647 2790 2706 ad
2830 2667 2920 2708 se-

513 2725 763 2786 cundam
792 2725 1152 2784 creationem
1179 2722 1352 2782 refert
1376 2743 1480 2802 per
1509 2724 1802 2785 Christum
1836 2725 2065 2800 factam,
2094 2725 2260 2802 quasi
2289 2725 2609 2804 Apostolus
2634 2727 2837 2786 innuat
2852 2746 2925 2786 ea

513 2826 646 2884 quse
672 2804 808 2865 inde
835 2823 872 2864 a
900 2803 1202 2863 Creatione
1228 2802 1544 2863 invisibilia
1569 2812 1630 2863 et
1655 2804 1952 2882 incognita
1989 2804 2203 2865 fuerint
2226 2805 2574 2882 hominibus,
2604 2825 2757 2866 nunc
2782 2825 2919 2865 con-

511 2886 660 2965 spici
683 2893 748 2944 et
773 2883 1047 2962 cognosci
1088 2880 1257 2942 factis
1287 2881 1400 2942 Dei
1425 2891 1484 2942 et
1521 2884 1821 2944 hominum
1861 2885 2190 2944 divinorum
2226 2884 2307 2945 id.
2338 2884 2555 2944 Christi
2580 2893 2639 2945 et
2666 2884 2921 2963 Aposto-

511 2965 700 3025 lorum
728 2965 877 3042 ejus.
958 2963 1158 3022 Verba
1183 2961 1338 3020 enim
1367 2961 1552 3040 Pauli,
1583 2971 1642 3022 et
1668 2964 1847 3024 series
1872 2965 2153 3024 sermonis
2189 2965 2441 3024 clamant
2467 2965 2539 3024 de
2565 2965 2751 3044 prima
2788 2984 2923 3025 eum

512 3044 713 3123 loqui:
757 3044 906 3103 Nam
933 3043 1176 3122 probare
1202 3041 1332 3102 vult
1370 3042 1632 3104 homines
1672 3043 1881 3122 impios
1928 3044 2209 3105 adversus
2254 3065 2402 3124 quos
2441 3045 2669 3106 coelitus
2696 3046 2783 3105 ira
2810 3045 2923 3104 Dei

512 3125 940 3185 demonstratur
966 3143 1025 3183 v.
1058 3125 1152 3182 18.
1195 3121 1496 3182 veritatem
1523 3122 1584 3180 in
1604 3123 1891 3202 injustitia
1930 3123 2203 3202 detinere,
2226 3125 2497 3186 nimirum
2512 3145 2681 3186 veras
2700 3125 2773 3186 de
2794 3127 2921 3186 Deo

513 3205 795 3282 notiones,
819 3224 951 3282 quse
972 3202 1033 3260 in
1049 3201 1401 3262 revelatione
1417 3203 1668 3263 naturali
1688 3204 2068 3283 continentur,
2094 3205 2251 3284 quod
2272 3206 2524 3265 ostendit
2538 3226 2597 3266 v.
2624 3208 2717 3266 19.
2740 3225 2920 3284 quum

513 3285 596 3344 ait
622 3285 688 3344 id
729 3287 886 3362 quod
926 3283 1184 3359 cognosci
1217 3291 1405 3358 potest
1446 3283 1518 3341 de
1543 3283 1675 3342 Deo
1710 3283 2078 3345 manifestum
2104 3305 2233 3344 esse
2260 3286 2302 3344 ir
2326 3289 2492 3352 αὐτοῖς
2519 3287 2579 3345 in
2602 3286 2753 3362 ipsis,
2785 3286 2923 3363 quia

511 3367 673 3424 Deus
699 3365 836 3442 ipsis
861 3363 1143 3438 revelavit,
1173 3361 1382 3440 partim
1408 3359 1470 3420 in
1497 3361 1769 3423 cordibus
1809 3364 2082 3442 ipsorum,
2113 3365 2321 3442 partim
2362 3368 2423 3424 in
2451 3365 2719 3443 operibus
2748 3365 2917 3424 Crea-

512 3445 706 3505 tionis.
788 3448 852 3504 2.
899 3445 1122 3520 Scopus
1151 3440 1320 3500 Pauli
1345 3440 1500 3500 idem
1528 3441 1715 3519 docet,
1746 3445 1846 3522 qui
1872 3452 1963 3504 est
1988 3444 2379 3505 demonstrare
2404 3465 2512 3504 nec
2540 3444 2804 3505 Gentiles
2843 3465 2923 3504 ex

511 3525 752 3602 Natura,
783 3545 907 3603 cap.
943 3527 995 3584 1.
1023 3541 1132 3582 nec
1153 3521 1397 3583 Judaeos
1424 3541 1502 3581 ex
1524 3521 1685 3600 Lege
1706 3522 2013 3600 justificari
2028 3525 2304 3603 potuisse,
2324 3545 2449 3603 cap.
2468 3529 2526 3584 2.
2555 3524 2693 3602 quia
2719 3543 2921 3585 omnes

511 3606 630 3666 sint
654 3613 1004 3684 peccatores,
1035 3602 1141 3662 sed
1187 3602 1419 3662 demum
1445 3621 1522 3662 ex
1561 3603 1887 3682 Evangelio
1928 3604 2087 3682 quod
2124 3625 2163 3664 a
2198 3605 2427 3665 Christo
2464 3605 2782 3665 revelatum
2809 3612 2917 3681 est,

511 3689 568 3746 3.
611 3687 873 3763 xes-ima
896 3686 994 3746 hic
1021 3703 1138 3742 non
1180 3691 1425 3761 possunt
1468 3683 1669 3743 referri
1696 3681 1773 3743 ad
1814 3684 2090 3744 miracula
2115 3685 2190 3744 ab
2238 3685 2542 3764 Apostolis
2571 3684 2738 3762 facta,
2782 3685 2922 3764 quia

510 3784 806 3843 nunquam
833 3767 897 3824 in
927 3764 1224 3841 Scriptura
1251 3763 1335 3823 sic
1361 3763 1741 3841 appellantur,
1770 3784 1879 3824 nec
1906 3764 2278 3825 innotuerunt
2305 3765 2586 3841 Ethnicis,
2606 3765 2681 3825 de
2707 3765 2920 3843 quibus

511 3844 638 3920 agit
667 3845 884 3904 Paulus
906 3866 921 3919 ;
967 3841 1070 3902 sed
1097 3839 1174 3901 ad
1201 3862 1375 3920 opera
1399 3843 1709 3904 creationis
1738 3843 1963 3921 Mundi,
1986 3845 2125 3924 quia
2138 3846 2457 3906 invisibilia
2474 3845 2585 3906 Dei
2602 3850 2705 3906 ἀπὶ
2720 3847 2917 3912 κτίσεως

509 3923 698 4000 κόσμου
723 3923 786 3982 in
811 3923 930 3984 illis
956 3921 1227 3982 dicuntur
1251 3921 1526 3999 patefieri.

1111 3999 1264 4059 VII.
1304 4001 1683 4078 Eapen‘entia
1708 4001 2037 4064 universalis
2054 4005 2165 4065 hoc
2184 4005 2501 4067 confirmat.
2586 4005 2737 4064 Nam
2764 4003 2923 4082 quod

528 4067 976 4174 haimim
1033 4079 2923 4239 ansts?§1³¹²sszfflfflssusssaszsfflssssffli

509 4237 777 4300 omnibus
805 4239 1157 4300 conveniunt
1183 4248 1243 4300 et
1269 4239 1648 4300 immutabilia
1690 4250 1861 4319 sunt;
1906 4242 2009 4302 sed
2037 4245 2239 4304 notitia
2274 4244 2613 4303 Divinitatis
2652 4242 2921 4301 omnibus
3019 4265 3027 4272 ·

507 4320 660 4380 inest
686 4319 1136 4398 immutabiliter,
1167 4319 1304 4399 quia
1329 4321 1490 4380 nulla
1515 4329 1606 4381 est
1633 4329 1751 4381 tam
1777 4322 2023 4382 barbara
2048 4325 2221 4400 natio,
2252 4325 2345 4383 cui
2372 4343 2487 4382 non
2521 4321 2769 4381 insideat
2795 4323 2921 4380 haec

509 4400 806 4478 persuasio
836 4401 1024 4460 Deum
1055 4421 1182 4462 esse
1214 4400 1362 4461 Cice.
1391 4401 1480 4460 lib.
1511 4401 1550 4460 i.
1580 4403 1652 4460 de
1690 4401 1831 4462 Nat.
1874 4405 2054 4462 Deor.
2139 4404 2233 4464 Ita
2258 4413 2324 4463 ut
2351 4423 2443 4463 res
2470 4421 2728 4480 quasque
2756 4402 2916 4461 vilis-

510 4480 698 4560 simas,
724 4480 840 4541 imo
859 4481 1330 4542 Cacodaemonem
1352 4482 1538 4562 ipsum
1559 4481 1753 4561 potius
1772 4503 1877 4562 pro
1899 4483 2149 4544 Numine
2170 4484 2378 4560 colant,
2402 4503 2575 4562 quam
2602 4491 2666 4546 ut
2694 4483 2919 4542 nullum
