3300 5225
366 364 591 415 eumer.
624 346 737 429 η]
1324 368 1403 411 ns
1434 368 1782 413 semp-ruas.
2691 356 2768 416 '19

360 515 427 564 ut
478 503 653 566 Deut.
704 503 783 567 vi.
830 510 885 584 7,
926 510 1169 585 loqueris
1194 531 1289 573 :aa
1339 530 1466 570 cum
1504 512 1599 587 eis,
1649 514 1680 569 1
1715 510 1871 570 Sam.
1917 510 1956 569 i.
1997 514 2094 587 24,
2123 530 2300 573 namn:
2343 530 2469 570 cum
2494 514 2767 589 juvencus,

366 586 514 646 Hos.
546 587 625 646 iv.
657 590 713 663 3,
742 588 803 646 ἐπ
829 588 1017 664 bestia,
1046 588 1127 649 id.
1162 606 1283 649 cum
1313 592 1503 668 bestia,
1534 592 1619 651 sic
1648 592 1796 651 Mat.
1839 591 1964 651 xvi.
1994 595 2090 667 27,
2123 588 2311 670 ὶιζὸόξᾳ
2341 610 2465 650 cum
2487 592 2696 669 gloria,
2731 597 2762 651 1

360 666 569 725 Tbess.
615 667 696 725 iv.
740 669 832 742 10,
882 668 942 725 in
982 688 1129 744 voce,
1186 670 1247 728 in
1289 672 1419 730 tuba
1459 690 1565 749 pro
1608 692 1736 731 cum
1755 696 1780 745 ,-
1833 670 2008 731 modo
2049 673 2208 731 valet
2235 674 2399 748 apud
2435 672 2532 729 vel
2567 675 2764 747 juxta,

362 746 493 803 Jos.
528 766 586 804 x.
622 749 713 821 10,
756 748 817 804 in
850 747 1109 823 Gabaon,
1138 749 1181 808 J
1186 749 1281 807 ud.
1312 751 1475 810 xviii.
1510 754 1602 826 12,
1638 752 1702 809 in
1744 749 2147 825 Ciriathiarim,
2193 750 2254 809 id
2296 758 2400 825 est,
2444 770 2624 829 prope
2667 752 2769 809 illa

358 824 507 899 loca,
541 826 751 884 Matth.
781 826 905 885 xxi.
940 829 1031 902 12,
1056 829 1318 887 Enwntes
1346 839 1399 888 et
1422 834 1714 889 vendentes
1740 830 2010 890 dicuntur
2037 832 2098 889 in
2125 834 2328 907 templo
2337 831 2537 907 sitiisse,
2569 830 2630 889 id
2657 840 2764 905 est,

359 903 423 961 in
450 904 767 981 porticibus
793 906 939 983 ejus,
970 914 1036 965 ut
1063 914 1123 965 et
1148 907 1193 967 J
1195 926 1323 983 oan,
1353 928 1412 968 x.
1436 912 1531 984 23,
1563 910 1718 985 alibi,
1751 910 2015 969 Christus
2042 910 2254 969 dicitur
2279 928 2485 988 passus
2511 911 2571 969 in
2591 912 2764 969 Jeru-

357 987 550 1059 sakm,
581 983 643 1041 id
670 992 774 1059 est,
803 1004 982 1062 prope
1012 1004 1158 1045 eam.
1243 988 1336 1046 Ita
1361 996 1553 1065 potest
1592 989 1806 1066 optime
1833 990 1983 1048 verti
2023 990 2084 1049 in
2109 1008 2227 1067 qua
2253 990 2350 1049 vel
2371 989 2544 1067 juxta
2570 1008 2761 1067 quam,

358 1082 565 1140 nempe
589 1063 821 1139 Arcam,
844 1072 1007 1122 erant
1032 1066 1195 1125 Urna
1216 1074 1274 1126 et
1296 1067 1499 1144 Virga,
1530 1075 1597 1127 ut
1618 1067 1974 1144 significetur
1993 1088 2108 1127 non
2129 1069 2438 1145 impositiO,
2461 1068 2567 1127 sed
2587 1088 2762 1146 appo·

358 1142 513 1201 sitio.
598 1143 714 1202 Vel
740 1163 866 1201 cum
894 1163 1025 1220 qua,
1057 1144 1119 1202 id
1160 1154 1265 1221 est,
1296 1147 1392 1205 cui
1421 1147 1593 1205 Arcae
1621 1166 1768 1206 urna
1793 1166 1860 1205 ac
1887 1148 2056 1225 virga
2082 1157 2142 1207 et
2167 1148 2380 1207 tabulae
2409 1148 2587 1225 Legis
2627 1166 2764 1206 con-

353 1222 575 1299 junctae
594 1222 843 1299 fuerunt,
876 1222 979 1281 sed
995 1224 1400 1301 diversimode,
1421 1226 1637 1286 tabulae
1665 1225 1898 1303 quidem
1925 1227 2078 1285 intra
2106 1226 2346 1309 Arcam,
2369 1246 2515 1286 urna
2541 1246 2682 1285 vero
2707 1234 2770 1286 et

358 1302 528 1379 virga
554 1301 708 1377 foris,
742 1304 866 1362 sive
900 1302 975 1361 ad
1004 1300 1238 1362 Arcam.

440 1380 759 1441 XXXIV.
804 1382 994 1457 Quum
1037 1383 1317 1459 Christus,
1351 1384 1562 1443 Matth.
1601 1402 1661 1442 v.
1705 1385 1802 1460 33,
1846 1384 2112 1462 prohibet
2145 1384 2343 1461 jurare
2371 1383 2496 1449 ἰ’λυς
2523 1384 2764 1461 omnim,

358 1478 475 1519 non
490 1462 631 1521 'vult
659 1461 921 1521 absolute
948 1470 1009 1521 et
1033 1462 1373 1541 simpliciter
1398 1464 1672 1522 damnare
1693 1463 2104 1540 juramentum,
2135 1463 2294 1540 quod
2319 1462 2460 1522 alibi
2485 1462 2764 1541 permitti-

358 1549 455 1600 tur
492 1548 553 1600 et
592 1542 875 1619 “probatur
918 1560 986 1600 ac
1025 1542 1356 1621 praecipitur
1396 1563 1433 1602 a
1460 1544 1605 1619 Deo,
1639 1542 1832 1601 Exod.
1873 1543 2022 1601 xxii.
2063 1545 2119 1618 8,
2157 1546 2248 1619 10,
2285 1545 2354 1601 11
2381 1565 2398 1619 3
2430 1542 2578 1601 Levi
2605 1562 2663 1601 v.
2691 1545 2762 1617 43

360 1620 531 1681 Num.
560 1641 619 1680 v.
643 1624 734 1696 19,
756 1624 864 1699 20;
896 1621 1069 1681 Prov.
1098 1622 1263 1681 xviii.
1297 1624 1401 1699 183
1433 1622 1588 1683 Heb.
1607 1622 1687 1681 vi.
1722 1625 1813 1698 16,
1839 1622 1942 1681 sed
1969 1630 2158 1681 certas
2183 1622 2406 1699 species
2427 1622 2762 1700 juramenti,

357 1720 487 1780 quse
528 1720 563 1761 a
602 1701 646 1761 J
648 1701 832 1761 udoeis
871 1702 1133 1779 usurpari
1177 1702 1455 1779 solebant,
1486 1702 1561 1762 de
1601 1702 1816 1780 quibus
1854 1701 2070 1761 ibidem
2111 1702 2319 1779 agitur,
2351 1702 2620 1760 nimirum
2661 1720 2766 1779 per

354 1784 566 1857 calane,
598 1790 829 1857 ter-ram,
859 1782 1331 1859 Hierosolymam,
1352 1789 1526 1860 caput
1552 1791 1611 1841 ct
1636 1782 1782 1841 alias
1797 1782 2046 1859 idgeuus
2073 1790 2380 1858 creaturas,
2411 1800 2542 1860 quae
2562 1798 2766 1841 omnes

355 1868 423 1921 ut
448 1862 767 1921 temerariae
794 1868 853 1919 et
879 1860 1097 1920 illicitae
1122 1860 1471 1921 damnantur
1497 1882 1533 1920 a
1561 1862 1810 1921 Christo.
1894 1861 2198 1936 Quomodo
2224 1870 2376 1921 notae
2403 1861 2768 1921 universales

358 1960 511 2017 saepe
553 1942 979 2017 restringuntur
1019 1940 1094 1998 ad
1134 1949 1350 1999 certam
1392 1941 1659 2018 speciem,
1704 1942 1846 2001 Joh.
1873 1960 1934 1999 x.
1965 1944 2020 2017 8,
2057 1942 2343 2017 Quotquot
2365 1950 2498 2001 ante
2523 1960 2612 1999 me
2627 1944 2762 2015 fiae-

356 2028 510 2094 mmt,
552 2028 682 2078 aunt
712 2022 898 2093 flare-⁹,
931 2017 1151 2077 scilicet
1188 2038 1307 2077 11011
1334 2020 1543 2095 vocati,
1586 2038 1695 2079 nec
1721 2020 1902 2095 missi,
1931 2021 2028 2078 vel
2072 2039 2134 2079 se
2161 2029 2264 2079 aut
2289 2021 2470 2078 alium
2497 2018 2766 2097 quemvis

359 2100 619 2157 dicentes
657 2116 785 2155 esse
828 2096 1039 2154 ostium
1078 2098 1292 2156 ovium.
1378 2098 1457 2155 Et
1498 2101 1527 2155 1
1562 2099 1692 2157 Cor.
1721 2118 1782 2156 x.
1813 2100 1909 2173 20,
1947 2099 2154 2158 Omm‘a
2179 2100 2318 2157 mila·
2343 2101 2520 2174 licent,
2552 2108 2612 2157 et
2637 2118 2764 2175 cap.

357 2178 439 2235 ix.
468 2180 565 2252 22,
602 2176 811 2237 Omnia
838 2176 1085 2233 omnibus
1108 2178 1306 2249 factm
1330 2194 1470 2249 eum,
1500 2176 1772 2235 nimirum
1797 2176 1859 2233 in
1886 2176 2060 2235 rebus
2085 2177 2264 2235 licitis
2303 2186 2363 2235 et
2389 2176 2763 2235 indifferenti-

358 2254 487 2331 buS,
519 2274 627 2314 nec
654 2255 809 2314 enim
836 2254 1003 2311 malae
1031 2262 1091 2312 et
1116 2254 1342 2312 vitiosae
1370 2255 1637 2331 cuiquam
1666 2254 1763 2312 vel
1787 2272 2043 2347 unquam
2071 2254 2265 2313 licent.

442 2334 725 2393 XXXV.
770 2333 907 2393 Act.
936 2333 1059 2391 xiii.
1090 2336 1185 2409 21,
1222 2333 1361 2392 Saul
1401 2333 1611 2391 dicitur
1637 2332 2024 2409 quadraginta
2050 2334 2218 2391 annis
2257 2350 2550 2409 regnasse,
2581 2332 2687 2391 sed
2732 2335 2762 2390 1

362 2416 516 2475 Sam.
546 2413 670 2473 xiii.
706 2417 756 2489 1,
800 2413 1035 2472 biennio
1076 2420 1300 2472 tantum
1340 2430 1615 2490 regnasse
1659 2412 1886 2470 dicitur.
1971 2411 2378 2489 Respondcmr
2417 2430 2536 2470 non
2563 2410 2696 2487 dici,
2733 2414 2762 2469 1

360 2495 515 2555 Sam.
544 2494 668 2553 xiii.
703 2494 935 2553 Saiilem
962 2492 1196 2552 biennio
1223 2500 1449 2551 tantum
1474 2509 1752 2569 regnasse
1775 2512 1792 2551 t
1835 2491 1940 2549 sed
1967 2498 2190 2551 tantum
2219 2491 2453 2551 biennio
2489 2492 2614 2569 jam
2641 2498 2766 2549 tum

354 2592 647 2655 regnasse,
692 2592 825 2634 cum
865 2573 977 2632 tria
1016 2573 1118 2632 illa
1158 2572 1471 2634 satellitum
1512 2572 1696 2631 millia
1735 2570 1914 2650 elegit
1953 2571 2027 2631 de
2068 2570 2280 2649 quibus
2321 2570 2514 2650 agitur
2555 2590 2612 2630 v.
2641 2588 2765 2650 seq.

356 2675 487 2716 cum
530 2655 760 2716 duobus
804 2653 971 2713 annis
1016 2663 1317 2731 regnasset
1360 2662 1483 2713 tum
1528 2653 1759 2712 demum
1816 2659 2022 2712 exacto
2067 2652 2169 2711 illo
2213 2651 2450 2712 biennio
2504 2652 2766 2730 coegisse

354 2737 552 2816 copias
578 2736 711 2794 illas
742 2734 1037 2808 militares,
1068 2743 1135 2793 ut
1168 2733 1351 2811 Syrus
1379 2741 1439 2792 et
1466 2731 1662 2791 Arabs
1689 2740 1911 2791 notant.

436 2815 757 2874 XXXVI.
805 2813 901 2871 Ex
929 2813 1141 2891 quibus
1167 2821 1327 2890 patet
1353 2815 1481 2872 loca
1508 2813 1620 2871 ista
1647 2813 1810 2870 varia
1836 2813 2157 2887 ἔνοικωφκιίἷ,
2189 2829 2320 2888 quse
2347 2810 2664 2870 afferuntur
2691 2811 2768 2870 ad

352 2898 595 2956 az'ahm‘aev
626 2895 935 2972 Scripturas
964 2892 1417 2969 convellendam,
1450 2912 1579 2969 quae
1624 2891 1955 2970 speciminis
1982 2911 2122 2969 ergo
2150 2911 2186 2950 a
2212 2891 2380 2950 nobis
2407 2891 2585 2948 allata
2611 2898 2763 2965 sunt,

353 2975 491 3036 licet
524 2974 783 3034 difficilia
824 2972 941 3032 siut
968 2982 1026 3031 et
1065 2971 1323 3047 'verbu-ra,
1353 2991 1471 3031 non
1512 2989 1639 3030 esse
1667 2982 1860 3030 tamen
1887 2972 2058 3048 plane
2085 2969 2280 3030 ἄλυτα.
2367 2969 2519 3029 Sunt
2555 2977 2614 3028 et
2653 2969 2770 3028 alia

352 3055 633 3114 nonnulla
659 3073 789 3130 quae
818 3073 853 3111 a
882 3052 1201 3112 Pontificiis
1242 3051 1433 3111 afferri
1461 3052 1649 3110 solent
1676 3050 1752 3109 ad
1779 3051 2158 3109 evincendam
2187 3049 2610 3126 corruptionem
2639 3048 2764 3108 fon-

352 3137 497 3194 tium
526 3155 561 3193 a
589 3134 633 3193 J
632 3133 816 3192 uclaeis
843 3132 941 3190 vel
970 3133 1279 3192 Haereticis
1294 3133 1547 3208 -factam3
1592 3131 1697 3190 sed
1723 3129 2174 3190 vindicabuntur
2198 3128 2558 3190 commodius
2585 3127 2646 3186 in
2675 3147 2763 3188 se-

350 3214 682 3292 quentibus,
712 3229 891 3290 quum
918 3211 992 3271 de
1023 3212 1294 3271 Editione
1316 3210 1649 3271 authentica
1675 3209 2116 3288 disputabimus.

1292 3445 1682 3525 QUAESTIo
1725 3445 1838 3508 VI.

357 3613 517 3671 Unde
542 3611 697 3684 ηοᾶίε
722 3611 1029 3669 innotescat
1066 3607 1292 3668 Divina
1329 3607 1645 3684 Ser-ipwroe
1683 3607 2012 3666 Authoritas
2033 3609 2062 3665 ἓ
2140 3606 2236 3665 An
2263 3625 2332 3665 ea
2357 3609 2447 3665 vel
2469 3606 2666 3682 quoad
2687 3623 2762 3680 ee,

388 3693 478 3750 vel
502 3693 697 3767 quoad
716 3709 836 3765 nos,
858 3691 1110 3766 pendeat
1132 3709 1174 3747 a
1205 3687 1537 3746 Testimomb
1564 3687 1836 3745 Ecclesiae
1855 3689 1884 3745 ‚²
1966 3685 2115 3764 Neg.
2139 3695 2340 3745 contra
2369 3683 2722 3744 Pontificios.
2749 3721 2755 3728 -

951 3848 1001 3906 I.
1049 3847 1271 3924 Scopus
1316 3843 1748 3904 Pontificiomm
1792 3843 1853 3903 iu
1895 3844 2004 3904 hac
2045 3852 2106 3904 et
2143 3842 2206 3903 in
2247 3845 2488 3920 coeteris,
2531 3861 2662 3922 quae
2687 3841 2762 3903 de

390 3913 767 4018 Οωῖξέζίψ·
874 3927 1170 4004 Scriptura
1196 3926 1271 3984 ab
1311 3926 1454 4003 ipsis
1494 3931 1802 3984 moventur
1842 3925 2281 4002 controversiis,
2325 3944 2443 3986 non
2482 3923 2763 3984 obscurus

637 4003 649 4014 ”
868 4014 995 4082 est;
1037 4015 1105 4065 ut
1132 4005 1351 4065 scilicet
1382 4005 1692 4083 Scriptum
1719 4004 1988 4082 tribunal,
2019 4004 2082 4064 in
2107 4022 2226 4083 quo
2251 4005 2394 4066 satis
2411 4004 2666 4084 presidii
2685 4003 2762 4062 ad

341 4103 569 4146 errores
596 4103 733 4144 suos
758 4085 1005 4145 tuendos
1032 4105 1149 4146 non
1174 4085 1493 4162 inveniunt,
1524 4085 1832 4162 declinent,
1863 4093 1924 4144 et
1947 4085 2023 4144 ad
2061 4083 2382 4145 Ecclesiam
2409 4085 2488 4145 id.
2520 4083 2760 4145 Pontifi-

346 4183 473 4225 cem
502 4184 671 4224 suum
697 4175 1027 4243 provocent,
1058 4173 1231 4244 atque
1259 4167 1341 4226 ita
1367 4167 1427 4225 in
1452 4167 1684 4244 propria
1711 4182 1884 4224 causa
1909 4165 2154 4226 Judices
2179 4163 2339 4226 fiant.
2423 4165 2598 4242 Hinc,
2629 4183 2762 4223 cum

342 4253 519 4305 antea
544 4263 621 4304 ex
666 4245 741 4304 Sc
774 4245 788 4260 ‘
832 4253 961 4305 tura
1000 4247 1389 4324 disputarem
1431 4246 1505 4306 de
1550 4245 1850 4322 doctrina3
1896 4241 1996 4304 An
2031 4255 2186 4306 esset
2223 4246 2338 4324 ipsi
2378 4253 2764 4305 consentanea

347 4345 528 4386 necne
545 4329 576 4385 Ρ
608 4326 734 4403 jam
814 4347 847 4384 e
889 4327 1015 4403 ipsa
1066 4328 1361 4404 Scriptura
1402 4325 1685 4404 disputari
1727 4334 1981 4404 coaptum
2025 4334 2148 4402 est3
2213 4325 2313 4384 An
2353 4323 2562 4384 idonea
2605 4331 2763 4382 esset

346 4407 516 4483 cujus
544 4405 889 4466 authoritate
918 4415 977 4466 et
1002 4407 1331 4466 testimonio
1360 4399 1686 4484 Religionis
1705 4407 2114 4466 controversiae
2133 4405 2526 4464 definirentur.
2610 4403 2762 4460 Eum

346 4486 411 4544 in
436 4486 611 4544 finem
636 4485 711 4544 de
738 4487 869 4564 ejus
896 4486 1135 4564 Origine
1163 4494 1223 4546 et
1250 4487 1626 4563 Necessitate,
1649 4486 1726 4546 de
1755 4485 2116 4546 Perfectione
2143 4493 2204 4545 et
2225 4483 2659 4562 Perspicuitate,
2689 4479 2764 4537 de

352 4565 603 4624 Canonis
630 4566 974 4644 Integritate
1014 4574 1095 4625 et·
1117 4567 1394 4642 Puritate,
1439 4575 1499 4625 et
1537 4567 1826 4644 praecipue
1867 4567 1941 4625 de
1982 4567 2112 4644 ejus
2153 4565 2528 4625 Authoritate
2567 4558 2765 4636 gravis

346 4653 510 4707 mota
534 4645 609 4706 lis
636 4644 761 4723 fuit,
793 4645 871 4706 ed
907 4665 1041 4707 eam
1070 4646 1120 4706 si
1146 4665 1263 4705 non
1290 4645 1523 4724 penitus
1550 4643 1942 4723 evertendam,
1971 4646 2181 4706 mirum
2207 4645 2270 4704 in
2295 4643 2534 4703 modum
2561 4639 2766 4700 saltem
