3300 5225
383 369 610 421 omesr.
643 349 778 433 x11.]
1348 373 1426 412 ns
1457 372 2048 414 raAEnas'rmArioxs.
2679 355 2795 412 329

387 515 480 572 15.
566 513 690 571 Νο0
718 512 768 571 si
795 513 1168 591 impossibilis
1205 523 1294 573 est
1339 514 1599 573 seductio
1642 522 1878 593 propter
1910 513 2209 573 electionis
2252 511 2796 586 immutabilitatem,

383 593 646 670 sequitur
671 591 1022 652 flustraneas
1051 613 1176 653 esse
1207 594 1805 654 Christi.‘h0rtationes
1833 593 1909 652 ad
1934 593 2317 672 vigilantiam,
2350 593 2488 670 quia
2516 601 2652 650 sunt
2679 612 2811 667 me<

379 673 497 748 dia,
529 672 740 749 quibus
771 673 932 731 Deus
960 674 1258 733 constituit
1287 675 1592 734 consilium
1621 695 1788 734 suum
1818 675 2063 752 exequi3
2109 673 2253 732 alias
2292 673 2505 732 frustra
2534 671 2800 732 Christus

383 760 762 830 praemoneret
790 753 1026 812 Petrum
1055 752 1126 811 de
1154 754 1338 831 lapsu,
1369 754 1506 831 qnia
1534 754 1846 831 erigendus
1874 762 2016 820 erat,
2047 762 2105 812 et
2140 752 2361 812 Paulus
2391 751 2797 811 Centurionem

384 831 458 890 de
484 831 804 909 naufragiO,
837 831 973 909 Act.
1002 833 1190 891 xxvii.
1221 837 1316 907 31,
1348 854 1480 892 cum
1508 854 1709 892 omnes
1738 833 2007 893 servandi
2034 843 2247 893 essent.

467 912 552 970 X.
595 911 808 987 Tertio,
842 912 991 986 Quia
1019 912 1190 971 datur
1215 933 1402 972 nexus
1429 914 1830 990 inseparabilis
1858 914 2008 971 inter
2040 911 2401 972 Electionem
2430 920 2489 970 et
2530 911 2793 989 gloriam,

383 1000 449 1052 ut
476 999 761 1069 quotquot
787 992 956 1051 electi
985 1001 1136 1067 sunt,
1186 992 1362 1051 iidem
1406 992 1580 1051 etiam
1626 993 1742 1051 sint
1789 992 2191 1070 glorificandi:
2258 994 2429 1051 Patet
2472 1011 2549 1053 ex
2594 999 2799 1050 catena

384 1091 560 1130 aurea
586 1071 806 1146 salutiS,
837 1091 968 1149 quae
996 1071 1070 1130 ab
1099 1072 1387 1150 Apostolo
1409 1072 1660 1131 nectitur
1689 1073 1857 1132 Rom.
1887 1072 2009 1132 viii.
2040 1073 2136 1148 29,
2169 1076 2264 1148 30,
2294 1072 2397 1130 ubi
2441 1071 2606 1130 initio
2648 1070 2801 1129 facto

385 1151 460 1210 ab
489 1159 704 1210 aeterna
734 1152 846 1209 Dei
873 1153 1170 1228 electione,
1200 1171 1304 1231 per
1332 1151 1592 1229 singulas
1635 1153 1853 1228 gratias
1894 1151 2029 1210 inde
2072 1160 2388 1226 mananteS,
2433 1150 2802 1228 progreditur

385 1231 462 1289 ad
487 1231 755 1290 ultimum
785 1230 986 1290 salutis
1015 1232 1514 1309 complementum,
1546 1231 1620 1290 ab
1649 1239 1865 1290 aeterno
1892 1233 1953 1289 in
1991 1240 2286 1308 aeternum,
2328 1231 2401 1289 ab
2451 1238 2665 1288 aeterno
2711 1249 2797 1288 re-

386 1320 588 1388 spectu
612 1311 1150 1388 praedestinationis,
1183 1313 1240 1370 in
1272 1319 1548 1370 aeternum
1575 1320 1843 1388 respectu
1871 1310 2324 1388 glorificationis.
2384 1313 2421 1343 “
2451 1310 2610 1384 Quos
2642 1310 2801 1367 Deus

383 1391 684 1468 praenovit,
716 1410 817 1450 eos
843 1390 1279 1468 praedestinavit
1319 1391 1763 1451 conformandos
1805 1392 2046 1468 imagini
2088 1392 2227 1449 Filii
2270 1392 2377 1450 sui.
2462 1390 2621 1464 Quos
2660 1408 2801 1447 vero

385 1469 836 1548 praedestinavit,
870 1490 970 1530 eos
997 1473 1248 1548 vocavit,
1280 1491 1427 1549 quos
1455 1471 1707 1546 vocavit,
1740 1491 1839 1530 eos
1868 1472 2041 1530 etiam
2062 1471 2425 1549 justificavit,
2457 1489 2605 1546 quos
2626 1469 2799 1546 justi-

384 1549 597 1626 ficavit,
629 1569 730 1609 eos
759 1551 932 1610 etiam
961 1551 1367 1628 glorificavit.’'
1455 1551 1576 1610 Ubi
1606 1551 1823 1611 Paulus
1860 1550 2118 1628 loquitur
2160 1551 2233 1610 de
2274 1549 2715 1628 glorificatione·
2740 1548 2803 1606 in

384 1630 690 1707 praeterit0‚
723 1639 848 1689 tum
875 1640 1142 1708 respectu
1169 1631 1553 1691 inchoationis
1579 1631 1641 1688 in
1670 1631 1857 1708 gratia
1884 1639 1943 1690 et
1972 1631 2293 1706 sanctitate,
2325 1650 2457 1708 quae
2501 1629 2687 1706 gloria
2715 1637 2805 1687 est

384 1709 671 1786 inchoata,
703 1715 740 1768 2
771 1711 901 1770 Cor.
931 1711 1012 1770 iii.
1047 1714 1139 1788 18,
1171 1719 1294 1771 tum
1322 1719 1586 1788 respectu
1615 1710 1995 1782 certitudinis,
2026 1711 2163 1788 quia
2200 1730 2363 1787 aeque
2412 1717 2570 1768 certa
2612 1717 2705 1768 est
2746 1716 2806 1766 et

386 1789 725 1866 infallibilis,
756 1810 824 1848 ac
853 1791 903 1849 si
932 1791 1121 1869 reipsa
1161 1791 1223 1849 in
1271 1791 1450 1850 coelos
1491 1791 1617 1868 jam
1659 1790 1973 1850 introducti
2015 1798 2227 1850 essent.
2314 1790 2378 1850 Si
2417 1809 2559 1866 ergo
2601 1788 2804 1866 gratiae

386 1869 513 1928 istae
542 1870 860 1928 arctissime
888 1869 1039 1931 inter
1067 1891 1129 1929 se
1147 1873 1367 1949 junctae
1385 1891 1522 1950 'sese
1552 1871 1635 1929 ita
1663 1871 2025 1945 comitantur,
2056 1879 2121 1929 ut
2162 1891 2333 1929 nemo
2360 1869 2805 1948 praedestinatus

388 1949 481 2022 sit,
512 1949 614 2025 qui
639 1968 758 2007 non
783 1949 1040 2028 vocetur,
1071 1970 1240 2009 nemo
1268 1958 1524 2026 vocetur,
1557 1950 1660 2027 qui
1686 1970 1802 2010 non
1825 1951 2192 2028 justificetur,
2224 1970 2394 2010 nemo
2434 1949 2802 2027 justificetur,

389 2028 490 2104 qui
533 2047 650 2086 non
691 2028 1061 2105 glorificetur,
1106 2049 1182 2088 ex
1223 2049 1292 2089 eo
1335 2030 1550 2088 invicte
1591 2037 1752 2106 patet
1794 2031 2153 2090 Electionem
2194 2030 2613 2090 immutabilem
2656 2048 2802 2104 esse,

389 2127 518 2184 quae
546 2107 930 2167 infallibiliter
954 2116 1228 2168 eventum
1257 2129 1426 2168 suum
1453 2108 1627 2168 debet
1656 2110 1953 2186 consequi.

470 2183 592 2246 XI.
636 2187 884 2262 Quidam
912 2208 988 2246 ex
1018 2189 1355 2264 Pontificiis,
1386 2196 1452 2248 ut
1472 2190 1737 2247 Becanua
1764 2197 1823 2248 et
1848 2190 2090 2265 Tirinus,
2119 2196 2185 2248 ut
2214 2209 2275 2248 sc
2304 2209 2379 2247 ex
2409 2189 2518 2247 1100
2545 2188 2675 2246 1000
2698 2208 2799 2247 ex-

385 2266 638 2344 pediant,
685 2267 1026 2345 confugiunt
1053 2269 1126 2326 ad
1164 2269 1544 2346 hyperbaton,
1592 2268 1760 2345 quasi
1808 2269 1889 2328 ita
1932 2268 2245 2346 legendum
2288 2268 2453 2344 foret,
2508 2271 2665 2326 Deua
2714 2287 2806 2326 eos

375 2348 820 2424 praedestinavit,
852 2367 990 2424 quoa
1035 2349 1194 2407 scivit
1221 2352 1362 2424 fore
1401 2351 1713 2423 conformes
1758 2349 1998 2408 Chresto,
2088 2347 2205 2407 Sed
2246 2348 2635 2407 Bellarminus
2680 2348 2803 2424 ipse

386 2427 653 2504 agnoscit
693 2427 844 2485 hanc
887 2447 1015 2487 esse
1054 2427 1524 2505 depravationem
1567 2428 1808 2504 Textus,
1853 2428 1955 2506 qui
1998 2428 2349 2487 contrarium
2398 2428 2593 2486 habet.
2678 2426 2802 2484 Alii

387 2506 594 2566 volunt
619 2507 718 2584 agi
746 2507 818 2566 110
845 2508 1209 2585 praescientia
1235 2529 1449 2582 eorum,
1483 2528 1628 2584 quos
1660 2509 1823 2566 Deus
1862 2509 2147 2586 praenovit
2170 2509 2434 2587 finaliter
2473 2508 2803 2568 credituros.

391 2586 510 2647 Sed
537 2586 734 2664 glossa
769 2587 871 2646 illa
913 2586 1140 2648 textum
1182 2589 1372 2667 ipsum
1412 2588 1744 2666 corrumpit,
1790 2607 1924 2665 nam
1968 2588 2187 2647 Paulus
2228 2587 2371 2647 dicit
2414 2587 2602 2646 Deum
2644 2587 2805 2664 prius

385 2668 738 2746 praenovisse
767 2688 867 2727 eos
895 2688 1042 2746 quos
1069 2668 1520 2747 praedestinavit,
1551 2678 1617 2727 ut
1660 2668 1980 2727 conformes
2022 2676 2217 2727 essent
2259 2668 2414 2726 Filio
2454 2687 2598 2744 su03
2646 2666 2803 2745 Ergo

387 2766 504 2805 non
530 2757 796 2825 poterant
822 2750 1094 2826 praesciri,
1118 2759 1184 2810 ut
1204 2750 1330 2827 jam
1359 2748 1699 2824 conformes,
1730 2749 1914 2808 multo
1942 2749 2135 2807 minus
2162 2757 2229 2807 ut
2270 2748 2586 2822 credentes,
2631 2756 2691 2805 et
2730 2746 2806 2805 ad

385 2826 560 2886 finem
580 2847 764 2905 usque
781 2838 1234 2905 perseverantes
1294 2828 1683 2907 Praecognitio
1701 2848 1841 2906 ergo
1870 2829 1997 2906 ipsa
2024 2837 2113 2887 est
2140 2827 2394 2904 practica
2410 2846 2802 2905 personarum,

383 2926 503 2966 non
531 2907 848 2967 theoretica
873 2910 1235 2986 qualitatum,
1268 2908 1421 2968 unde
1450 2928 1568 2968 11011
1598 2907 1741 2967 dicit
1770 2929 2010 2986 quorum
2028 2910 2207 2987 fidem
2236 2906 2651 2985 praecognovit,
2702 2906 2807 2965 sed

387 3006 524 3065 quoa
550 2988 854 3065 praenovit.
938 2990 1071 3048 Non
1099 2990 1308 3048 melius
1336 2988 1662 3064 elabuntur,
1694 2990 1794 3065 qui
1844 2990 1957 3048 ista
2001 2989 2194 3047 omnia
2243 2986 2636 3047 conditionata
2678 3006 2805 3045 esse

384 3067 750 3145 pertendunt,
793 3069 1106 3127 dummodo
1150 3070 1341 3128 Deum
1381 3088 1574 3128 amare
1614 3088 1733 3127 non
1775 3068 2140 3144 desinamus;
2186 3067 2538 3145 Apostolum
2586 3066 2809 3126 scilicet

387 3146 708 3221 ostendere,
739 3148 881 3224 quid
909 3169 984 3207 ex
1011 3156 1173 3226 parte
1203 3169 1309 3208 sua
1335 3147 1590 3208 facturus
1619 3149 1695 3207 sit
1725 3150 1904 3226 Deus,
1936 3148 2205 3207 nimirum
2234 3147 2393 3227 quod
2419 3146 2720 3206 credentes
2748 3156 2807 3205 et

385 3234 824 3305 perseverantes
851 3228 928 3288 sit
966 3228 1424 3305 glorificaturus;
1471 3228 1574 3287 sed
1602 3247 1719 3286 non
1748 3228 1955 3303 dicere,
1986 3247 2061 3285 an
2102 3229 2203 3305 qui
2245 3228 2423 3287 semel
2464 3226 2708 3285 credunt
2748 3236 2808 3285 et

388 3308 579 3365 Deum
607 3315 819 3381 amant,
850 3316 1127 3384 perpetuo
1157 3308 1216 3364 in
1247 3307 1434 3365 officio
1464 3326 1568 3366 suo
1598 3308 1716 3367 sint
1759 3309 2153 3385 permansuri;
2198 3308 2341 3367 alias
2386 3307 2599 3366 frustra
2643 3307 2799 3365 exci-

385 3394 612 3445 taturus
638 3384 842 3445 fuisset
869 3385 1072 3445 fideles
1098 3386 1175 3445 ad
1200 3386 1538 3464 patientiam
1565 3387 1626 3443 in
1656 3406 1843 3446 cruce.
1901 3388 2052 3446 Nam
2079 3388 2262 3465 gratis
2291 3395 2623 3465 supponunt
2667 3394 2801 3445 con·-

385 3465 664 3525 ditionate
692 3465 806 3525 ista
833 3466 1112 3525 sumenda
1139 3485 1282 3540 esse,
1309 3486 1439 3524 cum
1469 3465 1724 3525 conditio
1752 3467 1895 3545 ipsa,
1926 3466 2197 3525 nimirum
2225 3467 2387 3541 fides,
2420 3466 2529 3526 sub
2556 3466 2799 3543 promis-

387 3546 606 3604 sionem
646 3546 831 3622 cadat,
881 3555 1080 3624 utpote
1129 3545 1451 3605 vocationis
1499 3544 1721 3604 fructus
1744 3568 1758 3621 ;
1824 3546 2084 3622 alioquin
2131 3566 2284 3605 vana
2330 3554 2485 3604 esset
2532 3545 2801 3623 gloriatio

388 3624 677 3702 Apostoli,
721 3634 780 3686 et
833 3627 1158 3704 triumphus
1206 3625 1359 3701 fidei,
1418 3624 1561 3701 quid
1609 3624 1763 3683 enim
1804 3626 2041 3703 juvaret
2084 3633 2272 3684 tutum
2321 3644 2448 3683 esse
2498 3625 2572 3683 ab
2618 3623 2799 3683 hosti·

383 3705 496 3765 bus
537 3706 810 3784 externis,
857 3707 908 3765 si
945 3706 1265 3785 periculum
1307 3706 1476 3764 nobis
1517 3725 1553 3763 a
1599 3704 1831 3782 propria
1884 3712 2082 3763 nostra
2135 3704 2523 3763 inconstantia
2577 3722 2803 3781 semper

384 3783 709 3845 immineret
722 3788 752 3844 ⁴?

467 3864 622 3925 XII.
668 3865 742 3924 Id
769 3865 956 3944 ipsum
986 3886 1126 3926 vero
1155 3865 1373 3925 Paulus
1401 3864 1540 3924 alibi
1570 3864 1871 3923 confirmat
1896 3864 2231 3939 clarissime,
2265 3882 2441 3941 quum
2472 3864 2623 3923 inter
2669 3863 2799 3922 des-

379 3945 724 4005 tinationem
751 3945 968 4023 gloriae,
1001 3954 1060 4005 et
1087 3945 1292 4005 salutis
1321 3944 1804 4020 consecutionem,
1834 3963 2048 4002 nexum
2070 3944 2361 4022 proponit,
2386 3944 2555 4002 Rom.
2574 3943 2654 4002 xi.
2688 3947 2741 4019 7,
2774 3946 2799 4006 ἧ

383 4026 564 4097 ἐκλογὴ
593 4026 820 4101 ἐπέτυχεν
847 4027 1065 4085 Electio
1093 4034 1348 4085 assecuta
1375 4035 1469 4101 eat,
1499 4026 1690 4083 caeteri
1715 4027 2095 4084 occalluerant
2109 4048 2135 4098 ;
2176 4024 2275 4083 ubi
2312 4044 2429 4083 non
2477 4023 2619 4083 dicit
2664 4024 2795 4081 sim-

382 4106 611 4184 pliciter
663 4108 892 4165 Electae
943 4102 1240 4166 assecutos
1295 4124 1440 4181 esse,
1497 4104 1767 4163 nimirum
1816 4104 2105 4183 justitiam
2150 4104 2248 4163 vel
2302 4104 2564 4178 salutem,
2622 4123 2795 4181 quam

384 4186 429 4247 J
430 4184 584 4245 udoei
612 4186 804 4246 caeteri
831 4205 1128 4265 perperam
1167 4186 1229 4243 in
1258 4186 1417 4262 Lege
1459 4184 1809 4262 quaerebant,
1856 4184 1960 4243 sed
1999 4185 2329 4260 electionem,
2373 4193 2440 4243 ut
2479 4191 2643 4244 notet
2682 4204 2797 4243 non

375 4264 560 4325 modo
585 4268 898 4343 subjectum,
931 4266 1008 4325 id.
1039 4266 1174 4325 illos
1194 4265 1294 4343 qui
1323 4264 1637 4341 salvantur,
1670 4264 1774 4323 sed
1801 4285 2047 4339 causam,
2079 4284 2183 4323 cur
2209 4265 2453 4324 salutem
2481 4264 2674 4343 potius
2701 4264 2799 4323 isti

385 4366 561 4424 quam
589 4346 690 4404 alii
717 4346 1032 4423 obtineant,
1063 4345 1333 4405 nimirum
1362 4352 1634 4405 aeternam
1665 4344 1777 4403 Dei
1805 4344 2164 4404 electionem.
2250 4344 2392 4403 Ideo
2420 4364 2477 4403 v.
2526 4349 2581 4419 2,
2624 4343 2795 4403 dixe-

383 4436 476 4485 rat
503 4425 714 4504 Apost.
744 4428 934 4485 Deum
959 4447 1070 4486 non
1108 4427 1348 4503 abjicere
1381 4428 1658 4502 populum
1685 4444 1845 4501 quem
1879 4425 2177 4501 praenove‘t,
2224 4433 2457 4502 propter
2500 4424 2798 4483 electionis

375 4506 805 4566 certitudinem.

469 4586 660 4645 XIII.
705 4586 940 4662 Quart0,
973 4586 1123 4662 Quia
1152 4585 1484 4644 Electorum
1517 4584 1754 4643 nomina
1796 4584 2008 4662 scripta
2050 4592 2184 4643 sunt
2226 4584 2285 4641 in
2320 4583 2505 4658 coelis,
2552 4582 2607 4639 in
2650 4581 2799 4641 libro

387 4669 540 4742 vitae,
577 4667 728 4727 Phil.
758 4668 836 4727 iv.
869 4667 1143 4745 3,'Apoc.
1175 4666 1298 4725 xiii.
1329 4668 1385 4741 8,
1430 4664 1584 4724 Heb.
1611 4664 1718 4723 xii.
1750 4668 1845 4740 23,
1878 4665 1978 4742 qui
2004 4665 2237 4724 lituram
2282 4663 2498 4723 nullam
2547 4661 2799 4740 patitur:
