3300 5225
394 346 616 395 Quaesr.
647 327 828 410 xvn.]
1178 348 1258 391 ns
1285 348 1877 391 raAEnss'rmA'rions.
2316 364 2326 372 ·
2674 340 2791 397 357

381 487 516 545 dem
543 495 610 546 ut
636 488 845 547 efficiat
870 488 1077 566 reipsa,
1121 497 1187 555 ut
1214 509 1414 548 omnes
1441 489 1648 548 mediis
1676 489 1752 548 ad
1780 490 2025 550 salutem
2053 490 2424 550 obtinendam
2452 496 2793 555 necessariis

384 576 520 631 actu
545 576 797 644 utantur,
824 568 928 627 sed
953 578 1020 627 ut
1047 588 1115 627 ea
1136 569 1404 629 omnibus
1432 568 1649 645 offerat,
1676 569 1759 627 ita
1784 579 1849 629 ut
1864 570 1953 629 illi
1974 570 2187 647 quibus
2206 570 2537 649 offeruntur,
2568 576 2794 651 possint

383 646 455 705 iis
483 648 570 705 uti
597 647 648 705 si
675 647 881 706 volunt
903 670 917 725 3
961 668 1095 707 nam
1122 668 1230 707 nec
1253 649 1528 726 Princeps
1545 649 1826 725 subditoe,
1850 650 1948 708 vel
1970 650 2187 709 Parens
2214 651 2428 709 liberos
2455 652 2587 711 ideo
2614 674 2790 731 nega-

382 726 599 785 buntur
613 726 869 785 voluisse
889 728 1034 787 bene
1057 737 1118 787 et
1136 729 1424 806 sapienter
1450 729 1667 805 vivere,
1692 729 1850 806 quod
1875 750 1993 787 non
2014 729 2343 807 effecerunt,
2373 741 2439 791 ut
2466 732 2538 791 iis
2565 734 2789 811 mediis,

383 826 514 884 quae
541 805 619 864 ad
643 807 822 865 istum
849 806 1022 865 finem
1050 808 1516 885 consequendum
1533 810 1675 886 ipsis
1697 808 2027 884 offerebant,
2059 810 2121 867 in
2148 830 2270 869 rem
2292 831 2455 870 suam
2475 820 2790 874 uterentur.

387 886 461 944 R.
493 886 644 945 Nam
671 888 774 964 qui
798 887 929 946 vult
957 888 1106 946 serio
1137 888 1308 947 alicui
1336 888 1526 964 finem,
1558 888 1733 947 debet
1760 890 1814 947 ei
1840 898 2120 966 quantum
2148 890 2209 947 in
2226 909 2287 949 se
2317 899 2421 966 est,
2452 911 2573 950 non
2598 893 2793 970 aliqua

383 973 626 1042 tantum,
671 965 774 1025 sed
822 967 1015 1025 omnia
1055 967 1130 1025 ad
1168 967 1342 1027 finem
1369 967 1792 1044 assequendum
1834 968 2025 1028 media
2050 971 2390 1045 necessaria,
2421 991 2539 1029 non
2566 982 2791 1032 tantum

381 1045 602 1122 offerre,
635 1046 739 1105 sed
764 1046 940 1105 etiam
967 1046 1225 1105 conferre
1254 1060 1312 1107 et
1339 1046 1723 1124 suppeditare,
1768 1046 1818 1105 si
1838 1048 1953 1116 ,hoc
1992 1068 2172 1126 penes
2211 1049 2403 1127 ipsum
2444 1052 2631 1111 solum
2681 1061 2787 1113 est.

383 1125 583 1203 Atque
610 1125 745 1184 hinc
770 1134 948 1203 patet,
979 1146 1153 1203 quam
1178 1146 1381 1203 parum
1408 1129 1522 1186 huc
1548 1125 1764 1186 faciant
1790 1126 1999 1186 similia
2028 1128 2313 1206 Principis
2330 1138 2389 1189 et
2416 1130 2635 1208 Patres,
2660 1151 2791 1209 quae

383 1206 733 1265 afferuntur:
778 1206 928 1265 Nam
955 1206 1094 1265 licet
1139 1206 1414 1283 Princeps
1453 1215 1512 1265 et
1553 1207 1729 1266 Pater
1768 1215 1969 1285 optent
2008 1207 2274 1267 subditos
2314 1217 2373 1268 et
2398 1210 2613 1269 liberos
2642 1212 2791 1271 bene

383 1285 599 1361 vivere,
641 1293 702 1344 et
737 1285 800 1344 id
823 1294 1134 1363 procurent
1161 1286 1427 1346 omnibus
1453 1286 1642 1347 modis
1671 1287 1771 1363 qui
1796 1306 1975 1364 penes
1994 1286 2153 1365 ipsos
2180 1296 2349 1365 sunt3
2392 1309 2510 1347 non
2548 1300 2794 1367 possunt

381 1373 576 1425 tamen
603 1364 714 1424 hoc
755 1385 957 1442 reapse
1001 1364 1240 1441 efficere,
1283 1365 1428 1425 alias
1469 1366 1520 1425 si
1559 1375 1814 1443 possent,
1858 1385 1967 1426 nec
2007 1366 2263 1426 facerent
2302 1376 2513 1444 tamen,
2560 1370 2791 1447 signum

382 1451 538 1503 esset
563 1445 946 1504 certissimum
974 1465 1074 1503 eos
1100 1443 1211 1503 hoc
1239 1445 1389 1504 serio
1416 1466 1534 1504 non
1562 1446 1851 1523 voluisse;
1895 1445 1985 1505 At
2013 1447 2140 1505 Deo
2175 1447 2322 1505 nihil
2346 1448 2704 1527 impossibile
2733 1459 2793 1510 et

380 1522 621 1582 invium.
707 1524 912 1601 Itaque
943 1524 994 1583 si
1020 1544 1138 1583 non
1165 1524 1386 1584 confert
1425 1525 1618 1585 media
1645 1526 1839 1585 omnia
1865 1526 2190 1585 necessaria
2226 1528 2493 1587 omnibus
2520 1529 2595 1587 ad
2637 1531 2789 1589 salu-

381 1611 516 1679 tem,
546 1624 676 1681 quae
703 1604 778 1662 ab
805 1605 933 1681 ipso
962 1604 1086 1663 solo
1112 1603 1383 1682 pendent,
1414 1614 1819 1683 argumentum
1846 1615 1935 1665 est
1962 1625 2094 1664 eum
2120 1606 2231 1665 hoc
2258 1607 2450 1685 reipsa
2474 1609 2749 1668 noluisse.

463 1684 654 1743 XIX.
699 1684 912 1760 TertiO,
961 1684 1026 1743 Si
1056 1685 1217 1744 Deus
1244 1685 1602 1745 voluntatem
1629 1684 2017 1745 universalem
2044 1686 2221 1745 habet
2261 1706 2460 1745 omnes
2502 1689 2788 1766 servandi,

380 1762 478 1822 vel
505 1772 594 1823 est
620 1763 902 1839 absoluta,
934 1765 1032 1823 vel
1068 1764 1492 1841 conditionata3
1541 1766 1605 1825 Si
1645 1766 1928 1840 absoluta,
1974 1784 2173 1825 omnes
2199 1774 2335 1825 actu
2372 1768 2788 1846 servabuntur3

385 1842 449 1902 Si
477 1843 884 1919 conditionata,
913 1843 1013 1901 vel
1040 1844 1428 1903 conditionem
1456 1845 1531 1905 ad
1559 1846 1805 1905 salutem
1821 1845 2202 1904 necessariam
2230 1846 2359 1905 vult
2380 1846 2439 1903 in
2459 1847 2792 1907 hominibus

379 1921 622 1997 efficere,
653 1922 750 1981 vel
777 1923 1012 1999 exigere
1039 1931 1298 1999 tantum;
1346 1924 1410 1983 Si
1437 1932 1663 1984 tantum
1691 1926 1942 2003 exigere,
1986 1925 2189 1984 talium
2232 1926 2476 1985 salutem
2517 1946 2634 1987 non
2661 1928 2793 1988 vult

381 2009 444 2059 et
467 2000 732 2076 intendit,
765 2002 1054 2079 exigendo
1081 2004 1156 2061 ab
1183 2003 1256 2061 iis
1285 2012 1492 2078 actum,
1525 2024 1697 2081 quem
1724 2006 1890 2063 novit
1910 2005 2129 2062 homini
2147 2005 2579 2082 impossibilem.
2639 2008 2790 2067 Rur-

384 2100 500 2156 sus,
533 2081 788 2140 conditio
828 2082 930 2139 illa
954 2081 1053 2140 vel
1080 2083 1188 2140 erit
1229 2091 1384 2141 certo
1412 2082 1619 2158 futura,
1644 2084 1743 2142 vel
1770 2092 1927 2142 certo
1953 2104 2071 2141 non
2098 2084 2323 2162 futura;
2373 2086 2437 2143 Si
2462 2085 2626 2163 illud,
2670 2108 2789 2147 om-

382 2180 488 2219 nes
515 2170 574 2219 et
593 2161 818 2237 singuli
853 2170 1008 2220 certo
1051 2162 1465 2238 servabuntur3
1515 2162 1578 2221 Si
1617 2164 1745 2237 hoc,
1792 2171 2076 2222 statuetur
2116 2164 2279 2225 Deus
2318 2166 2691 2225 vehementer
2730 2167 2793 2227 id

381 2240 552 2315 velle,
585 2241 744 2317 quod
768 2249 958 2299 tamen
988 2242 1165 2318 probe
1206 2242 1372 2300 novit
1398 2262 1694 2319 nunquam
1722 2242 2054 2319 extiturum,
2078 2251 2279 2320 utpote
2305 2243 2564 2320 pendens
2592 2266 2669 2304 ex
2687 2247 2794 2305 tali

383 2319 730 2395 conditione,
764 2341 892 2397 quae
919 2340 1213 2397 nunquam
1257 2322 1332 2381 sit
1359 2321 1552 2381 futura
1576 2323 1690 2380 hoc
1716 2331 1999 2399 respectu,
2044 2324 2181 2399 quia
2206 2322 2330 2399 ipse
2362 2341 2481 2381 non
2507 2325 2637 2385 vult
2664 2344 2791 2385 eam

383 2399 623 2477 efficere,
655 2401 757 2477 qui
785 2401 942 2460 solus
959 2400 1022 2459 id
1050 2409 1260 2477 potest.
1343 2401 1431 2461 At
1459 2402 1510 2461 si
1535 2401 1596 2459 in
1626 2402 1835 2461 Virum
1868 2402 2197 2479 Sapientem
2223 2422 2341 2461 non
2368 2402 2541 2479 cadit,
2572 2405 2793 2482 aliquid

381 2480 536 2539 velle
565 2481 674 2539 sub
701 2480 1029 2539 conditione
1059 2500 1233 2557 quam
1259 2482 1424 2541 novit
1451 2482 1901 2559 impossibilem3
1946 2490 2162 2559 quanto
2189 2482 2381 2541 minus
2410 2483 2537 2542 Deo
2566 2486 2789 2563 sapien-

377 2560 602 2620 tissimo
629 2560 740 2620 hoc
765 2561 944 2620 tribui
969 2561 1181 2639 poterit
1199 2564 1228 2620 Ρ

463 2641 620 2700 XX.
663 2641 786 2700 Nec
815 2642 1061 2700 solvitur
1085 2641 1291 2717 noduS,
1337 2642 1388 2700 si
1427 2642 1705 2718 dicamus,
1752 2643 1941 2702 Deum
1970 2663 2123 2720 saepe
2163 2643 2225 2702 in
2256 2643 2555 2720 Scriptura
2589 2647 2791 2705 testari

379 2741 444 2780 se
471 2721 624 2780 velle
653 2722 897 2780 salutem
919 2741 1132 2797 eorum,
1157 2722 1218 2778 in
1242 2721 1453 2798 quibus
1470 2731 1665 2780 tamen
1690 2742 1808 2780 non
1829 2723 1959 2782 vult
1985 2723 2372 2782 conditionem
2393 2722 2530 2782 fidei
2550 2724 2789 2803 efficere,

381 2800 486 2860 sed
514 2801 748 2878 exigere
777 2810 1036 2860 tantum:
1079 2801 1135 2859 N
1137 2821 1230 2858 am
1255 2801 1395 2861 licet
1418 2801 1532 2860 hoc
1559 2802 1907 2862 concedatur
1932 2802 2006 2861 de
2024 2803 2323 2862 voluntate
2344 2804 2790 2883 approbationis,

382 2901 512 2958 quae
539 2881 614 2939 ad
641 2881 1068 2958 praecipientem
1093 2881 1354 2956 refertur,
1399 2901 1516 2940 non
1542 2890 1735 2960 potest
1774 2882 1990 2960 pariter
2016 2882 2131 2941 dici
2158 2883 2231 2942 de
2268 2884 2567 2942 voluntate
2595 2884 2789 2944 decer-

381 2969 569 3035 nente,
600 2960 744 3020 alias
756 2961 919 3020 Deus
938 2961 1052 3020 fine
1071 2981 1176 3020 suo
1197 2961 1508 3038 excideret,
1533 2971 1592 3021 et
1617 2971 1816 3040 posset
1842 2962 1904 3021 id
1925 2961 2238 3038 intendere,
2262 2963 2423 3046 quod
2446 2971 2602 3023 certo
2629 2965 2795 3025 novit

377 3061 444 3100 se
472 3060 767 3117 nunquam
788 3049 1202 3100 assecuturum.
1233 3041 1356 3101 Nec
1373 3042 1506 3118 plus
1525 3042 1787 3122 proficiet
1807 3042 1907 3119 qui
1925 3041 2227 3118 addiderit,
2262 3043 2451 3101 Deum
2472 3063 2589 3102 non
2610 3046 2795 3104 teneri

381 3120 519 3179 dare
545 3120 720 3178 fidem
747 3121 982 3196 homini,
1013 3121 1146 3180 ideo
1172 3122 1460 3180 neminem
1481 3122 1871 3199 conquerendi
1898 3121 1971 3180 de
1993 3141 2061 3181 eo
2078 3142 2279 3182 ansam
2304 3122 2533 3199 habere,
2556 3125 2607 3182 si
2632 3124 2793 3184 illam

383 3199 569 3276 exigit
595 3207 820 3259 tantum
847 3220 883 3257 a
909 3201 1184 3278 reprobis,
1215 3221 1332 3260 non
1360 3221 1500 3260 vero
1519 3202 1708 3262 efficit.
1794 3202 1943 3277 Quia
1968 3203 2106 3262 licet
2131 3201 2278 3261 nihil
2299 3222 2335 3260 a
2359 3211 2522 3281 parte
2544 3203 2793 3266 hominis

384 3277 547 3337 illum
577 3278 652 3336 ad
679 3279 930 3337 dandam
956 3279 1131 3338 fidem
1157 3280 1264 3339 ulli
1291 3281 1528 3358 obliget,
1560 3291 1769 3358 tamen,
1816 3283 2114 3361 supposito
2152 3281 2309 3359 quod
2350 3283 2500 3342 serio
2528 3284 2673 3343 velit
2700 3305 2789 3344 sa-

381 3357 564 3418 lutem
591 3359 939 3436 hominibus,
970 3358 1202 3418 videtur
1238 3359 1374 3418 inde
1417 3360 1629 3438 colligi,
1663 3361 1821 3438 quod
1841 3362 1963 3439 ipse
1992 3370 2255 3421 teneatur
2281 3361 2442 3421 illam
2470 3363 2611 3440 ipsis
2634 3363 2787 3440 dare,

383 3446 452 3496 ut
478 3438 721 3496 salutem
749 3459 924 3516 quam
951 3438 1094 3516 ipsis
1120 3439 1369 3498 intendit
1395 3441 1671 3518 consequi
1697 3441 1937 3517 possint.
2026 3441 2177 3500 Sane
2206 3441 2256 3499 si
2284 3441 2441 3501 vires
2466 3443 2687 3501 homini
2716 3445 2792 3504 ad

384 3517 734 3577 credendum
763 3527 1148 3596 suppeterent,
1192 3519 1290 3577 vel
1331 3520 1382 3578 si
1422 3520 1610 3596 gratia
1649 3520 1943 3596 objectiva
1980 3519 2269 3579 sufficiens
2307 3529 2632 3599 poneretur,
2676 3543 2793 3582 non

384 3605 582 3676 posset
609 3598 725 3657 dici
755 3599 916 3657 Deus
941 3599 1053 3657 hoc
1094 3599 1247 3658 velle
1289 3599 1397 3658 sub
1439 3599 1769 3658 conditione
1810 3599 2170 3675 impossibili.
2255 3599 2335 3657 Et
2372 3599 2483 3658 hac
2524 3600 2585 3658 in
2626 3611 2791 3678 parte

384 3677 598 3754 placita
625 3678 1097 3737 Arminianorum
1116 3679 1324 3738 melius
1352 3679 1642 3738 cohaerent
1670 3687 1729 3738 et
1757 3677 1865 3736 sibi
1887 3687 2170 3754 constant,
2196 3698 2325 3754 quae
2354 3680 2600 3756 gratiam
2621 3681 2793 3740 istam

385 3757 762 3816 sufficientem
791 3766 1068 3833 statuunt,
1113 3768 1170 3818 et
1196 3758 1366 3816 liberi
1401 3757 1624 3818 arbitrii
1664 3754 1987 3838 ἇδκιφοςίεινς
2032 3758 2136 3816 sed
2173 3757 2429 3834 quandiu
2454 3759 2795 3835 impotentia

385 3845 671 3896 statuetur
698 3857 824 3896 esse
851 3839 913 3896 in
938 3838 1170 3897 homine
1210 3838 1429 3896 invicta
1454 3845 1514 3897 et
1553 3837 1975 3916 insuperabilia,
2020 3839 2413 3915 cujuscunque
2443 3839 2519 3898 sit
2546 3841 2791 3919 generis,

383 3916 480 3975 vel
509 3917 760 3992 moralis,
803 3918 900 3976 vel
925 3918 1222 3993 naturalis,
1265 3917 1338 3976 de
1364 3918 1476 3976 hoc
1518 3918 1673 3976 enim
1712 3937 1867 3976 nunc
1906 3937 2024 3976 non
2064 3917 2391 3994 quaerimus,
2435 3927 2501 3977 ut
2528 3931 2793 3982 asserunt

386 3997 518 4056 Viri
547 3997 780 4056 Fratres
822 4017 952 4056 cum
988 3997 1200 4074 quibus
1239 3998 1499 4075 agimus;
1543 3997 1681 4056 hinc
1721 3998 1869 4057 bene
1910 3997 2189 4056 adversus
2228 3997 2388 4075 ipsos
2416 3998 2793 4060 concludetur

390 4077 580 4136 Deum
624 4096 700 4135 ex
743 4077 845 4136 illa
883 4077 1195 4154 hypothesi
1229 4078 1480 4137 maxime
1527 4077 1677 4137 serio
1718 4077 1939 4154 aliquid
1974 4078 2128 4135 velle
2169 4077 2279 4136 sub
2315 4077 2644 4138 conditione
2685 4081 2789 4140 im-

386 4156 666 4235 possibili,
711 4166 769 4217 et
796 4177 971 4235 quam
1001 4157 1161 4216 Deus
1200 4158 1365 4217 novit
1399 4177 1696 4234 nunquam
1736 4156 2004 4233 futuram,
2048 4157 2186 4234 quia
2216 4157 2342 4236 ipse
2384 4177 2511 4216 eam
2552 4158 2791 4239 implere

384 4256 503 4295 non
530 4237 676 4296 vult.

469 4315 659 4374 XXI.
704 4315 937 4393 Quarto,
987 4316 1053 4376 Si
1081 4317 1240 4376 Deus
1267 4317 1395 4375 vult
1423 4336 1623 4377 omnes
1649 4325 1709 4376 et
1736 4317 1997 4394 singulos
2026 4315 2277 4393 servari3
2322 4316 2438 4376 Vel
2478 4337 2677 4378 omnes
2718 4321 2791 4381 de

383 4395 538 4455 facto
568 4396 787 4454 servari
814 4396 1043 4472 debent,
1074 4396 1231 4474 quod
1257 4395 1499 4474 falsum3
1532 4397 1648 4456 Vel
1676 4397 1945 4456 voluntas
1974 4397 2238 4475 quaedam
2268 4397 2381 4455 Dei
2408 4406 2605 4456 manet
2630 4399 2793 4459 irrita

385 4485 445 4536 et
471 4476 754 4550 inefficax,
786 4475 943 4554 quod
971 4476 1300 4536 absurdum.
1385 4476 1588 4553 Neque
1627 4475 1983 4536 satisfaceret
2008 4477 2109 4554 qui
2136 4476 2366 4551 dixerit,
2410 4497 2527 4535 non
2568 4497 2795 4556 semper

383 4556 510 4616 fieri
538 4556 814 4634 quicquid
844 4556 1004 4615 Deus
1031 4557 1176 4632 vult,
1207 4575 1340 4615 cum
1365 4575 1472 4614 nec
1498 4555 1658 4632 fiant,
1689 4575 2045 4634 quaecunque
2086 4556 2173 4615 illi
2200 4563 2368 4634 grata
2408 4564 2543 4616 sunt
2570 4565 2630 4616 et
2668 4559 2790 4635 pla-

383 4645 532 4714 cent,
564 4645 624 4696 et
649 4635 833 4696 multa
858 4635 1016 4712 fiant,
1047 4657 1176 4714 quse
1204 4656 1319 4694 non
1335 4635 1568 4714 placent
1594 4636 1722 4715 ipsi,
1748 4645 1806 4696 et
1833 4656 1961 4715 quae
1989 4655 2105 4696 non
2122 4637 2284 4712 vult3
2316 4634 2603 4712 Quicquid
2634 4637 2794 4699 Deus
