3300 5225
514 364 589 424 66
1452 376 1633 421 Locus
1665 374 1982 423 sacenses.
2589 354 2840 438 [omer.
2871 372 2930 418 v.

517 540 635 582 non
663 520 839 580 fuisse
866 518 1058 579 adhuc
1102 526 1334 595 motam,
1362 537 1552 597 neque
1578 533 1708 579 eam
1735 517 2041 579 decidendi
2066 517 2232 577 illum
2259 515 2619 576 occasionem
2661 523 2784 577 tum
2825 517 2926 576 ha-

520 602 715 661 buisse
740 623 754 675 ;
798 600 955 677 quod
984 600 1201 659 Paulus
1222 600 1347 677 jam
1379 599 1597 677 Spiritu
1622 598 1944 658 illustratus
1971 596 2126 675 facit.

604 680 855 739 XXVI.
898 680 1041 755 Quae
1067 678 1292 739 ludicra
1326 686 1386 739 et
1412 679 1639 739 inutilia
1677 677 1948 737 videntur
1973 676 2035 734 in
2065 676 2240 753 Lege,
2284 675 2524 734 maximi
2561 675 2936 735 inveniuntur

522 780 651 820 esse
691 760 965 820 momenti
992 780 1029 819 a
1052 760 1167 838 piis
1208 767 1268 819 et
1307 758 1557 819 cordatis
1584 758 1662 817 ad
1689 756 2081 819 ‚exercendam
2121 755 2524 831 obedientiam,
2554 756 2933 814 aversandam

523 839 923 915 idololatriam,
968 856 1157 898 mores
1196 837 1606 914 informandos,
1650 846 1710 896 ct
1751 837 2026 895 Messiam
2067 834 2511 912 indigitandum,
2545 836 2596 893 si
2623 833 2827 894 dextre
2867 843 2934 893 ut

524 927 751 998 oportet
776 918 1145 997 accipiantur.
1230 917 1618 995 Genealogiae,
1650 925 1710 975 et
1737 924 1944 975 caetera
1982 936 2112 993 quse
2139 915 2412 973 videntur
2439 913 2740 993 superflua,
2772 914 2931 973 testi-

524 1000 719 1059 monia
758 1006 893 1091 sunt
936 1006 1113 1073 ortus,
1158 996 1589 1090 propag-ationis
1630 1003 1692 1054 et
1734 995 2202 1089 conservationis·
2234 994 2530 1089 lEcclesiae,
2581 1002 2641 1052 et
2683 994 2936 1072 impletae

524 1097 919 1216 pmllin}'sil⁷()11l¹.s
940 1074 1940 1234 ἓξοὶῗέᾃεὲοῗὲῗὲἓρέᾙΐζῗίῗέ
1961 1073 2740 1233 ἓῇἓέἓηῖθξὲξέἓέιέω
2763 1150 2936 1209 ducat

525 1238 585 1296 in
612 1254 871 1311 uxorem,
904 1236 987 1294 sic
1012 1236 1167 1295 enim
1193 1235 1299 1293 filii
1325 1256 1403 1294 ex
1429 1236 1533 1293 tali
1559 1234 1926 1294 matrimonio
1951 1252 2068 1292 non
2105 1242 2348 1311 possent
2369 1232 2487 1291 dici
2514 1232 2710 1309 spurii,
2741 1239 2804 1290 ut
2830 1250 2932 1288 vo-

525 1324 729 1376 cantur
754 1334 812 1373 v.
842 1320 899 1373 2.
986 1315 1105 1373 Sed
1143 1313 1267 1373 haec
1308 1316 1605 1391 alleqorice
1644 1322 1782 1375 sunt
1823 1314 2216 1391 intelligenda,
2248 1321 2314 1373 ut
2344 1312 2543 1372 Israe'li
2585 1330 2792 1389 spurca
2829 1328 2936 1370 sua

526 1395 852 1455 idololatria
878 1393 989 1454 sub
1017 1393 1122 1454 tali
1152 1394 1432 1472 Symbolo
1460 1402 1917 1473 repraesentetur.

1476 1682 1876 1759 ,QUAESTIO
1917 1681 1995 1743 V.

531 1862 626 1927 An
650 1867 711 1927 in
736 1866 1039 1944 Ser-spuma
1064 1876 1369 1926 occurrant
1408 1882 1560 1926 veroe
1602 1868 2083 1942 contradictiones,
2129 1886 2226 1925 seu
2271 1870 2396 1925 loca
2437 1868 2696 1943 quoedam
2741 1866 2936 1934 «flama,

921 1966 1048 2024 quoe
1070 1949 1231 2006 nulla
1257 1946 1479 2006 ratione
1504 1948 1648 2006 solvi
1671 1956 1726 2005 et
1749 1947 2046 2006 conciliari
2059 1947 2325 2023 poe-sint?
2407 1948 2556 2023 Neg.

616 2118 666 2177 Ι.
710 2118 989 2193 Quamvis
1017 2128 1238 2179 asserta
1284 2118 1595 2197 Scripturas
1626 2118 1967 2193 Divinitate,
1997 2118 2071 2177 de
2099 2138 2214 2195 qua
2256 2121 2448 2178 actum
2487 2118 2595 2177 fuit
2621 2118 2939 2196 quaestione

530 2198 901 2275 praecedenti,
934 2207 1207 2277 sequatur
1234 2200 1559 2258 necessario
1586 2199 1716 2277 ejus
1745 2198 2174 2259 Infallibilitas:
2219 2198 2368 2273 Quia
2395 2206 2588 2256 tamen
2613 2218 2730 2257 non
2757 2216 2942 2277 pauca

530 2278 607 2335 ab
651 2278 806 2335 omni
860 2298 987 2339 aevo
1042 2280 1348 2351 ἔναπιοφαιὶῖ
1399 2279 1460 2336 in
1521 2278 1818 2357 Scriptura
1861 2278 2121 2337 invenire
2175 2278 2286 2338 sibi
2329 2276 2442 2336 visi
2499 2281 2648 2353 sunt,
2707 2286 2767 2338 et
2821 2286 2938 2337 stu-

530 2356 692 2417 diose
736 2358 1061 2435 conquisita
1097 2360 1408 2437 jactarunt,
1440 2375 1593 2417 vene
1624 2356 1950 2434 Religionis
1993 2366 2053 2417 et
2104 2356 2412 2436 Scripturae
2459 2358 2656 2415 hostes
2697 2357 2773 2415 ad
2815 2358 2943 2435 ejiis

529 2438 773 2496 aniomfaev
839 2438 1296 2515 convellendam,
1366 2445 1434 2496 ut
1502 2438 1871 2513 Porphyrius,
1943 2438 2246 2513 Lucienus,
2315 2438 2584 2496 Julianus
2643 2436 2940 2512 Apostata,

530 2516 743 2594 aliique
773 2516 912 2575 olim
939 2537 1015 2576 ex
1044 2518 1353 2593 Gentibus,
1386 2527 1445 2577 et
1470 2516 1753 2575 hodierno
1797 2517 1890 2576 die
1920 2518 2102 2577 Athei
2129 2518 2293 2593 varii,
2324 2516 2426 2594 qui
2468 2536 2585 2575 non
2627 2536 2842 2593 paucas
2875 2517 2940 2574 in

532 2615 603 2656 ea
629 2596 1113 2656 contradictiones
1140 2604 1200 2656 et
1226 2595 1415 2691 dou-oga,
1444 2616 1575 2674 quse
1601 2596 1766 2658 nulla
1792 2597 2013 2657 ratione
2041 2596 2334 2657 conciliari
2367 2596 2608 2675 possint,
2639 2609 2939 2656 occurrere

532 2675 833 2735 clamitant
856 2698 870 2752 ;
916 2676 1063 2736 Ideo
1088 2677 1368 2754 peculiari
1394 2676 1715 2754 quaestione
1756 2697 1887 2736 cum
1929 2677 2046 2736 illis
2073 2676 2361 2755 agendum
2389 2685 2494 2754 est,
2523 2686 2592 2736 ut
2630 2676 2943 2754 Scripturas

536 2754 854 2833 Integritas
881 2755 1163 2814 adversus
1190 2757 1368 2834 impia
1394 2757 1652 2833 ipsorum
1679 2755 1796 2816 tela
1824 2764 1979 2816 sarta
2003 2766 2270 2834 tectaque
2297 2762 2684 2816 conservetur.

617 2834 703 2894 11.
750 2834 870 2894 Res
896 2835 1067 2894 nobis
1094 2835 1189 2894 hic
1218 2845 1322 2913 est,
1352 2855 1470 2895 non
1513 2836 1687 2895 modo
1731 2855 1862 2896 cum
1896 2837 2109 2915 apertis
2139 2836 2348 2896 Atheis
2377 2841 2436 2896 ct
2464 2835 2811 2910 Gentilibus,
2843 2835 2943 2912 qui

540 2914 899 2992 Scripturam
933 2915 1165 2974 Sacram
1209 2934 1327 2973 non
1370 2914 1700 2990 admittunt,
1749 2914 1853 2974 sed
1897 2925 1955 2975 et
1999 2935 2130 2975 cum
2174 2916 2304 2975 aliis
2348 2916 2465 2994 qui,
2511 2915 2649 2974 licet
2692 2915 2942 2991 recipcre

535 2994 697 3052 illam
730 2993 1053 3070 videantur,
1088 2995 1367 3055 indirecte
1400 3003 1593 3054 tamen
1637 2995 1797 3054 illam
1842 2995 1952 3055 hac
1995 2997 2216 3055 ratione
2260 3002 2562 3055 evertunt:
2607 2995 2693 3054 Ut
2723 2995 2942 3053 Enum-

534 3075 737 3149 st'astoe,
769 3073 869 3150 qui
896 3073 1383 3152 imperfectionem
1411 3074 1594 3134 Verbi
1622 3074 1821 3153 scripti
1847 3083 2190 3154 praetexunt,
2221 3083 2287 3134 ut
2312 3074 2575 3134 homines
2602 3075 2678 3133 ad
2704 3075 2943 3134 verbum

538 3171 707 3212 suum
750 3153 1059 3230 occultum,-
1104 3173 1208 3214 seu
1250 3155 1507 3234 privatas
1549 3155 1933 3215 revelationes
1976 3155 2299 3231 abducant3
2344 3154 2638 3233 Ροηιξίίσίἰ,
2665 3153 2766 3231 qui
2809 3153 2946 3211 licet

537 3232 683 3292 alias
713 3233 1093 3294 Divinitatem
1126 3233 1435 3313 Scripturas
1463 3243 1666 3294 contra
1695 3232 1922 3294 Atheos
1965 3243 2250 3309 tueantur,
2295 3251 2414 3292 non
2439 3242 2712 3293 verentur
2753 3243 2945 3292 tamen

536 3313 795 3390 ipsorum
820 3313 995 3372 armis
1024 3313 1137 3374 sibi
1163 3314 1376 3394 aptatis
1400 3315 1691 3394 propriam
1719 3333 1882 3374 suam
1909 3323 2083 3392 atque
2127 3313 2272 3372 adeo
2315 3312 2494 3373 totius
2523 3309 2944 3373 Christianismi

537 3411 771 3452 causam
800 3401 1077 3469 quantum
1120 3394 1182 3452 in
1226 3413 1289 3454 se
1333 3402 1424 3454 est
1467 3413 1818 3472 oppugnare,
1849 3401 1908 3454 et
1949 3393 2214 3453 hostibus
2261 3393 2379 3451 suis
2421 3391 2680 3469 prodere,
2712 3406 2943 3468 corrup-

536 3473 753 3532 tionem
784 3471 1058 3532 Fontium
1102 3473 1383 3551 urgendo,
1428 3481 1495 3534 ut
1524 3473 1794 3533 Versioni
1839 3493 1958 3534 suae
1987 3472 2261 3550 Vulgatae
2305 3470 2710 3531 authoritatem
2755 3470 2944 3528 conci—

536 3553 714 3630 lient3
761 3553 1027 3631 Denique
1054 3554 1334 3614 Laterani
1355 3552 1519 3630 varii,
1550 3553 1653 3631 qui
1695 3553 1758 3612 in
1801 3554 1934 3614 sinu
1965 3552 2241 3613 Ecclesiae
2269 3557 2584 3625 versantes,
2631 3567 2746 3607 non
2792 3548 2943 3607 desi-

534 3641 683 3694 nunt
709 3633 872 3693 varia
914 3633 1026 3693 ista
1068 3632 1239 3716 haga
1282 3641 1342 3694 et
1384 3633 1694 3705 ἔναντιιφιινὶῖ
1746 3633 2018 3712 objicere,
2065 3631 2140 3691 ad
2187 3630 2496 3708 Scripturae
2540 3627 2946 3689 authoritatem

536 3713 1014 3774 labefactandam.

619 3792 741 3852 ΠΙ.
787 3793 874 3854 Ut
914 3793 1036 3853 illis
1080 3801 1413 3855 occurratur
1439 3793 1734 3854 diversam
1780 3801 2099 3871 sequuntur
2123 3791 2280 3849 viam
2311 3789 2612 3850 Doctores.
2695 3787 2946 3862 Quidam

538 3870 706 3929 facile
748 3889 871 3930 rem
914 3873 1178 3950 expediri
1217 3893 1389 3952 posse
1432 3881 1656 3951 putant,
1687 3874 1738 3933 si
1781 3873 2008 3932 dicatur
2053 3870 2371 3949 Scriptores
2417 3887 2626 3944 sacros,
2671 3867 2950 3926 memoria

538 3948 674 4026 labi,
705 3957 806 4008 aut
832 3950 893 4007 in
920 3951 1237 4012 levioribus
1264 3973 1453 4012 errare
1496 3953 1791 4030 potuisse;
1843 3953 1940 4013 Sic
1967 3952 2202 4011 Soc-inus
2245 3949 2315 4010 de
2359 3949 2706 4009 authoritate
2756 3947 2945 4024 Scrip-

538 4035 701 4104 tura,
736 4028 1001 4088 Cascellio
1026 4030 1089 4088 in
1118 4031 1401 4108 Dialogis,
1432 4031 1635 4090 etalii.
1720 4031 1838 4090 Ast
1877 4033 1990 4090 hoc
2033 4051 2150 4090 non
2194 4039 2282 4090 est
2309 4047 2541 4089 causam
2567 4027 2718 4087 tueri
2744 4025 2947 4085 adver-

539 4125 641 4166 sus
668 4107 913 4184 Atheos,
944 4108 1048 4169 sed
1076 4109 1236 4168 illam
1278 4111 1523 4188 turpiter
1564 4109 1827 4187 prodere.
1911 4109 2036 4168 Alii
2065 4109 2348 4169 Hebraeos
2391 4117 2450 4168 et
2479 4109 2718 4168 Graecos
2762 4105 2950 4164 fontes

539 4187 601 4245 in
654 4187 877 4264 aliquot
930 4188 1077 4248 locis
1130 4196 1429 4266 corruptos
1483 4207 1609 4247 esse
1677 4189 1946 4266 fatentur,
2003 4187 2049 4249 J
2049 4187 2345 4249 ndaeorum
2399 4189 2495 4249 vel
2547 4185 2949 4246 haereticorum

540 4265 776 4342 malitia,
820 4268 923 4327 sed
962 4265 1279 4328 remedium
1320 4267 1489 4328 facile
1532 4269 1654 4345 peti
1693 4287 1866 4346 posse
1909 4285 1946 4326 a
1971 4267 2230 4347 Vulgata
2257 4267 2541 4329 Vcrsione
2585 4274 2644 4326 et
2671 4263 2951 4324 Ecclesiae

541 4346 887 4407 authoritate
915 4347 1221 4406 infallibili.
1308 4347 1451 4424 Quae
1494 4347 1781 4408 sententia
1825 4357 1916 4408 est
1956 4347 2332 4427 plurimorum
2375 4366 2452 4405 ex
2481 4343 2816 4420 Pontificiis,
2849 4341 2951 4402 ad·

538 4443 745 4485 versus
772 4445 919 4504 quos
945 4433 1148 4506 postea
1173 4426 1519 4506 disputaturi
1548 4445 1763 4504 sumus,
1794 4447 1972 4507 quum
1999 4429 2072 4488 de
2112 4427 2361 4507 puritate
2391 4424 2663 4483 Pontium
2691 4441 2950 4500 agemus.

542 4504 669 4564 Alii
710 4505 959 4584 pauqua
984 4505 1250 4585 quaedam
1294 4506 1504 4567 menda
1546 4506 1844 4586 irrepsisse
1889 4507 1950 4566 in
1997 4508 2352 4586 Scripturam
2395 4513 2648 4580 censent,
2695 4510 2754 4560 et
2795 4521 2952 4560 nunc

542 4585 715 4645 ctiam
744 4594 960 4663 extare,
991 4605 1122 4665 quae
1164 4588 1326 4649 nulla
1354 4587 1502 4646 Msc.
1536 4586 1815 4648 Codicum
1858 4587 1972 4648 fide
2017 4595 2077 4648 et
2120 4585 2426 4646 collatione
2472 4581 2662 4642 sanari
2704 4579 2946 4657 possint,

538 4665 648 4725 sed
672 4681 804 4744 quse
834 4665 1223 4748 Scriptoribns
1248 4667 1393 4747 ipsis
1422 4665 1600 4727 sacris
1626 4687 1745 4728 non
1773 4669 1888 4730 sint
1912 4663 2313 4742 adscribenda,
2359 4661 2466 4724 sed
2489 4659 2698 4741 partim
2726 4666 2945 4737 tempo·
