3300 5225
349 416 570 466 Qcsss'r.
602 396 715 477 1v.]
1370 416 1449 457 ns
1478 416 1834 459 cst-:mona
2315 384 2324 391 ’
2637 404 2757 461 395

350 554 855 697 ἓῗνιέἑῗὲἴὲῃῖἰὲ
867 564 1373 716 Μωωρὲῗῗέἑῑὶζ
1402 556 1569 699 3¹:33
1590 558 2572 717 fflfflfflissfflzsssspz‘ssffl
2597 580 2762 719 {⁰534

348 719 630 794 Josephm
673 716 774 776 lib.
804 716 843 775 i.
874 715 1080 795 Antiq.
1110 736 1161 777 e.
1190 722 1249 777 4.
1280 718 1551 797 explicat,
1584 722 1621 755 ‘⁴
1653 720 1911 794 Moses,''
1963 718 2170 797 inquit,
2219 722 2254 753 ‘⁴
2285 718 2484 797 Nisan,
2530 721 2632 797 qui
2671 730 2762 781 est

352 796 707 872 xanthicus,
736 814 996 855 mensem
1062 797 1271 857 rimum
1298 798 1361 857 in
1388 800 1509 859 suis
1536 799 1704 859 fastis
1744 799 2052 875 ordinavit,
2097 796 2256 877 quod
2293 816 2400 877 per
2439 800 2594 859 hunc
2637 800 2760 859 He—

348 877 537 937 braeos
562 894 640 936 ex
668 876 937 955 AEgypto
966 896 999 935 e
1040 879 1299 955 uxisset3
1331 878 1579 939 eundem
1605 880 1782 939 etiam
1809 880 2066 939 omnium
2095 898 2225 957 quse
2253 880 2329 938 ad
2357 898 2478 939 rem
2501 880 2762 939 divinam

423 956 655 1033 rtinent,
700 956 1003 1017 exordium
1046 957 1217 1019 fecit:
1266 958 1483 1036 alioqui
1529 958 1690 1036 quod
1731 958 1808 1017 ad
1853 959 2302 1020 nundinationes
2346 978 2540 1019 rerum
2587 978 2765 1019 vena-

353 1115 369 1130 ·
394 1056 511 1113 um,
556 1034 953 1114 reliquamque
1008 1036 1499 1117 dispensationem
1552 1039 1692 1098 anni
1745 1038 1970 1117 attinet,
2019 1039 2166 1099 nihil
2219 1040 2295 1099 de
2347 1040 2592 1119 pristino
2645 1040 2766 1101 ritu

350 1117 711 1176 mnovavit.’'

430 1194 508 1255 V.
550 1200 609 1255 2.
638 1195 1023 1256 Confirmatur
1046 1214 1123 1255 ex
1150 1197 1434 1275 Tempore
1460 1196 1706 1257 immissi
1735 1196 1978 1274 Danuvii,
2021 1196 2180 1292 quod
2205 1196 2420 1257 dicitur
2445 1196 2763 1277 contigisse

352 1274 606 1335 secundo
632 1294 845 1352 mense,
878 1276 1029 1336 Gen.
1057 1276 1157 1337 vii.
1191 1278 1285 1336 11.
1368 1278 1517 1337 Cum
1542 1278 1698 1337 enim
1725 1276 2207 1337 verisimillimum
2234 1277 2470 1335 omnino
2497 1278 2574 1336 sit
2614 1278 2762 1337 illud

350 1354 673 1414 immissum
688 1374 815 1415 esse
842 1374 913 1415 ea
938 1364 1297 1435 tempestate,
1316 1376 1447 1435 quse
1474 1358 1684 1417 idonea
1710 1366 1834 1418 erat
1857 1356 2350 1431 inundationibus,
2373 1357 2566 1433 potius
2585 1373 2762 1435 quam

352 1452 438 1511 ea,
468 1452 599 1512 quse
626 1436 929 1495 commoda
954 1444 1079 1495 erat
1104 1436 1389 1497 siccanda
1415 1445 1601 1513 terrae,
1632 1446 1693 1497 et
1717 1436 1984 1497 arcendis
2009 1436 2309 1511 imbribus,
2353 1436 2430 1494 ad
2467 1437 2764 1496 ineuntem

350 1515 617 1593 hyemem
646 1515 845 1575 referri
870 1516 1047 1576 debet
1070 1517 1281 1595 potius,
1310 1536 1487 1595 quam
1512 1518 1589 1577 ad
1628 1526 1858 1597 tempus
1885 1516 2164 1594 Vernum,
2193 1524 2261 1575 ut
2285 1515 2575 1575 secundus
2601 1534 2763 1575 men-

351 1594 431 1655 sis
458 1596 531 1654 ab
560 1595 939 1673 AEquinoctio
961 1598 1280 1656 autumnali
1300 1598 1376 1657 sit
1397 1599 1834 1677 computandus,
1859 1604 1918 1656 et
1945 1597 2022 1655 ad
2049 1596 2438 1657 Novembrem
2464 1595 2759 1674 referatur,

350 1690 467 1733 non
491 1694 632 1735 vero
660 1694 699 1735 a
723 1674 940 1753 Verno,
978 1676 1155 1753 juxta
1181 1679 1339 1755 quod
1366 1676 1652 1739 diluvium
1699 1676 2012 1757 incepisset
2037 1676 2193 1737 circa
2217 1674 2497 1753 Vernum,
2528 1684 2762 1737 auctum

350 1754 553 1815 fuisset
580 1763 795 1831 aestate,
827 1764 885 1815 et
910 1754 1137 1816 finitum
1164 1756 1357 1817 media
1380 1758 1611 1836 hyeme.

430 1834 541 1893 VI.
586 1838 643 1894 3.
674 1836 765 1893 Ea
790 1836 927 1894 anni
954 1844 1294 1915 tempestate
1323 1838 1581 1899 Mundus
1624 1836 1808 1897 creari
1851 1835 2067 1913 debuit,
2113 1854 2230 1913 qua
2261 1834 2398 1895 anni
2429 1834 2766 1896 Sabbathici

356 1922 415 1973 et
461 1914 505 1975 J
506 1915 704 1974 ubilaei
749 1916 794 1976 J
796 1916 1092 1975 udaeorum
1145 1915 1500 1994 inceperunt,
1546 1936 1678 1995 quse
1723 1916 1836 1976 fuit
1874 1916 2246 1977 autumnalis.
2327 1915 2478 1973 Nam
2527 1924 2587 1974 et
2625 1918 2764 1975 anni

356 1994 707 2071 SabbathieL
730 1996 833 2073 qui
860 1996 1103 2073 septimo
1132 2015 1363 2074 quoque
1388 2016 1558 2072 anno,
1604 2004 1666 2056 et
1711 1996 1756 2056 J
1757 1996 1954 2055 ubiloei
1979 1995 2082 2074 qui
2108 1995 2574 2073 quinquagesimi
2599 2006 2765 2057 erant

348 2082 483 2211 {ost
509 2076 721 2152 septies
748 2084 1035 2154 septenos,
1065 2075 1368 2163 Autumno
1416 2085 1549 2153 post
1574 2076 1850 2135 collectas
1875 2075 2072 2153 fruges
2100 2074 2520 2133 inchoabantur
2548 2097 2563 2151 3
2607 2076 2762 2135 unde

404 2155 515 2213 evi.
544 2175 689 2213 xxv.
720 2158 775 2232 9,
806 2156 1047 2233 clangor
1071 2156 1227 2215 tubae
1253 2156 1298 2217 J
1300 2154 1495 2215 ubilaei
1515 2156 1816 2215 institutus
1842 2162 1933 2214 est
1959 2154 2054 2213 die
2081 2153 2306 2212 decimo
2345 2154 2562 2213 mensis
2588 2154 2760 2215 Tisri.

350 2234 439 2292 Eo
466 2234 731 2312 pertinet,
761 2235 919 2313 quod
948 2236 1190 2295 Festum
1218 2236 1513 2295 Tubarum
1541 2256 1673 2295 cum
1739 2234 1964 2293 Iuribus
1990 2234 2120 2293 aliis
2147 2234 2257 2292 hoc
2284 2252 2482 2291 mense
2510 2234 2760 2293 celebra-

348 2322 544 2389 retur3
600 2314 759 2392 quod
784 2334 901 2374 non
928 2316 1045 2375 alia
1070 2316 1143 2375 de
1171 2334 1347 2375 causa
1370 2314 1588 2375 factum
1614 2256 1864 2389 videtur,
1903 2332 2078 2390 quam
2105 2314 2244 2390 quia
2267 2320 2406 2371 tune
2433 2312 2766 2375 recolebant

350 2393 683 2454 memoriam
712 2395 1048 2471 creationis,
1080 2414 1210 2473 quae
1236 2396 1299 2454 in
1324 2395 1387 2454 id
1413 2404 1641 2473 tempus
1668 2392 1966 2453 inciderat.

430 2473 577 2534 VII.
621 2478 677 2533 4.
708 2475 855 2553 Ejus
883 2477 1181 2535 sententiae
1227 2484 1535 2554 supersunt
1580 2476 1771 2534 adhuc
1798 2472 2050 2552 vestigia
2074 2470 2136 2531 in
2167 2470 2500 2550 synagogis
2526 2470 2765 2532 Judaeo-

348 2574 477 2616 rum
502 2556 883 2616 vetustissimi
908 2556 1193 2634 instituti3
1226 2556 1375 2616 Nam
1396 2555 1457 2615 in
1482 2554 1778 2616 Sabbatho
1805 2553 1964 2633 quod
1982 2560 2335 2631 postremum
2363 2561 2462 2625 est
2479 2551 2541 2612 in
2567 2572 2766 2615 mense

343 2635 512 2712 Tisri,
558 2635 762 2715 incipit
811 2637 1238 2698 Lectionarium
1292 2637 1335 2698 J
1339 2637 1628 2713 udaIeum,
1679 2635 1848 2714 eujus
1899 2635 2086 2713 Caput
2131 2635 2380 2712 primum
2421 2633 2580 2712 quod
2626 2653 2764 2697 ms

350 2724 577 2791 vocant,
608 2725 697 2776 est
722 2715 951 2777 initium
982 2717 1145 2776 Libri
1173 2717 1487 2794 Geneseos,
1536 2725 1662 2776 tum
1709 2715 1867 2795 quod
1913 2733 1991 2774 ex
2031 2733 2102 2775 eo
2127 2724 2384 2792 tempore
2412 2714 2555 2792 ipsis
2581 2729 2770 2774 annus

349 2795 647 2874 inciperet,
678 2803 801 2856 tum
828 2796 985 2874 quod
1010 2796 1123 2875 ipsi
1150 2797 1465 2874 crederent,
1496 2795 1776 2856 mundum
1803 2814 1876 2855 ea
1899 2802 2242 2873 tempestate
2267 2803 2542 2854 creatum.
2606 2794 2766 2852 Hine

352 2875 658 2936 Chaldaeus
686 2877 933 2955 Paraph.
963 2877 1026 2936 in
1057 2879 1087 2934 1
1122 2877 1270 2955 Reg.
1298 2877 1421 2936 viii.
1451 2881 1507 2954 2,
1555 2877 1696 2936 dum
1741 2876 1999 2954 loquitur
2039 2874 2111 2934 de
2140 2874 2434 2934 Eneaeniis
2460 2873 2690 2952 Templi
2730 2891 2768 2932 a

354 2955 661 3016 Solomone
690 2956 975 3032 aedificati,
1004 2977 1135 3035 quae
1178 2956 1325 3016 festo
1372 2956 1873 3018 tabernaculorum
1915 2954 2230 3015 celebravit
2269 2956 2330 3012 in
2356 2973 2554 3013 mense
2583 2953 2764 3013 Etha-

349 3035 486 3112 nim,
517 3037 603 3096 sie
629 3037 727 3112 ait,
774 3038 851 3096 In
890 3057 1077 3097 mense
1121 3037 1415 3114 Ethanim,
1462 3037 1561 3114 qui
1593 3038 1899 3176 αηξὲυἰιω
1925 3045 2056 3096 ante
2081 3037 2302 3095 Mosem
2328 3035 2616 3095 dicebatur
2632 3033 2763 3111 pri-

348 3136 488 3191 mus,
518 3137 667 3175 nunc
691 3126 877 3175 antem
902 3118 1181 3194 septimus.
1268 3117 1405 3177 Huc
1430 3115 1570 3176 facit
1596 3137 1676 3195 qn
1781 3115 2073 3195 AEgyptii,
2106 3115 2319 3192 Persae,
2349 3123 2408 3175 et
2434 3115 2535 3174 alii
2563 3115 2764 3175 Orien-

342 3196 507 3271 tales,
539 3214 751 3254 annum
782 3215 948 3256 suum
976 3197 1290 3256 etiamnum
1316 3195 1491 3256 hodie
1518 3197 1593 3255 ab
1622 3197 1928 3256 Autumno
1954 3196 2248 3256 inchoant.

431 3273 615 3334 VIII.
660 3277 716 3334 5.
746 3275 1111 3337 Conveniens
1138 3276 1249 3336 fuit
1276 3275 1564 3336 Mundum
1592 3275 1766 3335 condi
1792 3293 1862 3335 ea
1887 3275 2027 3335 anni
2044 3281 2404 3354 tempestate,
2433 3291 2552 3352 qua
2575 3273 2768 3352 potuit

349 3355 603 3414 maxime
628 3354 791 3415 utilis
817 3375 945 3416 esse
991 3356 1212 3416 homini
1237 3365 1473 3434 propter
1498 3373 1672 3432 quem
1719 3353 2090 3432 condebatur,
2135 3353 2554 3433 suppeditando
2581 3353 2670 3413 illi
2709 3361 2771 3414 et

351 3433 574 3494 caeteris
601 3435 1005 3514 animantibus,
1036 3457 1169 3515 quse
1216 3435 1541 3496 necessaria
1586 3443 1752 3494 erant
1793 3435 1870 3493 ad
1895 3435 2116 3494 vietum
2143 3443 2202 3494 et
2248 3435 2763 3511 sustentationem

349 3515 511 3574 nulla
536 3534 675 3574 vero
704 3515 780 3575 ad
806 3516 868 3575 id
896 3516 1251 3576 commodior
1296 3516 1407 3575 fuit
1434 3513 1769 3590 autumnali,
1815 3533 1932 3591 qua
1971 3514 2204 3573 arbores
2231 3523 2542 3573 onerantur
2567 3513 2766 3572 fructi-

350 3594 481 3670 bus,
512 3603 571 3655 et
597 3596 811 3673 plantae
854 3597 1171 3657 seminibus
1214 3591 1337 3656 suis
1384 3602 1520 3655 sunt
1546 3593 1824 3671 gravidae,
1871 3610 2000 3669 quse
2047 3593 2192 3652 alias
2220 3611 2494 3670 generare
2521 3592 2765 3668 possint.

350 3673 522 3734 Unde
548 3675 687 3736 licet
712 3677 836 3735 Ver
862 3677 1193 3736 amoenitate
1221 3675 1445 3736 caeteris
1484 3673 1622 3734 anni
1661 3672 2100 3751 tempestatibus
2137 3677 2389 3749 praestet,
2433 3669 2772 3730 Autumnus

348 3754 599 3814 utilitate
627 3753 773 3815 iliud
801 3766 1050 3835 superat.
1136 3757 1361 3817 Rursus
1406 3762 1474 3816 ut
1519 3755 1683 3814 Deus
1727 3750 2018 3812 hominem
2062 3759 2122 3811 et
2161 3758 2370 3811 caetera
2395 3749 2668 3809 animalia
2705 3749 2770 3808 in

351 3842 505 3894 statu
531 3835 785 3913 perfecto
814 3857 1007 3897 creare
1024 3837 1229 3914 voluit,
1253 3836 1407 3896 idem
1428 3835 1601 3896 etiam
1622 3833 1828 3893 fecisse
1857 3830 2180 3891 censendus
2207 3839 2298 3891 est
2317 3837 2582 3926 respectu
2601 3828 2765 3908 plan-

349 3922 539 4053 tarium
566 3923 626 3976 et
652 3917 939 3995 arborum,
970 3917 1129 3996 quod
1157 3917 1458 3978 Autumno
1485 3915 1684 3994 potius
1710 3910 2036 3989 convenire,
2081 3929 2256 3990 quam
2284 3910 2430 3971 Ven
2455 3927 2624 3970 nemo
2650 3928 2771 3969 non

356 3994 417 4052 vi
458 4003 535 4054 et.

420 4137 765 4241 Fopxlffiiu·
876 4071 1635 4249 nogxihgfflggngiuuguffi
1652 4072 2014 4231 ᾱῒῗιῗαῗίἲὲι
2029 4070 2772 4230 οὲιῖὶῗεῗῖηἲωίῖῗίἧθὲἰέ

352 4311 527 4373 fuerit
551 4309 692 4387 Ver,
736 4319 839 4371 aut
866 4241 1251 4388 Χῗιῗηιξιῗιῗῗ
1263 4234 1635 4387 ἐζιὲἔιῖἳῇ
1663 4231 2475 4392 Ῑῒῖθγοωεῗιςέἱὲοωῗῃοξξὲῗὲιιξὲ
2502 4239 2774 4370 &ilai-'02¹2

351 4392 587 4467 habent,
617 4409 723 4468 pro
750 4391 973 4448 ratione
999 4391 1532 4468 hemisphaeriorum
1560 4399 1621 4450 et
1646 4392 1960 4469 climatum,
1984 4400 2052 4451 ut
2066 4391 2298 4469 quando
2325 4391 2388 4449 in
2416 4389 2772 4449 Antareticis

353 4470 693 4549 regionibns
721 4469 928 4527 AEstas
969 4477 1075 4546 est,
1104 4467 1167 4527 in
1195 4468 1450 4528 Arcticis
1488 4477 1577 4530 est
1606 4470 1852 4548 Hyems,
1883 4480 1942 4532 et
1981 4471 2084 4530 ubi
2116 4470 2218 4530 Sol
2259 4471 2464 4548 incipit
2507 4487 2569 4528 se
2611 4469 2770 4526 elon-

356 4571 496 4629 gare
523 4551 599 4609 ab
641 4545 999 4609 Antareticis
1024 4549 1231 4628 plagis,
1277 4556 1337 4607 et
1363 4549 1824 4626 appropinquare
1850 4551 2123 4625 Arctieis,
2151 4550 2214 4607 in
2241 4551 2360 4609 inis
2387 4549 2770 4620 Autumnum,

355 4631 416 4689 in
459 4629 591 4689 istis
639 4629 767 4689 Ver
808 4625 963 4686 facit.
1051 4627 1169 4690 Sed
1210 4628 1323 4686 hoe
1350 4625 1750 4706 accipiendum
1789 4639 1880 4690 est
1918 4630 1992 4689 de
2033 4627 2136 4687 illa
2175 4629 2332 4687 orbis
2357 4635 2537 4704 parte,
2567 4625 2629 4682 in
2657 4643 2776 4702 qua

355 4709 551 4768 Adam
580 4709 861 4769 formatus
888 4717 994 4787 est,
1043 4709 1139 4770 vel
1166 4727 1271 4788 pro
1298 4707 1519 4768 ratione
1564 4708 1957 4786 hemisphaerii
1983 4707 2183 4782 nostri,
2213 4707 2275 4764 in
2301 4724 2418 4782 quo
2447 4703 2646 4762 Moses
2674 4705 2773 4762 de-
