3300 5225
471 340 479 351 ·
546 318 666 375 520
1509 335 1694 377 Locus
1719 334 2007 376 oca-Avus.
2581 316 2842 399 [0110101.
2875 337 2974 377 111.

549 476 626 535 ad
654 476 947 537 Adamum
997 478 1199 554 solum,
1232 477 1337 537 sed
1360 476 1425 535 in
1470 477 1571 535 illo
1601 476 1677 535 ad
1725 496 1925 536 omnes
1951 476 2080 553 ejus
2119 482 2380 553 posteros
2407 476 2701 553 pertinuit.
2787 476 2973 553 Quod

551 557 639 616 cl.
669 557 876 635 Amyr.
909 558 1074 636 Disp.
1104 558 1176 617 de
1197 558 1383 617 tribus
1403 557 1631 616 Foedcr.
1653 557 1734 616 th.
1759 559 1815 633 8,
1839 556 2118 633 agnoseit,
2147 558 2184 589 “
2205 555 2334 631 Qua
2352 557 2574 633 primus
2594 558 2770 616 homo
2787 558 2970 633 fuit,”

548 637 753 715 inquit,
789 640 825 670 “
846 639 1182 698 universum
1210 657 1396 715 genus
1436 638 1769 713 humanum,
1801 636 1958 713 quod
1997 656 2074 695 ex
2101 655 2170 695 eo
2209 636 2564 696 nasciturum
2602 646 2744 714 erat,
2775 637 2974 697 veluti

548 718 1043 795 repraesentavit.''
1129 718 1595 777 Fundamentum
1636 723 1830 775 autem
1871 715 2040 775 istius
2081 715 2499 775 communionis
2539 717 2724 777 oritur
2749 738 2828 775 ex
2857 718 2972 776 du·

549 796 689 875 plici
715 797 967 873 vinculo,
998 818 1113 875 quo
1140 798 1403 857 homines
1424 817 1555 856 cum
1573 796 1806 857 Adamo
1828 796 2190 873 colligantur,
2209 797 2467 855 natzar-ali
2483 816 2618 873 11110,
2643 796 2973 857 secundum

552 877 709 954 quod
740 877 913 935 Pater
938 877 1048 937 fuit
1074 877 1395 937 communis
1422 877 1695 951 omnium,
1727 884 1786 936 et
1812 876 1900 934 illi
1939 876 2067 953 ejus
2093 875 2216 951 filii,
2231 876 2462 951 sorensi
2497 872 2695 952 altero,
2725 896 2844 954 quo
2887 896 2972 935 ex

550 956 975 1034 sapientissima
1003 958 1115 1017 Dei
1144 956 1518 1016 Providentia
1544 956 1607 1015 in
1636 956 1964 1033 Principem
1992 963 2052 1015 et
2079 956 2266 1033 Caput
2287 956 2516 1033 generis
2539 956 2782 1015 humani
2823 976 2968 1017 0011-

553 1036 791 1097 stitutus
819 1045 923 1111 est,
955 1038 1057 1114 (1111
1083 1057 1187 1115 pro
1234 1056 1295 1096 00
1323 1044 1382 1095 et
1423 1036 1545 1097 suis
1571 1036 1951 1111 contraheret,
1983 1045 2042 1094 et
2079 1035 2234 1094 bona
2275 1036 2386 1095 sibi
2427 1036 2654 1112 collata,
2685 1044 2970 1114 tanquam

550 1115 706 1175 bona
732 1118 1059 1177 communia
1086 1118 1193 1177 toti
1220 1126 1457 1192 naturae,
1488 1125 1547 1175 et
1576 1117 1688 1175 sibi
1716 1124 1775 1175 et
1801 1116 1922 1175 suis
1947 1115 2188 1175 haberet
2211 1116 2311 1174 vel
2337 1116 2642 1175 amitteret.

745 1249 757 1261 .
813 1250 826 1263 ,
1158 1197 1314 1256 XII.
1356 1198 1557 1255 Pactio
1586 1196 1812 1256 duabus
1838 1195 2100 1273 partibus
2139 1204 2381 1272 constat,
2412 1195 2547 1254 hinc
2575 1194 2749 1254 officii
2787 1214 2966 1254 exac-

552 1248 1037 1362 zgffittfftffwgffffi
1076 1276 1249 1352 tione,
1282 1296 1317 1335 a
1343 1284 1505 1354 parte
1535 1276 1665 1352 Dei,
1697 1284 1757 1334 et
1798 1275 2232 1353 restipulatione
2259 1295 2295 1332 a
2319 1284 2482 1353 parte
2515 1274 2781 1351 hominis,
2826 1275 2968 1335 inde

611 1366 747 1411 tione
774 1366 932 1435 0111011,
954 1380 1038 1413 sou
1077 1356 1457 1435 promissione
1496 1354 1765 1415 beneficii
1805 1376 1840 1413 a
1881 1354 2202 1433 1101101301,
2233 1363 2292 1413 et
2319 1355 2710 1432 acceptatione
2736 1374 2774 1413 a
2797 1362 2968 1431 parte

610 1424 903 1528 32ffi3g¹¹⁶¹⁸⁰
916 1424 1037 1484 Ῑωέί
1077 1436 1345 1495 hominis·
1436 1436 1690 1508 Officium
1729 1435 1839 1494 fuit
1879 1435 2087 1512 partim
2129 1435 2414 1511 generale,
2453 1434 2662 1511 partim
2691 1434 2964 1512 speciale,

791 1512 804 1525 ⁰
1070 1516 1247 1594 juxta
1287 1515 1574 1593 duplicem
1602 1516 1793 1592 legem
1821 1514 1934 1592 ipsi
1959 1514 2154 1589 latam,
2185 1514 2462 1573 moralem
2489 1532 2592 1575 seu
2619 1514 2961 1589 naturalem,

554 1600 614 1652 et
641 1593 1037 1671 symbolicam.
1126 1594 1410 1655 Generale
1448 1594 1561 1653 fuit
1596 1594 1853 1671 cognitio
1897 1602 1958 1653 et
1999 1593 2192 1653 cultus
2221 1594 2349 1668 Dei,
2393 1614 2526 1653 cum
2562 1593 2794 1672 justitia
2821 1613 2966 1671 erga

552 1674 899 1751 proximum,
930 1681 989 1732 et
1016 1674 1347 1732 omnimoda
1388 1674 1692 1733 sanctitate
1717 1696 1733 1749 ;
1776 1673 2033 1749 Spect'ale
2059 1672 2169 1733 fuit
2203 1672 2554 1733 abstinentia
2579 1694 2615 1732 a
2641 1672 2833 1732 fructu
2859 1694 2961 1733 ve-

554 1753 680 1827 tito,
710 1753 773 1810 in
800 1772 916 1830 qua
942 1753 1123 1812 totius
1152 1754 1329 1831 Legis
1358 1753 1688 1812 obedientia
1707 1753 1870 1813 velut
1896 1754 1959 1811 in
1987 1753 2325 1830 compendio
2353 1762 2412 1813 et
2439 1752 2750 1831 specimine
2777 1754 2962 1812 conti·

552 1832 815 1891 uebatur.
900 1831 1060 1892 Illud
1084 1832 1435 1893 fundabatur
1460 1833 1521 1890 in
1550 1833 1710 1909 Lege
1737 1833 2003 1907 naturali,
2034 1852 2164 1910 quae
2191 1852 2308 1893 non
2333 1832 2396 1890 in
2421 1834 2572 1893 libro
2599 1833 2828 1909 scripta,
2861 1832 2968 1892 sed

552 1909 616 1969 in
644 1910 815 1970 corde
842 1912 1131 1990 insculpta
1157 1920 1218 1972 et
1255 1913 1535 1990 impressa
1561 1911 1687 1988 fuit,
1717 1912 1792 1971 de
1833 1932 1949 1990 qua
1978 1912 2194 1971 Paulus
2231 1913 2328 1988 ait,
2363 1915 2398 1946 ‘⁴
2421 1932 2620 1971 omnes
2645 1922 2853 1971 natura
2877 1912 2964 1971 fa·

552 2010 683 2049 cere
712 2010 841 2069 quae
870 2000 1005 2051 sunt
1034 1992 1117 2051 Le
1164 1992 1229 2068 's,
1258 2000 1319 2052 et
1359 2012 1505 2069 opus
1534 1992 1714 2069 Legis
1758 1993 2034 2069 scriptum
2063 2011 2189 2051 esse
2217 1992 2278 2049 in
2305 1992 2575 2051 cordibus
2601 1992 2962 2068 hominum,”

554 2070 726 2131 Rom.
753 2071 816 2129 ii.
850 2074 942 2147 14,
976 2074 1090 2131 15:
1168 2080 1229 2131 ta
1264 2080 1331 2132 ut
1358 2072 1459 2149 qui
1495 2080 1629 2131 sunt
1671 2072 1796 2130 sine
1825 2072 1984 2149 Lege
2027 2071 2255 2148 scripta,
2285 2091 2403 2130 non
2444 2072 2562 2131 sint
2599 2080 2793 2133 tamen
2835 2072 2963 2131 sine

554 2150 725 2228 Lege·
746 2151 988 2228 sculpta,
1020 2170 1151 2210 eum
1180 2152 1294 2229 ipsi
1340 2171 1444 2229 per
1471 2151 1838 2211 conscientiae
1879 2150 2168 2209 dictamen
2209 2152 2321 2210 sibi
2347 2151 2490 2227 ipsis
2518 2150 2635 2210 sint
2663 2151 2824 2227 Lex;
2870 2152 2962 2209 Is-

551 2230 659 2289 tud
684 2230 747 2289 in
776 2231 935 2308 Lege
965 2230 1288 2308 symbolica
1327 2240 1387 2290 et
1412 2231 1682 2309 positiva.
1768 2230 1925 2289 Illud
1964 2230 2318 2307 praecipuum
2357 2238 2416 2289 et
2455 2230 2790 2308 primarium
2829 2230 2960 2306 fuit,

554 2310 689 2369 Hoc
714 2330 855 2369 vero
884 2319 1108 2370 tantum
1136 2310 1557 2371 secundarium.
1642 2310 1921 2385 Quamvis
1949 2310 2102 2369 enim
2132 2310 2368 2387 speciali
2393 2329 2623 2387 quoque
2651 2317 2960 2387 praecepto,

553 2409 657 2449 seu
687 2390 834 2468 Legi
880 2389 981 2450 isti
1022 2390 1357 2467 symbolicae
1404 2391 1516 2467 ipsi
1564 2389 1732 2465 datae,
1763 2409 1962 2467 parere
1989 2397 2316 2465 teneretur;
2359 2390 2722 2467 potissimum
2765 2398 2964 2449 tamen

554 2468 735 2547 Legis
760 2469 1041 2529 naturalis
1068 2470 1397 2529 obedientia
1423 2470 1497 2528 ab
1518 2470 1645 2547 ipso
1664 2470 2080 2547 requirebatur,
2105 2468 2200 2527 cui
2219 2468 2590 2546 explorandae
2607 2476 2963 2547 praeceptum

551 2548 665 2608 1100
693 2547 1077 2628 symbolicum
1106 2557 1329 2609 tantum
1357 2550 1635 2626 inserviit,
1667 2558 1735 2609 ut
1768 2556 1971 2628 postea
1996 2549 2236 2607 dicetur.

718 2682 729 2696 ,
960 2685 973 2698 ,
1160 2630 1351 2689 XIII.
1401 2630 1725 2692 obedienta&
1751 2649 1924 2708 quam
1953 2628 2082 2688 Lex
2109 2627 2398 2707 exigebat,
2428 2627 2788 2688 characteres
2815 2629 2963 2688 istos

584 2681 1000 2789 Quahgszlgbuont
1074 2709 1290 2770 habere
1316 2709 1551 2787 debuit3
1599 2713 1655 2769 1.
1683 2709 1906 2769 ratione
1935 2708 2227 2786 principii,
2261 2709 2648 2782 sinceritatem,
2697 2715 2764 2768 ut
2805 2717 2961 2768 esset

1075 2809 1215 2849 vera
1241 2798 1302 2849 et
1327 2789 1550 2849 sincera
1576 2808 1654 2848 ex
1695 2798 1818 2849 toto
1845 2789 2035 2864 corde,
2075 2808 2192 2847 non
2231 2786 2604 2865 hypocritica,
2634 2796 2694 2846 et
2721 2796 2964 2848 externa

553 2875 780 2928 tantum
828 2868 1118 2946 corporis;
1162 2873 1219 2928 2.
1248 2869 1469 2928 ratione
1511 2869 1720 2943 objecti,
1750 2869 2238 2944 universalitatem,
2280 2876 2348 2928 ut
2387 2867 2810 2942 extenderetur,
2841 2887 2962 2926 non

554 2947 630 3006 ad
656 2947 923 3025 quaedam
950 2955 1193 3023 tantum,
1225 2947 1329 3006 sed
1361 2947 1438 3006 ad
1478 2947 1672 3006 omnia
1700 2947 1878 3024 Legis
1903 2957 2208 3027 praecepta,
2251 2947 2413 3007 nullo
2451 2955 2733 3024 except03
2777 2949 2834 3006 3.
2864 2967 2958 3005 ra·

551 3027 709 3085 tione
731 3029 1035 3102 yraduum,
1066 3027 1438 3103 intensionem,
1457 3034 1524 3086 ut
1544 3034 1698 3086 esset
1717 3026 1986 3105 perfecta,
2010 3037 2070 3088 et
2090 3028 2356 3086 omnibus
2375 3027 2628 3085 numeris
2655 3025 2954 3103 absoluta3

550 3108 609 3163 4.
639 3105 861 3164 ratione
889 3105 1218 3181 durationis,
1252 3106 1754 3184 perseverantiam,
1781 3115 1850 3166 ut
1889 3116 2045 3167 esset
2083 3115 2354 3167 constans
2387 3114 2446 3166 et
2471 3114 2748 3183 perpetua
2773 3125 2961 3184 usque

551 3183 628 3244 ad
654 3184 829 3242 finem
857 3184 981 3244 sine
1008 3183 1440 3262 interruptione.

634 3263 815 3323 XIV.
859 3262 962 3322 Ad
988 3264 1138 3324 hanc
1165 3285 1305 3324 vero
1346 3265 1750 3342 obedientiam,
1779 3266 1918 3325 licet
1955 3268 2129 3326 homo
2157 3267 2448 3344 obligatus
2482 3266 2608 3344 jam
2643 3271 2797 3323 esset
2823 3265 2958 3322 obli-

546 3345 776 3421 qatione
800 3345 1072 3411 naturali.
1103 3364 1219 3421 qua
1246 3353 1506 3405 creatura
1545 3345 1860 3421 rationalis,
1891 3366 2021 3424 quse
2060 3366 2178 3406 non
2203 3354 2394 3423 potest
2430 3364 2547 3403 11011
2577 3344 2812 3402 subesse
2853 3343 2956 3402 do-

552 3423 732 3483 minio
762 3424 890 3501 Dei,
924 3431 984 3484 et
1009 3424 1193 3501 ipsius
1219 3424 1387 3503 Legi,
1416 3425 1621 3485 fortius
1648 3433 1844 3486 tamen
1861 3425 2171 3485 obstrictus
2197 3425 2307 3483 fuit
2327 3425 2658 3500 obligatione
2666 3425 2957 3500 soederali,

551 3523 727 3582 quam
757 3506 919 3564 Deus
946 3505 1029 3564 ita
1055 3504 1363 3583 stipulatus
1390 3513 1506 3582 est,
1518 3513 1586 3565 ut
1610 3505 1803 3580 homo,
1823 3505 2046 3564 viribus
2066 3524 2212 3582 quas
2237 3505 2297 3562 in
2325 3503 2612 3564 creatione
2639 3511 2956 3580 acceperat,

460 3632 472 3644 .
550 3604 679 3645 eam
704 3593 979 3663 praestare
1006 3593 1219 3662 posset,
1249 3585 1517 3662 quamvis
1544 3593 1611 3644 ut
1636 3585 1798 3642 illam
1825 3591 1958 3644 actu
1985 3592 2300 3660 praestaret,
2331 3583 2443 3661 ipsi
2469 3583 2658 3642 adhuc
2685 3601 2831 3659 opus
2868 3601 2958 3641 es-

550 3672 651 3724 set.
666 3665 885 3724 aum-ilio
911 3666 1042 3740 Dei,
1073 3685 1190 3742 quo
1218 3665 1521 3724 facultates
1549 3664 1666 3722 illae
1695 3671 1754 3723 et
1778 3664 1936 3722 vires
1975 3672 2100 3722 tum
2127 3671 2511 3739 actuarentur,
2539 3669 2664 3721 tum
2709 3682 2746 3720 a
2771 3670 2959 3721 muta-

547 3745 707 3804 tione
748 3753 1252 3821 praeservarentur.
1337 3743 1506 3819 Quod
1546 3743 1828 3802 auxilium
1869 3763 1987 3802 non
2026 3742 2302 3803 tendebat
2327 3743 2403 3801 ad
2429 3743 2702 3820 virtutem
2745 3761 2958 3800 novam

550 3824 803 3900 aliquam
829 3824 944 3901 ipsi
968 3822 1399 3898 infundendam,
1432 3823 1535 3882 sed
1562 3830 1788 3883 tantum
1815 3822 1890 3882 ad
1917 3822 2229 3882 efficaciam
2267 3822 2426 3882 illius
2451 3822 2687 3882 virtutis
2713 3840 2956 3880 exeren-

550 3901 702 3977 dam,
733 3921 907 3978 quam
934 3909 1250 3979 acceperat.
1336 3902 1467 3961 Hoc
1496 3910 1690 3962 autem
1729 3922 1846 3960 non
1873 3902 2198 3980 pertinebat
2229 3902 2458 3980 proprie
2487 3901 2564 3960 ad
2573 3903 2766 3978 scedas
2793 3910 2958 3960 natu-

547 3999 649 4055 roe,
680 3979 785 4038 sed
812 4000 849 4038 a
872 3981 1166 4040 liberrima
1194 3981 1305 4040 Dei
1334 3980 1526 4059 ιῦδοκίᾳ
1550 4000 1778 4058 semper
1802 3980 2106 4059 pendebat,
2131 3980 2275 4040 alias
2301 3981 2490 4040 foedus
2507 3989 2726 4041 naturae
2755 3980 2960 4040 fuisset

547 4059 924 4135 immutabile,
953 4079 1061 4120 nec
1087 4062 1263 4121 homo
1288 4079 1543 4198 unffiam
1568 4068 1881 4136 peccasset.

1153 4139 1300 4198 XV.
1472 4139 1547 4198 cii
1590 4139 1950 4199 exactionem
1997 4141 2380 4200 comitabatur
2421 4141 2677 4199 Foederzk
2721 4139 2952 4215 sanctio,

1072 4237 1202 4296 quae
1228 4227 1353 4278 tum
1380 4217 1758 4295 promissione
1798 4221 2020 4298 praemii
2061 4226 2120 4279 et
2159 4219 2456 4295 mercedis,
2486 4228 2610 4279 tum
2645 4219 2954 4279 commina-

1068 4297 1225 4356 tione
1264 4317 1452 4374 poenae
1479 4299 1796 4359 constabat.
1879 4301 2186 4358 Promissio
2227 4299 2338 4359 fuit
2377 4319 2616 4359 summae
2641 4299 2951 4374 felicitatis,

548 4385 609 4437 et
635 4376 772 4436 vitae
820 4384 1067 4453 aeternae,
1110 4395 1229 4436 non
1268 4378 1328 4435 in
1372 4385 1527 4437 terra
1566 4377 1672 4438 sed
1709 4379 1772 4438 in
1815 4381 1961 4439 coelo
2001 4379 2364 4458 peragendae.
2451 4380 2822 4440 Comminatio
2849 4378 2959 4437 fuit

542 4458 753 4534 mortis,
774 4464 835 4516 et
860 4455 1137 4533 quicquid
1162 4457 1364 4516 mortis
1390 4459 1623 4518 nomine
1640 4459 1802 4518 venit
1827 4459 1888 4516 in
1921 4459 2232 4537 Scriptura,
2257 4459 2334 4518 ad
2359 4477 2529 4519 omne
2557 4477 2742 4536 genus
2769 4477 2956 4537 poenoe

544 4536 1000 4615 exprimendum,
1031 4536 1093 4594 in
1120 4555 1293 4613 quam
1320 4538 1495 4596 homo
1520 4557 1627 4616 per
1650 4548 1952 4616 peccatum
1979 4559 2148 4598 suum
2174 4540 2380 4598 merito
2407 4539 2666 4599 incurrit.

628 4617 807 4677 XVI.
852 4617 948 4676 Ex
974 4615 1083 4678 hac
1108 4635 1251 4677 vero
1276 4616 1543 4696 pactione
1584 4619 1843 4680 nascitur
1867 4619 2128 4699 obliquae
2155 4627 2356 4680 mutua
2393 4618 2662 4698 partium,
2693 4637 2824 4696 quae
2865 4616 2953 4676 di·

566 4203 612 4250 2.
642 4201 857 4248 Foederis
898 4216 1032 4248 sanc-

724 4261 874 4307 tione.
