3300 5225
526 353 658 414 200
1496 371 1682 412 mous
1709 369 1976 412 rsnrms.
2555 347 2807 430 [cumr.
2837 369 2941 413 xv.

620 511 701 572 V.
743 509 903 571 Hinc
926 510 1013 587 fit,
1042 519 1108 572 ut
1132 511 1271 572 licet
1295 511 1425 572 istae
1450 511 1783 574 voluntates
1807 518 1877 570 ut
1901 509 2148 570 diversae
2174 527 2212 569 a
2235 507 2404 567 nobis
2425 507 2824 588 concipiantur
2839 531 2946 590 pro

540 591 877 666 diversitate
903 591 1279 670 objectorum,
1307 611 1425 652 non
1464 593 1584 652 sint
1629 599 1824 651 tamen
1870 589 2205 666 contrariam
2248 589 2386 667 quia
2428 596 2497 648 ut
2535 589 2658 666 jam
2704 589 2944 668 dictum,

538 691 659 731 non
684 679 990 731 versantur
1016 671 1168 730 circa
1194 672 1367 732 idem.
1450 670 1738 750 Equidem
1767 671 1816 729 si
1845 670 2007 730 Deus
2037 668 2096 727 vi
2133 668 2348 728 decreti
2391 667 2486 728 sui
2527 669 2790 730 homines
2837 671 2946 730 im·

530 751 784 832 ‚pelleret
808 750 884 810 ad
911 771 982 810 ea
1006 751 1270 812 facienda
1294 771 1425 830 quae
1454 751 1614 830 Lege
1640 750 1952 830 prohibuit,
1981 756 2084 809 aut
2110 749 2162 808 si
2188 757 2492 808 conantem
2518 748 2668 828 Legi
2683 749 2944 829 obsequi,

541 832 808 909 opposito
834 831 1001 891 obice
1028 832 1102 891 ab
1130 831 1459 891 obedientia
1482 837 1796 906 revocaret,
1825 830 2006 889 vellet
2029 829 2364 907 pugnantia,
2409 839 2472 890 et
2504 828 2631 906 ipse
2674 829 2944 890 adverse·

540 920 703 972 retur
728 929 848 970 suas
874 910 1201 971 voluntati:
1244 911 1347 971 sed
1381 931 1499 970 non
1540 917 1766 990 pugnat
1805 909 2100 968 decretum
2146 908 2259 967 Dei
2305 929 2438 969 cum
2481 909 2612 987 ejus
2653 909 2943 987 mandato,

542 989 777 1070 quando
842 991 1063 1069 raecipit
1090 991 1309 1050 homini
1337 990 1586 1050 officium
1628 989 1788 1068 quod
1833 989 1908 1048 ab
1951 989 2079 1066 ipso
2119 987 2378 1064 debetur,
2427 988 2506 1046 ad
2545 989 2706 1066 quod
2749 999 2946 1050 tamen

540 1079 793 1150 praestan
834 1090 933 1129 um
960 1071 1115 1130 vires
1140 1069 1362 1129 homini
1386 1071 1525 1129 dare
1549 1089 1670 1130 non
1695 1069 1842 1145 vult,
1871 1069 2010 1146 quia
2035 1067 2164 1128 vult
2188 1067 2422 1145 quidem
2449 1087 2570 1127 rem
2596 1069 2792 1146 quoad
2814 1090 2948 1149 pro-

542 1150 887 1230 positionem
916 1149 1104 1227 officii,
1135 1149 1239 1210 sed
1263 1170 1382 1209 non
1409 1150 1541 1210 vult
1564 1159 1759 1210 temen
1785 1149 1980 1226 quoad
2005 1148 2404 1208 executionem
2431 1157 2693 1208 eventus.

624 1229 739 1304 VI.
792 1231 1062 1290 Voluntas
1113 1230 1457 1307 Praect'pt‘em
1492 1225 1766 1308 'duplicia
1817 1228 2046 1305 objecta
2090 1227 2300 1304 habet3
2370 1227 2513 1286 Alia
2563 1229 2906 1302 affimativa
2919 1253 2946 1304 ,-

544 1329 790 1387 quorum
817 1317 1082 1387 respectu
1108 1317 1167 1369 et
1192 1310 1320 1388 ipsa
1345 1309 1690 1384 qffirmativa
1715 1307 1832 1368 dici
1849 1315 2057 1386 potest,
2087 1308 2319 1385 quando
2345 1307 2431 1366 rei
2471 1306 2700 1368 effectio
2745 1310 2946 1386 praeci·

542 1389 734 1468 pitur3
778 1388 921 1448 Alia
943 1397 1205 1468 manua
1224 1414 1250 1464 ,·
1276 1409 1521 1468 quorum
1546 1395 1814 1468 respectu
1839 1395 1900 1448 et
1941 1387 2068 1464 ipsa
2109 1388 2372 1464 myativa
2413 1395 2606 1467 potest
2646 1388 2942 1466 appellari,

542 1488 675 1548 quoe
712 1469 977 1529 consistit
1016 1469 1079 1529 in
1124 1470 1209 1530 rei
1250 1469 1655 1548 prohibitione.
1738 1467 1834 1527 Ita
1856 1469 2112 1528 voluntas
2153 1471 2452 1527 decernam
2493 1467 2670 1528 habet
2715 1468 2947 1546 objecta

544 1548 903 1626 affirmativa,
932 1568 1177 1627 quorum
1217 1556 1481 1628 respectu
1509 1547 1721 1608 dicitur
1746 1547 2000 1624 effectrix
2025 1556 2085 1607 et
2109 1549 2470 1623 qffirmatt'va,
2513 1555 2636 1605 tam
2677 1557 2946 1625 respectu

544 1629 772 1688 termini
819 1649 994 1706 quam
1023 1628 1302 1706 prinm‘pit'
1310 1654 1337 1703 ,-
1391 1627 1532 1687 Alia
1570 1647 1712 1688 vero
1751 1627 2028 1706 negativa,
2071 1646 2320 1705 quornm
2365 1635 2628 1704 respectu
2675 1627 2946 1688 voluntas

546 1727 779 1767 cessans
807 1707 923 1766 dici
948 1716 1141 1786 potest
1166 1718 1227 1768 et
1250 1709 1528 1786 neqativa,
1558 1709 1611 1768 si
1636 1728 1755 1767 non
1782 1706 1975 1787 quoad
1999 1707 2344 1786 principium
2371 1707 2576 1766 saltem
2611 1707 2803 1784 quoad
2829 1716 2944 1766 ter-

545 1789 784 1863 minum,
812 1795 873 1846 et
898 1797 1038 1847 tunc
1063 1797 1305 1848 vocatur
1319 1788 1674 1866 permissive,
1701 1808 1806 1866 per
1831 1805 2004 1865 quam
2049 1789 2252 1846 statuit
2275 1806 2393 1846 non
2417 1786 2696 1864 impedire
2721 1797 2945 1848 creatu-

544 1887 671 1926 ram
706 1877 1057 1945 peccantem.
1142 1867 1307 1928 Licet
1352 1869 1509 1929 enim
1534 1867 1738 1928 volitio
1785 1867 1900 1927 ista
1941 1867 2020 1926 sit
2049 1867 2298 1943 positiva
2343 1866 2536 1945 quoad
2577 1867 2942 1944 princepium,

546 1954 833 2025 quatenus
856 1951 977 2006 vult
996 1967 1112 2006 non
1136 1949 1424 2026 impedire,
1452 1948 1601 2008 bene
1626 1957 1822 2008 tamen
1856 1948 2118 2026 neqatt'va
2163 1947 2375 2007 dicitur
2415 1947 2610 2025 quoad
2651 1949 2946 2007 terminum

545 2027 649 2106 qui
675 2034 765 2086 est
789 2027 1250 2106 non-impeditio.
1656 2045 1664 2050 ·

628 2106 777 2166 VII.
818 2106 1109 2167 Voluntas
1134 2106 1397 2168 effectrix
1426 2127 1545 2168 non
1590 2115 1784 2186 potest
1826 2106 2139 2168 consistere
2186 2125 2318 2168 cum
2359 2106 2726 2186 praecipiente
2769 2126 2946 2186 nega-

544 2185 703 2262 tiva3
744 2206 1040 2264 nunquam
1067 2187 1223 2248 enim
1249 2188 1411 2248 Deus
1437 2187 1591 2248 velle
1616 2195 1810 2266 potest
1833 2206 1938 2266 per
1965 2207 2026 2246 se
2053 2187 2276 2248 efficere
2302 2207 2432 2265 quae
2461 2187 2621 2266 Lege
2669 2207 2776 2249 sua
2819 2197 2946 2248 tan·

545 2285 723 2344 quam
747 2267 903 2326 mala
937 2267 1061 2327 fieri
1086 2267 1293 2328 vetuit.
1378 2267 1497 2328 Sed
1542 2269 1758 2346 optime
1801 2266 2066 2327 consistit
2108 2287 2240 2328 cum
2287 2266 2460 2344 praeci
2500 2267 2655 2328 iente
2702 2267 2946 2326 affirma-

546 2347 703 2422 tiva;
744 2348 901 2406 idem
926 2346 1081 2406 enim
1107 2349 1211 2426 qui
1235 2348 1497 2428 praecipit
1522 2347 1714 2424 fidem,
1745 2347 2002 2407 decernit
2029 2365 2156 2406 eam
2185 2346 2404 2407 Electis
2571 2392 2588 2406 .
2655 2347 2948 2408 Voluntas

546 2425 886 2505 praecipiens
911 2427 1255 2488 affirmativa
1278 2435 1471 2506 potest
1496 2428 1812 2488 consistere
1859 2446 1992 2486 cum
2034 2427 2334 2486 voluntate
2382 2425 2724 2486 decernente
2767 2445 2943 2504 nega-

546 2507 687 2584 tiva,
715 2515 785 2566 ut
811 2507 973 2567 Deus
998 2508 1295 2587 praecipiat
1312 2508 1601 2568 Creaturae
1627 2505 1786 2584 quod
1812 2515 2006 2565 tamen
2032 2525 2150 2565 non
2166 2506 2296 2565 vult
2313 2504 2534 2564 efficere
2561 2506 2622 2564 in
2651 2505 2942 2565 creatura.

548 2585 649 2647 Sic
701 2587 963 2665 praecipit
1013 2588 1281 2648 omnibus
1333 2585 1796 2648 observationem
1852 2585 2046 2663 Legis,
2102 2605 2276 2663 quam
2342 2592 2535 2645 temen
2589 2585 2652 2643 in
2703 2582 2776 2643 iis
2827 2603 2946 2644 non

546 2664 754 2805 {fficit3
796 2668 1058 2747 praecipit
1082 2668 1257 2729 fidem
1282 2668 1345 2727 in
1373 2666 1666 2727 Christum
1691 2665 1932 2742 vocatis,
1973 2684 2148 2744 quam
2189 2674 2382 2726 tamen
2423 2664 2622 2724 multis
2659 2664 2946 2742 denegare

586 2746 823 2807 ecrevit.

942 2889 956 2907 ,
1149 2826 1333 2887 VIII.
1375 2826 1479 2887 Ad
1506 2824 1932 2886 distinctionem
1958 2824 2130 2885 istam
2157 2822 2494 2885 Voluntatis
2521 2823 2751 2900 divinae,
2783 2843 2944 2884 ecce-

549 2892 789 2973 V0¹¹²¹¹t⁸⁸
811 2886 1008 2969 ⁸⁶³e⁸³⁶⁸
1066 2906 1155 2967 dit
1190 2908 1322 2983 ana,
1350 2926 1467 2986 qua
1492 2905 1856 2966 distribuitur
1901 2906 1964 2965 in
2000 2907 2346 2966 Voluntatem
2393 2900 2609 2969 ..swa
2651 2911 2710 2963 et
2753 2906 2944 2985 ⁶322...-

621 2963 675 3007 et
696 2973 949 3021 ⁸⁰“‘⁸⁶‘'“‘
1068 2988 1199 3058 risa,
1226 3006 1357 3065 quae
1383 3006 1421 3045 a
1458 2985 1773 3062 Theologis
1813 3005 1966 3063 saepe
2005 2992 2350 3064 usurpatur:
2391 2984 2680 3044 Voluntas
2727 2980 2944 3051 εὐδοκίας

550 3070 861 3149 respondet
885 3066 1173 3127 voluntati
1201 3065 1433 3140 decreti,
1464 3068 1740 3146 u'eagms'aef
1765 3084 1906 3124 vero
1931 3066 2221 3144 praecepti.
2322 3064 2514 3124 Petita
2547 3082 2688 3123 vero
2715 3064 2947 3123 videtur

549 3172 627 3211 ex
658 3149 968 3225 Scriptura,
998 3166 1127 3225 quae
1156 3146 1313 3205 illam
1341 3143 1555 3206 εὐδοκίαν
1580 3165 1732 3224 saepe
1759 3153 1950 3222 voest,
1993 3146 2164 3205 istam
2191 3164 2330 3204 vero
2377 3144 2686 3225 them-1221:
2732 3144 2829 3203 Sic
2872 3143 2947 3203 de

546 3230 849 3289 voluntate
889 3226 1105 3285 decreti
1143 3226 1386 3303 loquens
1428 3226 1691 3285 Christus
1732 3225 1943 3285 Matth.
1998 3226 2080 3284 xi.
2125 3227 2222 3301 26,
2271 3234 2536 3303 respectu
2579 3244 2774 3283 eorum
2819 3223 2946 3301 qui-

548 3310 660 3369 bus
686 3307 783 3367 vel
822 3305 1125 3365 abscondit
1151 3306 1249 3365 vel
1287 3305 1509 3365 revelet
1534 3325 1641 3365 sua
1677 3304 1972 3381 mysteria,
1999 3306 2098 3364 Ita
2137 3314 2219 3365 est
2253 3306 2448 3380 Pater,
2493 3304 2565 3363 ἴτε
2593 3302 2744 3369 οὕτως
2771 3304 2948 3376 iorum

549 3384 742 3449 10³.»st
768 3384 1025 3467 ἔκηα-σίν
1052 3392 1156 3454 σοῦ,
1186 3386 1323 3463 quia
1350 3388 1461 3445 tale
1470 3387 1774 3463 ficit-tuum
1799 3386 2195 3461 beneplacitum
2211 3407 2236 3458 ;
2278 3384 2356 3443 Et
2386 3384 2602 3444 Paulus
2647 3385 2862 3460 EpheS.
2903 3384 2944 3443 i.

550 3473 606 3545 5,
636 3469 779 3529 dicit
806 3468 997 3526 Deum
1023 3486 1129 3526 nos
1168 3464 1607 3543 praedestinasse
1632 3467 1774 3523 κατὰ
1799 3468 1880 3527 τὸν
1906 3463 2118 3524 :woman
2143 3472 2230 3524 τοῦ
2255 3466 2543 3541 θελήματος
2571 3469 2742 3537 αὑτοῦ,
2768 3467 2948 3538 juxta

548 3548 945 3626 beneplacitum
996 3547 1293 3607 voluntatis
1354 3566 1489 3605 suoe.
1599 3546 1694 3605 Ita
1746 3564 1805 3604 v.
1861 3548 1917 3622 9,
1958 3545 2174 3603 mentio
2213 3544 2282 3603 fit
2321 3544 2432 3603 hoc
2485 3562 2658 3603 sensu
2711 3540 2946 3609 ιῦδοκάις.

550 3629 756 3706 Quoad
794 3630 1070 3709 tuingen-rehu
1092 3647 1251 3703 vex-0,
1278 3626 1382 3687 illa
1406 3645 1525 3685 non
1549 3646 1680 3685 raro
1706 3623 1950 3684 refertur
1985 3624 2060 3684 ad
2085 3624 2444 3684 voluntatem
2522 3625 2770 3701 raecepti,
2816 3643 2948 3701 quae

547 3720 609 3771 et
653 3710 1077 3787 approbationis
1115 3714 1176 3767 et
1214 3706 1627 3784 complacentioe
1666 3704 1894 3779 dicitur,
1935 3712 2002 3763 ut
2031 3704 2199 3763 Rom.
2247 3703 2351 3761 xii.
2393 3708 2450 3781 2,
2555 3703 2784 3763 oluntas
2833 3703 2948 3762 Dei

546 3790 643 3850 cui
668 3810 777 3849 nos
816 3788 1095 3849 debemus
1134 3786 1505 3859 conformare,
1548 3792 1791 3843 vocatur
1828 3783 1983 3843 bona
2021 3791 2081 3843 et
2119 3784 2400 3864 ‹Mem-m
2445 3782 2524 3843 Et
2565 3782 2715 3860 Eph.
2757 3800 2816 3841 v·
2850 3784 2945 3841 10.

544 3868 889 3947 δοκιμάζοντες
914 3868 971 3926 τί
998 3868 1101 3927 ἔστι
1128 3868 1372 3943 addenem
1396 3869 1469 3941 τῇ
1498 3866 1628 3941 Θιᾷ,
1659 3865 2018 3940 explorantes
2053 3865 2192 3941 quid
2234 3865 2309 3923 sit
2342 3871 2574 3941 gratum
2600 3864 2729 3921 Deo
2749 3886 2774 3935 ,·
2819 3861 2944 3922 col.

544 3951 628 4009 iii.
671 3953 768 4009 20.
810 3956 953 4008 τοῦτο
987 3950 1092 4028 Ὑὸς
1132 3946 1259 4007 ἔστιν
1297 3946 1546 4026 εὐάζω-τοι
1584 3946 1661 4020 τξῖ
1697 3944 1876 4024 Κυςίᾳ,
1919 3944 2023 4002 hoc
2061 3946 2208 4002 enim
2247 3952 2329 4002 est
2364 3952 2651 4019 acceptum
2676 3942 2944 4001 Domino.

546 4030 680 4088 Hoc
728 4047 901 4087 sensu
954 4028 1208 4108 ιῦκςιπίι
1268 4025 1459 4084 innuit
1499 4025 1858 4083 voluntatem
1914 4022 2348 4101 Praecipientem
2403 4032 2464 4081 et
2515 4022 2944 4100 approbantem,

542 4128 662 4187 qua
688 4108 852 4167 Deus
876 4106 1019 4185 quid
1045 4105 1157 4165 sibi
1198 4112 1426 4183 gratum
1452 4103 1531 4163 sit
1554 4110 1615 4162 et
1640 4102 1716 4163 ab
1755 4102 2086 4162 hominibus
2124 4102 2250 4163 fieri
2276 4100 2438 4179 velit,
2482 4102 2773 4176 declarat3
2817 4099 2944 4159 εὗδο-

414 4214 421 4221 ·
540 4190 634 4247 xlae
671 4206 811 4247 vero
835 4187 1197 4247 voluntatem
1224 4184 1643 4260 decernentem,
1673 4202 1790 4261 qua
1817 4183 1980 4242 Deus
2019 4182 2446 4263 beneplacitum
2489 4200 2658 4242 suum
2700 4188 2948 4241 testatur

540 4270 693 4329 circa
716 4286 812 4327 res
836 4286 984 4344 quas
1010 4266 1133 4359 ipse
1160 4262 1372 4358 exequi
1400 4262 1619 4357 statuit.
1943 4340 1960 4357 ο
2497 4339 2536 4398 d
2671 4339 2714 4399 b
2780 4336 2837 4397 ὦ

540 4340 2495 4505 υθῗῗὲοἷῖἓεὲἷὲἓέῒὶηωηῗὲΠὶὶἳςῖῗ.,ῗξαέη“ξὶῗέῗιῖςῖἶοῖἒέἒ
2521 4347 2780 4479 ἔὲοἲενεὲ
2819 4344 2948 4477 ἴξῖ

538 4528 741 4569 revera
766 4506 877 4585 ipsi
899 4514 1065 4585 grata
1084 4512 1220 4565 sunt
1246 4524 1317 4563 eo
1342 4512 1622 4580 respectu,
1645 4521 1756 4561 nec
1781 4500 1900 4561 dici
1913 4510 2106 4579 potest
2130 4500 2352 4579 aliquid
2370 4500 2524 4561 velle
2551 4499 2762 4577 exequi
2789 4497 2948 4575 quod

538 4588 651 4668 ipsi
674 4608 791 4647 non
816 4586 1043 4664 placeat
1069 4584 1316 4662 exequi:
1358 4581 1461 4643 sed
1489 4603 1559 4643 eo
1585 4581 1760 4641 modo
1787 4590 2011 4641 tantum
2037 4580 2214 4659 recipi
2243 4588 2450 4659 potest,
2481 4599 2597 4656 quo
2623 4578 2948 4673 refunditur

535 4670 597 4729 in
624 4668 983 4727 voluntatem
1008 4664 1225 4726 decreti
1272 4670 1331 4723 et
1373 4662 1663 4741 praecepti,
1710 4668 1780 4721 ut
1823 4680 1928 4738 per
1968 4661 2327 4719 voluntatem
2355 4657 2570 4723 εὐδικίας
2611 4658 2949 4735 designetur
