3300 5225
346 381 566 434 qums-r.
596 360 798 444 xxm]
1202 381 1280 421 nr:
1309 380 1428 422 nno
1453 381 1592 441 mxc,
1625 382 1701 422 m·
1726 381 1927 424 ramo,
2641 365 2759 424 265

353 521 582 598 dicitur,
615 521 716 581 sed
745 529 804 581 et
826 519 1072 600 qiynere,
1103 530 1370 600 respectu
1395 521 1673 599 virorum,
1704 531 1771 583 ut
1812 519 2082 582 Buxtorf.
2126 517 2380 599 explicat
2420 519 2481 579 in
2524 521 2761 582 LexieO.

355 602 410 660 N
413 621 478 660 ec
508 603 558 660 si
606 601 820 661 alicubi
848 601 923 660 ad
949 600 1348 661 formationem
1377 603 1620 662 verbum
1653 604 1765 662 hoc
1801 610 1997 681 potest
2038 601 2255 678 referri,
2304 609 2372 660 ut
2417 602 2514 660 Ps.
2560 622 2653 661 xe.
2703 606 2761 678 2,

356 682 530 740 Deut.
559 681 748 740 xxxii.
784 683 875 756 18,
908 682 1168 758 sequitur
1192 682 1395 741 eodem
1423 702 1600 741 sensu
1627 682 1778 742 sumi
1804 701 2032 759 semper
2079 681 2327 757 debere;
2372 701 2503 740 cum
2550 701 2644 740 res
2686 681 2763 741 de

353 781 470 838 qua
495 761 689 836 agitur
714 761 825 819 hoc
863 781 982 819 non
1006 769 1200 838 potest
1225 763 1364 839 pati,
1393 771 1461 821 ut
1485 762 1599 837 hic,
1629 762 1733 821 ubi
1758 763 1976 820 mentio
2002 760 2071 819 fit
2100 761 2411 837 Sapientiae
2438 780 2568 854 quse
2596 761 2761 838 geni-

351 849 414 899 ta
441 849 530 899 est
557 849 689 900 ante
727 841 937 900 secula.
1023 839 1213 914 Quum
1240 860 1382 899 vero
1427 841 1636 900 LXX.
1680 839 2003 916 reddunt,'‘
1978 865 2135 898 ατη-ι
2166 865 2231 918 pu
2277 842 2489 900 creavit
2529 861 2633 917 me,
2663 841 2761 900 vel

353 919 626 980 mendum
667 928 757 980 est
798 939 903 998 pro
949 917 1132 996 ἔκτισε,
1163 921 1322 978 vel’
1305 923 1555 996 ezr-icem,
1605 921 1706 980 vel
1747 921 1859 979 hoc
1904 921 1989 997 fit,
2039 921 2177 999 quia
2216 920 2372 997 apud
2422 920 2659 980 Graecos
2706 927 2761 979 τὸ

352 999 533 1093 zfcgm
560 1019 770 1075 creare,
801 1007 860 1060 et
887 1001 1128 1092 gignere
1155 998 1306 1058 inter
1331 1019 1396 1059 se
1422 1000 1769 1078 quandoque
1810 1000 2254 1077 reciprocantur,
2304 1000 2402 1058 Ps.
2450 1021 2545 1059 xc.
2594 1005 2651 1076 2,
2702 1009 2763 1060 et

354 1080 466 1139 civ.
497 1083 593 1156 31,
639 1079 814 1138 Deut.
843 1079 1032 1138 xxxii.
1068 1080 1159 1154 18,
1189 1080 1287 1138 vel
1313 1079 1452 1157 quia
1483 1079 1734 1156 Spiritus
1776 1079 1975 1138 Sancti
2012 1087 2261 1138 mentem
2304 1079 2419 1156 ipsi
2464 1100 2582 1138 non
2626 1089 2762 1138 sunt

354 1159 495 1218 satis
540 1159 806 1218 assecuti.
891 1159 1040 1218 Nam
1067 1163 1122 1216 τὶ
1149 1181 1236 1234 rap
1262 1159 1421 1237 quod
1445 1159 1542 1217 hic
1585 1160 1848 1234 habetur,
1878 1160 2121 1218 verbum
2150 1167 2241 1217 est
2286 1160 2555 1236 generale
2603 1159 2763 1236 quod

353 1239 790 1316 acquisitionem
825 1238 924 1296 vel
962 1238 1386 1316 possessionem
1425 1247 1606 1314 notat,
1650 1258 1781 1316 quae
1808 1238 1869 1297 in
1912 1239 2101 1316 speeie
2139 1247 2332 1316 potest
2371 1239 2635 1313 obtineri,
2663 1239 2763 1297 vel

352 1337 458 1395 per
483 1319 847 1392 creationem,
879 1325 944 1376 ut
973 1317 1185 1376 Genes.
1215 1317 1338 1377 xiv.
1387 1319 1477 1393 19,
1528 1318 1626 1376 vel
1670 1338 1775 1396 per
1817 1318 2262 1394 generationem,
2316 1318 2530 1378 Genea.
2574 1319 2655 1376 iv.
2706 1321 2759 1394 1,

354 1417 528 1475 quam
553 1406 902 1475 postremam
931 1396 1410 1474 significationem
1438 1397 1534 1456 hie
1570 1397 1931 1456 retinendam
1978 1417 2105 1456 esse
2153 1405 2331 1476 patet,
2382 1401 2433 1455 1.
2478 1417 2553 1456 ex
2599 1397 2759 1456 locu-

351 1477 608 1536 tionibus
633 1477 828 1551 variis,
859 1495 989 1553 quae
1016 1477 1114 1534 hic
1139 1477 1522 1553 cumulantur,
1571 1477 1632 1536 in
1658 1477 1815 1535 initio
1838 1477 1962 1553 viae,
2013 1486 2145 1536 ante
2191 1497 2385 1553 opera,
2432 1486 2563 1535 ante
2606 1497 2761 1536 secu-

355 1558 430 1631 la,
461 1565 593 1614 ante
611 1557 938 1632 primordia
967 1565 1151 1631 εει-ναι,
1183 1553 1311 1632 &c.,
1383 1577 1473 1614 use
1500 1556 1945 1648 descriptionem
1990 1557 2270 1615 absolutae
2314 1556 2503 1615 aetatis
2549 1557 2761 1634 impor-

353 1643 494 1711 tant,
526 1639 582 1694 2.
613 1655 689 1695 ex
715 1635 896 1694 verbo
933 1636 1050 1694 §bun
1089 1635 1248 1712 quod
1267 1636 1344 1694 ad
1387 1636 1502 1694 tur
1540 1635 1616 1694 ad
1663 1635 2085 1714 possessionem
2120 1635 2293 1694 istam
2336 1635 2759 1713 explicandam,

355 1715 513 1792 quod
541 1715 970 1793 generationem
998 1712 1156 1791 dicit,
1187 1714 1342 1774 unde
1371 1715 1580 1774 LXX.
1609 1723 1846 1775 vertunt
1872 1741 1976 1786 ym
1936 1741 2013 1794 πᾳ
2044 1739 2127 1792 με.

958 1794 1150 1853 XIII.
1180 1795 1396 1870 Tertio,
1426 1795 1705 1872 probatur
1730 1815 1807 1854 ex
1836 1780 2017 1854 Mich'.
2047 1816 2104 1855 v.
2128 1799 2184 1870 2,
2206 1793 2311 1854 ubi
2338 1813 2588 1872 eqo-essm
2606 1797 2761 1854 Mes-

371 1849 416 1898 ³·
435 1850 514 1896 ΕΣ
535 1849 684 1896 ”³⁶¹¹
705 1863 751 1892 v
771 1847 816 1893 ²
875 1874 976 1931 38⁹oe
1001 1874 1265 1932 dicuntur
1291 1895 1405 1932 esse
1430 1895 1472 1932 a
1487 1875 1792 1951 principio,
1824 1895 1863 1933 a
1890 1877 2079 1934 diebus
2105 1875 2447 1950 aternitatis,
2499 1876 2761 1953 opposite

355 1955 479 2014 scil.
510 1954 585 2013 ad
612 1973 910 2045 egressum
937 1953 1066 2030 ejus
1094 1954 1466 2030 temporalem
1509 1973 1586 2012 ex
1623 1954 1860 2015 civitate
1906 1955 2207 2014 Betlebem
2250 1973 2356 2046 per
2396 1955 2762 2014 nativitatem

354 2053 430 2092 ex
458 2034 722 2110 Virgine,
751 2040 818 2090 ut
843 2032 930 2090 sic
956 2032 1546 2124 contradistinguatur
1571 2033 1766 2092 exitus
1792 2033 1994 2110 exitui,
2040 2034 2335 2111 generatio
2381 2035 2760 2110 generationi,

353 2113 687 2190 temporalis
716 2119 962 2170 oeternae.
1049 2111 1110 2170 Is
1137 2111 1292 2169 enim
1319 2130 1436 2169 non
1462 2119 1655 2189 potest
1680 2131 1798 2170 non
1825 2130 1953 2173 esse
1981 2113 2213 2190 genitus
2250 2132 2327 2170 ex
2354 2114 2605 2172 essentia
2651 2114 2761 2172 Pa-

353 2193 476 2268 tris,
507 2212 598 2270 euJ
603 2211 674 2251 us
701 2210 971 2269 egressus
997 2190 1267 2252 dicuntur
1294 2210 1421 2254 esse
1448 2209 1483 2247 a
1510 2190 1809 2267 principio,
1841 2210 1877 2248 a
1917 2191 2123 2250 diebus
2164 2191 2362 2251 seculi.
2446 2192 2581 2250 Hoc
2621 2213 2763 2252 vero

359 2271 671 2331 Oraculum
720 2274 796 2332 ad
823 2269 1101 2328 Messiam
1137 2277 1441 2347 pertinere,
1477 2271 1791 2346 Jonatlzan,
1831 2269 2035 2329 Chald.
2072 2271 2277 2347 Parap.
2264 2314 2297 2345 .,
2344 2272 2625 2347 agnoscit,
2656 2273 2761 2348 qui

351 2350 484 2410 loeo
537 2351 626 2409 τοῦ
675 2353 798 2412 sm
853 2349 1152 2408 substituit
1203 2369 1368 2411 mn
1421 2351 1736 2421 Massam
1802 2358 1862 2408 et
1918 2349 2230 2442 praedicata
2283 2350 2412 2426 ipsa
2464 2350 2759 2428 evincunt,

352 2431 492 2506 quia
536 2437 781 2489 vocatur
827 2428 1171 2488 Dominator
1215 2428 1279 2486 in
1323 2428 1507 2488 Israe'l
1560 2429 1678 2487 κατ’
1734 2431 1803 2501 ἐξ·
1781 2433 1912 2506 exin,
1976 2428 2073 2488 cui
2132 2428 2479 2488 adscribitur
2530 2431 2761 2490 vocatio

353 2510 633 2587 gentium,
662 2527 908 2586 regnum
932 2507 1238 2585 pastorale,
1269 2506 1547 2568 fortitudo
1589 2509 1636 2569 J
1637 2509 1859 2584 ehovae,
1890 2509 2077 2602 gloria
2124 2515 2185 2566 et
2228 2527 2348 2585 pax
2394 2509 2763 2570 extendenda

353 2589 428 2649 ad
456 2609 656 2649 omnes
682 2589 828 2649 fines
872 2595 1054 2665 terrae,
1085 2607 1144 2647 v.
1173 2590 1230 2664 4,
1263 2589 1320 2647 5.
1405 2588 1797 2666 Exceptiones
1840 2588 2018 2647 variae
2061 2607 2192 2666 quae
2234 2585 2552 2647 afferuntur
2590 2587 2761 2650 facile

355 2671 678 2730 solvuntur.
763 2668 929 2727 Licet
955 2686 1225 2746 egressus
1256 2667 1432 2727 latius
1475 2676 1673 2745 pateat
1723 2669 2111 2745 generatione,
2157 2676 2353 2726 tamen
2398 2668 2600 2745 negari
2643 2689 2763 2728 non

352 2758 545 2826 potest
591 2749 1022 2827 generationem
1069 2766 1196 2806 esse
1250 2766 1566 2824 egressum,
1611 2755 1680 2807 ut
1728 2768 1928 2807 omnes
1975 2747 2081 2805 filii
2124 2755 2184 2806 et
2227 2748 2443 2824 posteri
2490 2746 2763 2810 dicuntur

354 2830 552 2907 egredi
580 2849 656 2888 ex
682 2827 898 2887 femore
923 2836 1168 2904 patrum,
1200 2834 1260 2886 et
1285 2846 1403 2884 ιιοιι
1435 2827 1613 2887 semel
1639 2826 1915 2887 tribuitur
1943 2827 2113 2903 Filio,
2144 2826 2301 2904 quod
2328 2846 2365 2885 a
2409 2826 2580 2885 Patre
2626 2848 2759 2905 pro·

355 2908 528 2968 dierit
555 2918 613 2969 et
641 2926 909 2985 egressus
939 2906 1030 2982 sit,
1062 2906 1236 2967 Joan.
1271 2906 1396 2965 xiii.
1425 2909 1484 2983 3,
1513 2915 1574 2966 et
1599 2907 1724 2966 xvi.
1754 2911 1850 2983 27,
1882 2909 1979 2983 28,
2029 2927 2138 2966 ιιοιι
2164 2906 2355 2983 potuit
2396 2905 2681 2983 prodiisse
2725 2932 2761 2971 a

355 2987 528 3048 Patre
555 2990 668 3047 nisi
693 3007 797 3064 per
837 2986 1269 3063 generationem
1297 2985 1753 3063 substantialem,
1785 2988 1955 3065 cujus
1982 3005 2251 3063 egressus
2294 2986 2591 3063 praecessit
2636 3006 2759 3049 om·

351 3086 485 3127 nem
513 3068 878 3161 creationem,
909 3074 970 3124 et
1011 3065 1448 3143 productionem
1491 3086 1523 3125 e
1571 3067 1774 3126 nihilo.
1862 3067 1926 3126 Si
1950 3086 2111 3143 ==rpn
2150 3066 2367 3124 alicubi
2392 3084 2509 3124 non
2538 3065 2759 3142 signifi-

351 3155 448 3206 cat
467 3147 861 3221 aeternitatem,
893 3164 1010 3203 non
1037 3145 1297 3219 sequitur
1322 3145 1588 3224 nuspiam
1617 3166 1745 3204 eam
1780 3154 2108 3221 connotare,
2158 3144 2297 3223 quia
2340 3145 2502 3204 Deus
2550 3144 2763 3211 dicitur

353 3246 480 3285 esse
507 3246 666 3302 :m
695 3224 851 3283 Hab.
882 3224 920 3281 i.
954 3227 1046 3299 12,
1075 3222 1168 3281 ἐπ’
1221 3230 1378 3303 άςχὶῖς
1433 3225 1511 3283 ab
1563 3234 1797 3301 aeterne,
1854 3233 1915 3283 et
1970 3226 2133 3283 Deus
2178 3232 2422 3283 vocatur
2450 3225 2612 3284 Deus
2637 3247 2701 3287 =

353 3305 432 3364 id.
463 3316 727 3382 aeternus,
760 3304 934 3361 Deut.
963 3302 1174 3361 χχχιιι.
1205 3306 1302 3361 27.
1386 3303 1482 3362 Ita
1506 3303 1602 3362 hie
1629 3323 1899 3381 egressus
1927 3304 2139 3363 dicitur
2165 3322 2291 3363 esse
2324 3304 2400 3361 ab
2448 3304 2632 3377 initio,
2680 3304 2701 3361 i

353 3384 428 3442 ab
451 3395 680 3463 aeterno,
701 3401 884 3459 eoque
899 3382 1088 3458 magis
1105 3381 1262 3459 quod
1288 3381 1522 3441 additur
1545 3382 1665 3441 alia
1689 3383 1915 3460 phrasis
1932 3385 2135 3445 eodem
2160 3382 2455 3461 pertinens
2482 3383 2605 3442 adt
2585 3384 2759 3441 απιτέ-

355 3488 445 3539 m,
473 3466 616 3523 :bv
645 3484 758 3521 m
787 3480 823 3520 a
863 3462 1050 3519 diebus
1075 3461 1260 3537 seculi,
1303 3461 1442 3520 lieet
1485 3462 1638 3519 enim
1665 3465 1808 3523 :bns
1836 3470 1896 3521 et
1921 3485 2046 3541 ιη»
2074 3463 2313 3521 seorsim
2352 3471 2584 3539 sumpta
2614 3471 2759 3522 tem·

352 3562 463 3620 pus
480 3538 825 3618 quandoque
842 3547 1112 3619 notent,J
1096 3540 1291 3599 uncta
1309 3548 1505 3599 tamen
1521 3549 1588 3599 ut
1607 3542 1721 3617 bic,
1743 3542 2121 3602 aeternitatem
2150 3542 2200 3600 si
2282 3540 2496 3600 ificant.
2541 3541 2762 3599 Audax

353 3641 494 3681 vero
523 3627 614 3678 est
639 3620 964 3697 corruptela
989 3620 1100 3678 hoc
1127 3620 1338 3679 referre
1367 3619 1442 3678 ad
1469 3620 1872 3697 antiquitatem
1898 3620 2132 3678 familiae
2160 3620 2205 3677 C
2248 3620 2393 3696 risti,
2434 3619 2571 3696 quia
2596 3628 2761 3679 ortus

353 3709 444 3761 est
471 3720 508 3759 a
535 3697 764 3771 Davide
793 3699 1195 3775 Betlehemita‚
1227 3699 1327 3775 qui
1347 3698 1476 3776 jam
1503 3699 1642 3757 olim
1670 3700 1855 3775 vixit3
1887 3698 2037 3771 Quia
2051 3718 2169 3756 non
2188 3698 2382 3774 agitur
2407 3698 2481 3758 de
2509 3698 2758 3776 antiqui-

351 3789 470 3840 tate
501 3762 730 3839 famili'ae
761 3778 1170 3872 Domiti-aterius,
1202 3778 1307 3837 sed
1336 3777 1785 3839 Dominatoris
1767 3800 1787 3836 1
1830 3778 1967 3852 sius,
1996 3786 2064 3835 ut
2088 3796 2207 3835 non
2234 3784 2457 3837 tantum
2484 3777 2659 3837 fuerit
2698 3779 2760 3839 in

351 3858 736 3919 remotissima
761 3858 1020 3937 potentia
1046 3858 1121 3917 ad
1147 3858 1519 3935 nascendum,
1553 3857 1656 3917 sed
1682 3866 1748 3917 ut
1816 3877 1848 3915 e
1874 3856 2027 3916 facto
2054 3856 2329 3916 extiterit.
2402 3857 2523 3916 Nec
2550 3858 2759 3917 melius

353 3940 564 4001 dicitur
590 3936 768 3997 fuisse
796 3938 870 3997 ab
898 3938 1082 4015 initio,
1112 3938 1334 3998 ratione
1360 3936 1897 4016 praedestinationis,
1929 3938 2065 4013 quia
2090 3935 2165 3994 ab
2194 3943 2407 3995 aeterno
2435 3935 2545 3997 fuit
2562 3937 2757 3997 decre-

350 4028 476 4078 tum
503 4038 576 4096 ap
577 4016 658 4075 ud
687 4018 878 4079 Deum
907 4018 1130 4077 Ducem
1159 4018 1324 4078 illum
1351 4017 1663 4094 aliquando
1691 4037 1767 4075 ex
1810 4017 1989 4093 stirpe
2033 4015 2321 4075 Davidica
2361 4016 2755 4094 proditurum;

391 4098 488 4157 uia
517 4098 808 4174 Propheta
833 4117 951 4155 non
975 4097 1236 4174 loquitur
1261 4098 1334 4156 de
1375 4097 1605 4156 decreto
1647 4098 1882 4155 Messiae
1924 4095 2235 4174 aliquando
2276 4096 2608 4173 exhibendi,
2652 4064 2758 4156 sed

350 4118 430 4237 de
480 4176 692 4236 actuali
736 4179 862 4255 ejus
909 4196 1186 4255 egressu3
1247 4177 1392 4235 alias
1434 4176 1691 4237 omnium
1732 4196 1925 4236 rerum
1970 4196 2241 4253 egressus
2283 4176 2515 4235 dicendi
2561 4186 2757 4237 essent

349 4256 566 4332 aeterni,
590 4256 728 4335 quia
753 4256 988 4316 decreti.

959 4334 1140 4395 XIV.
1185 4334 1420 4411 Quarto,
1453 4336 1877 4395 demonstrauit
1915 4354 1993 4395 ex
2018 4335 2323 4394 Filtatt‘one
2354 4334 2579 4429 Christi,
2622 4354 2755 4412 quse

389 4390 436 4435 4·
465 4388 802 4493 &alx-ione
875 4423 942 4475 ιιι
968 4415 1222 4475 maxime
1248 4416 1480 4492 propria
1506 4423 1566 4475 et
1590 4416 1763 4493 plane
1792 4415 2105 4492 singularis
2138 4422 2241 4487 est,
2294 4414 2617 4473 necessario
2664 4416 2751 4472 in-

876 4495 1226 4554 ferre-debet
1251 4494 1828 4554 communicationem
1850 4496 2115 4555 essentiae
2144 4515 2179 4553 a
2208 4494 2381 4553 Patre
2422 4494 2595 4552 modo
2622 4513 2749 4569 per

349 4572 680 4649 fectissimO,
712 4574 849 4635 nim.
890 4594 993 4651 per
1033 4576 1492 4653 generationem3
1537 4574 1682 4633 Ideo
1722 4594 1839 4633 non
1880 4574 2054 4633 modo
2095 4582 2337 4634 vocatur
2378 4578 2401 4632 ὅ
2444 4574 2539 4638 υἱὸς
2568 4574 2751 4631 Filius

347 4653 465 4710 κατ’
493 4655 673 4731 ἐξοχὴ,
705 4654 888 4713 Hebr.
920 4654 958 4713 i.
990 4658 1046 4731 5,
1077 4662 1138 4714 et
1165 4654 1375 4715 Matth.
1406 4653 1527 4713 xvi.
1562 4656 1655 4729 16,
1704 4655 1791 4711 T'u
1830 4674 1889 4713 cs
1919 4654 2175 4715 Ohratm
2199 4654 2385 4713 Filius
2409 4654 2503 4711 ille
2528 4651 2647 4710 Dei
2668 4652 2747 4711 vi·
