3300 5225
372 406 603 455 Quaesr.
633 385 814 469 xva]
1229 406 1306 445 ns
1335 404 1930 453 ruinosas-mmmm.
2669 368 2791 451 355

367 548 564 607 Deum
591 547 812 625 aliquid
837 547 988 607 serio
1015 554 1074 607 et
1100 546 1368 609 ardenter
1395 546 1568 623 velle,
1611 546 1771 625 quod
1808 546 1922 607 scit
1947 566 2055 607 nec
2081 547 2337 607 futurum
2362 568 2635 627 unquam,
2679 570 2787 612 nec

357 626 495 687 fieri
523 646 712 705 posse,
739 636 802 687 et
827 626 904 686 sd
929 626 1087 705 quod
1113 626 1304 687 medie
1327 627 1659 687 necessaria
1696 627 1921 687 homini
1946 626 2148 705 largiri
2174 647 2293 689 non
2318 628 2465 704 vult,
2494 629 2599 707 qui
2624 630 2787 696 solus

359 710 600 785 potest?
683 706 786 767 An
812 712 902 767 est
929 707 1259 783 Methodus,
1290 707 1498 767 docere
1527 707 1911 767 Mediatorem
1928 707 2047 767 illis
2074 707 2369 775 destinari,
2398 707 2611 785 quibus
2636 728 2783 769 nun-

361 806 538 865 quam
565 787 834 862 innotuit,
857 796 918 847 et
931 787 1194 847 homines
1219 786 1418 847 vocari
1445 787 1795 848 sufficienter
1820 787 1897 847 ad
1922 788 2185 864 salutem,
2216 788 2269 847 si
2294 808 2412 846 non
2432 789 2779 867 immediate,

367 867 578 926 saltem
626 867 892 944 mediate,
923 887 1001 927 ex
1045 868 1526 945 contemplatione
1569 868 1705 927 coeli
1746 876 1805 927 et
1848 874 2049 944 terrae;
2092 867 2551 945 impetrationem
2580 869 2784 929 salutis

361 946 540 1006 latius
565 954 764 1025 petere
789 948 916 1024 ejus
943 946 1342 1025 applicatione,
1374 955 1433 1006 et
1451 948 1743 1008 Christum
1764 947 1991 1025 proprie
2018 947 2188 1007 nobis
2214 967 2332 1006 non
2358 947 2626 1007 meritum
2654 968 2781 1008 esse

356 1025 552 1101 fidem,
583 1024 695 1086 ἃς.
781 1027 932 1089 Sane
961 1026 1062 1105 qui
1088 1026 1212 1085 haec
1241 1035 1300 1086 et
1325 1027 1539 1085 similis.
1577 1035 1845 1087 accurate
1872 1026 2239 1104 perpenderit
2264 1026 2433 1086 facile
2460 1026 2777 1105 deprehen·

355 1104 476 1179 det,
506 1124 624 1165 non
651 1114 878 1166 tantum
921 1106 994 1165 de
1021 1105 1311 1181 method0,
1359 1107 1464 1166 sed
1491 1106 1565 1167 de
1591 1114 1949 1166 momentoso
1979 1106 2249 1183 dogmate
2276 1106 2393 1184 agi,
2426 1114 2492 1166 ut
2518 1107 2607 1165 illi
2647 1128 2779 1167 cum

355 1184 570 1262 quibus
593 1185 824 1262 agimus
849 1206 968 1245 non
993 1195 1238 1263 possunt
1265 1186 1512 1247 diffiteri.

441 1264 597 1324 XII.
631 1265 888 1342 Interim,
917 1286 1277 1344 quecunque
1303 1266 1400 1325 hic
1426 1264 1888 1345 deprehendatur
1916 1264 2067 1325 inter
2094 1264 2338 1325 Nostros
2365 1265 2777 1325 sententiarum

357 1343 762 1421 discrepantia,
794 1346 1020 1405 salvum
1046 1345 1353 1422 utrobique
1380 1353 1576 1405 menet
1599 1346 1883 1405 hactenus
1923 1364 2027 1421 per
2069 1345 2181 1403 Dei
2210 1344 2457 1421 gretiam
2482 1344 2621 1406 fidei
2648 1344 2775 1405 fun-

351 1422 708 1499 damentum,
754 1424 894 1483 dum
933 1424 1206 1501 utrinque
1231 1425 1522 1501 asseritur,
1573 1428 1625 1484 1.
1665 1424 2011 1484 Universalis
2039 1423 2297 1485 omnium
2322 1432 2383 1485 et
2410 1423 2773 1501 singulorum

355 1502 654 1561 hominnm
687 1504 1010 1581 Gor-ruptio,
1043 1512 1102 1563 et
1121 1505 1452 1564 universalis
1471 1525 1539 1567 sc
1559 1503 1780 1563 invicta
1796 1524 1873 1563 ex
1898 1523 1969 1563 ea
1996 1503 2347 1581 emergendi,
2378 1505 2775 1581 cujuscunque

351 1580 458 1639 ills
483 1583 716 1659 generis
745 1583 837 1660 sit,
881 1584 1206 1660 impotentia
1247 1585 1370 1643 sine
1398 1584 1614 1643 efficaci
1643 1584 1759 1642 Dei
1784 1583 1989 1661 gratis.
2073 1587 2130 1643 2.
2174 1584 2391 1644 Eleccio
2419 1602 2495 1643 ex
2523 1583 2637 1643 ists
2662 1584 2770 1643 mi·

353 1660 506 1720 seria
531 1660 608 1721 sd
635 1663 880 1722 salutem
897 1664 1290 1739 particularis,
1321 1671 1380 1723 et
1405 1664 1785 1741 plurimorum
1810 1662 2123 1739 praeteritio
2150 1662 2404 1738 immota,
2434 1682 2582 1739 quos
2611 1663 2773 1723 Deus

349 1738 414 1797 in
442 1758 549 1800 sua
573 1742 820 1816 miseria,
850 1743 1144 1803 liberrimo
1170 1742 1422 1821 quidem,
1467 1742 1572 1802 sed
1591 1741 1919 1820 justissimo
1945 1749 2140 1801 temen
2160 1742 2401 1820 judicio,
2444 1741 2547 1819 qui
2572 1760 2772 1802 omnes

349 1818 678 1898 relinquere
703 1830 945 1898 poteret,
997 1822 1322 1899 relinquere
1363 1822 1568 1881 voluit.
1653 1824 1709 1880 3.
1758 1820 1975 1881 Gratia
2018 1822 2235 1896 efficax,
2287 1841 2417 1898 qum
2444 1820 2571 1881 sola
2594 1820 2771 1881 fidem

356 1895 531 1956 istam
558 1901 783 1977 operari
809 1909 1016 1978 potest,
1048 1910 1108 1961 et
1133 1902 1260 1961 sine
1301 1920 1417 1979 qua
1439 1900 1644 1960 heberi
1670 1901 1889 1977 nequit,
1920 1908 1987 1961 ut
2016 1900 2231 1961 donum
2258 1900 2603 1977 particulare
2630 1900 2773 1961 solis

351 1995 395 2037 a
421 1977 549 2037 Deo
578 1978 778 2039 electis
805 1980 1156 2041 destinatum
1183 1981 1258 2039 ab
1285 1988 1514 2055 aeterne,
1561 1978 1681 2039 illis
1729 1980 1903 2039 etiam
1948 1980 2091 2039 solis
2134 1998 2470 2040 concessum
2515 1979 2579 2037 in
2624 1987 2768 2040 tem-

354 2075 511 2133 pore,
538 2058 668 2117 sine
694 2077 812 2136 quo
837 2068 1032 2118 tamen
1057 2079 1228 2119 nemo
1257 2060 1502 2119 salutem
1546 2059 1825 2135 consequi
1870 2066 2079 2135 potest.
2161 2063 2219 2119 4.
2262 2061 2459 2119 Solum
2499 2061 2764 2136 Emnqe-

352 2136 507 2211 lium,
557 2145 627 2196 ut
667 2138 1032 2197 ministerium
1071 2139 1336 2214 Spiritus,
1375 2146 1435 2197 et
1461 2138 1909 2198 instrumentum
1936 2139 2171 2197 unicum
2196 2138 2603 2214 ingenerandae
2629 2138 2769 2199 fidei

351 2213 416 2273 in
445 2215 754 2293 Christum,
779 2218 1003 2277 caeteris
1023 2217 1290 2277 omnibus
1315 2216 1769 2276 revelationibus
1796 2216 1872 2275 ad
1898 2216 2143 2275 salutem
2165 2216 2399 2275 omnino
2418 2216 2765 2277 insufficien-

349 2292 526 2370 tibus,
551 2296 604 2355 si
627 2316 746 2355 non
773 2296 1080 2373 object-ive,
1111 2297 1315 2357 saltem
1341 2296 1684 2375 subjective,
1712 2304 1946 2374 propter
1971 2296 2229 2355 innatam
2255 2295 2506 2355 hominis
2533 2315 2765 2375 corrup-

353 2372 608 2451 tionem;
653 2376 796 2451 Quoe
844 2376 1113 2455 capitalis
1153 2384 1291 2437 sunt
1329 2374 1469 2435 fidei
1493 2376 1785 2453 dogmata,
1836 2394 1965 2452 quse
1992 2374 2273 2435 adversus
2314 2375 2663 2453 Pelagianos
2708 2384 2770 2437 et

357 2454 855 2533 Semipelagianos
881 2463 1212 2515 constanter
1237 2474 1440 2515 omnes
1465 2463 1711 2515 tuemur.

436 2532 629 2593 XIII.
675 2534 760 2595 Ut
785 2544 853 2595 ut
879 2554 1018 2595 vero
1047 2536 1461 2597 conveniamus
1501 2554 1703 2594 omnes
1744 2532 1807 2591 in
1844 2532 2182 2594 exitialibus
2210 2533 2673 2612 Pelagianorum‚
2704 2543 2763 2594 et

349 2613 456 2691 qui
471 2632 670 2674 eorum
699 2624 888 2675 castra
909 2623 1244 2694 sequuntur,
1267 2614 1558 2676 erroribus
1585 2613 1991 2692 oppugnandis
2010 2636 2025 2690 ;
2054 2613 2431 2674 nihilominus
2458 2633 2613 2673 nova
2630 2614 2759 2690 ista,

353 2713 486 2770 quae
512 2714 549 2752 s
574 2694 737 2754 Viris
761 2695 992 2773 magnis
1019 2695 1352 2772 excogitata
1377 2702 1484 2770 est,
1514 2693 1839 2770 methodus,
1868 2693 2137 2771 quamvis
2170 2693 2247 2752 ad
2281 2711 2481 2752 auram
2520 2693 2761 2786 popula-

353 2792 493 2850 rem,
523 2782 582 2834 et
609 2774 822 2852 plscits
847 2775 1148 2836 hominum
1173 2775 1363 2852 magis
1391 2773 1659 2834 videatur
1686 2773 2133 2848 accommodate,
2163 2781 2224 2832 et
2248 2772 2539 2834 venditari
2578 2773 2763 2834 soleat

349 2859 628 2931 tanquam
675 2853 1029 2916 commodior
1083 2853 1159 2912 ad
1205 2853 1496 2932 justitiam
1545 2852 1660 2914 Dei
1710 2852 1990 2914 adversus
2035 2852 2312 2931 reprobos
2359 2850 2651 2928 tuendam,
2702 2859 2763 2912 et

343 2951 586 2992 causam
611 2941 794 2994 totam
835 2934 1000 2994 exitii
1037 2933 1338 2994 hominum
1378 2934 1440 2992 in
1475 2933 1634 3012 ipsos
1675 2931 2147 3008 mnsferendam,
2189 2951 2307 2990 non
2334 2930 2549 2994 desinit
2582 2931 2762 2991 variis

348 3011 638 3090 absurdis,
669 3021 729 3074 ct
753 3013 1192 3074 difficultatibus
1217 3011 1720 3074 inextricabilibus
1744 3012 1941 3090 urgeri
1952 3033 1967 3089 ;
1998 3031 2129 3089 quse
2154 3011 2305 3087 ideo,
2324 3019 2391 3070 ut
2413 3011 2540 3072 Deo
2568 3011 2761 3072 minus

346 3092 722 3168 conveniens,
765 3113 968 3170 parum
995 3092 1109 3152 sibi
1135 3100 1424 3168 constans,
1464 3091 1540 3150 ab
1569 3091 1879 3154 {omn-deu
1920 3091 2211 3153 saniei-mn
2244 3109 2573 3152 sermonum
2600 3110 2757 3150 rece·

351 3169 518 3246 dens,
549 3179 608 3230 et
633 3180 868 3248 propter
891 3172 1260 3248 multiplices,
1289 3191 1438 3249 quas
1465 3177 1598 3248 post
1625 3191 1689 3232 se
1715 3171 1894 3232 trahit
1924 3171 2381 3248 consequentias,
2411 3169 2753 3248 periculosa,

348 3248 428 3308 eb
457 3249 738 3310 Ecclesiis
777 3251 992 3310 nostris
1027 3250 1376 3328 jampridem
1401 3250 1675 3310 damnata
1714 3259 1821 3327 est,
1866 3257 1925 3309 et
1963 3251 2218 3328 rejecta:
2284 3249 2454 3324 Quod
2478 3268 2597 3310 non
2628 3249 2753 3308 sine

345 3327 521 3404 gravi
561 3349 738 3388 causa
776 3328 992 3389 fectum
1032 3349 1178 3404 esse,
1209 3329 1375 3389 salva
1413 3328 1881 3390 dissentientium
1918 3348 2077 3405 pace,
2108 3329 2307 3406 paucis
2342 3330 2467 3406 jam
2508 3328 2754 3406 proben-

348 3405 510 3482 dmn,
541 3416 600 3466 et
626 3407 861 3485 quidem
889 3407 1042 3468 circa
1066 3409 1316 3485 primum
1345 3408 1547 3485 Caput,
1578 3407 1653 3468 de
1681 3426 1797 3485 quo
1823 3427 1979 3468 nunc
2018 3407 2227 3484 egitur,
2256 3407 2617 3467 voluntatem
2646 3408 2754 3468 sci-

349 3484 503 3561 licet,
537 3505 640 3546 seu
665 3487 1024 3567 propositum
1050 3486 1378 3546 universale
1405 3486 1663 3546 omnium
1690 3485 1999 3545 miserendi
2026 3486 2103 3546 ed
2127 3486 2392 3548 salutem.

351 3599 553 3648 Nullam
572 3604 681 3650 dari
701 3605 836 3652 mm,
959 3567 1141 3626 XIV.
1183 3565 1384 3626 Talem
1425 3565 1646 3626 nnllam
1673 3564 1800 3624 deri
1839 3564 2214 3638 voluntatem,
2258 3564 2355 3622 vel
2398 3563 2757 3640 propositum

409 3661 669 3707 ricordim
739 3663 846 3707 uni-
885 3645 948 3704 in
977 3646 1106 3706 Deo
1131 3645 1460 3722 probamus,
1496 3647 1548 3704 1.
1581 3645 1679 3702 Ex
1694 3644 2001 3704 Electionis
2027 3652 2082 3702 et
2104 3642 2537 3718 Reprobationis
2564 3645 2753 3702 decre-

409 3721 649 3768 vendam
667 3721 838 3780 proba*
879 3734 954 3785 to.
1000 3725 1150 3800 Quin
1179 3724 1476 3801 Scriptura
1501 3722 1861 3802 propositum
1888 3721 2199 3780 miserendi
2226 3721 2569 3798 particulare
2597 3720 2750 3796 fecit,

407 3777 507 3823 ω’·
871 3823 991 3864 non
1016 3803 1361 3878 universale,
1388 3822 1572 3880 quum
1609 3809 1859 3862 testatur
1896 3801 2085 3862 Deum
2113 3798 2493 3878 quorumdam
2533 3806 2757 3858 tentum

344 3879 622 3960 misereri,
653 3881 801 3944 alios
841 3903 1050 3959 amare,
1081 3891 1140 3942 et
1163 3883 1314 3942 libro
1341 3883 1482 3944 vitus
1503 3881 1835 3956 inscribere,
1866 3879 2011 3940 alios
2044 3899 2185 3940 vcro
2226 3879 2435 3956 odisse,
2464 3877 2750 3956 indum-re,

347 3959 426 4020 ad
452 3961 597 4021 imm
623 3982 854 4040 ponere,
883 3971 944 4023 et
970 3963 1046 4022 ad
1073 3961 1500 4024 damnationem
1538 3959 1928 4038 praescribere.
1960 3959 2130 4018 Rom.
2156 3959 2241 4017 ix.
2276 3962 2367 4034 ll,
2397 3961 2488 4035 12,
2524 3960 2617 4033 13,
2657 3960 2750 4034 18,

350 4043 465 4117 223
513 4043 545 4099 1
576 4042 781 4102 Thess.
807 4063 868 4102 v.
912 4045 986 4118 93
1034 4045 1064 4100 l
1097 4042 1226 4102 Pet.
1254 4041 1314 4101 ii.
1353 4043 1430 4118 83
1473 4039 1606 4120 quis
1632 4039 1787 4100 enim
1816 4037 2029 4100 dixerit
2067 4038 2257 4098 Deum
2298 4037 2557 4098 misereri
2600 4037 2755 4096 velle

339 4117 428 4178 sd
455 4119 700 4180 salutem
727 4121 976 4198 illorum,
1007 4140 1154 4198 quos
1175 4121 1249 4181 ab
1277 4127 1492 4182 aeterno
1517 4118 1868 4197 reprobavit,
1898 4125 1959 4178 et
1978 4117 2230 4179 maxime
2258 4117 2407 4178 serio
2432 4117 2753 4179 intendisse

341 4197 468 4260 illis
493 4199 670 4260 finem
710 4200 820 4260 sub
848 4200 1196 4278 conditione,
1222 4219 1372 4294 quos
1415 4199 1618 4260 eodem
1644 4197 1964 4258 voluntatis
2004 4205 2139 4258 actu
2179 4217 2216 4256 a
2252 4197 2445 4257 medio
2485 4195 2562 4255 ad
2587 4196 2753 4258 illum

345 4275 2750 4436 fflffipffffiffifflimwxffiffiffiffiffifflfflt·

1507 4403 1522 4435 2

349 4435 429 4496 da
453 4437 572 4496 illis
599 4437 714 4498 fide
733 4441 764 4497 ?

429 4516 578 4577 XV.
621 4518 864 4578 Frustra
888 4517 986 4578 hic
1010 4517 1315 4596 excipitur,
1350 4520 1403 4575 1.
1433 4517 1747 4578 Decretum
1773 4515 2115 4593 particulare
2142 4513 2452 4577 miserendi
2478 4532 2747 4590 quorum-

337 4594 499 4671 dam,
529 4616 648 4656 non
684 4606 944 4657 evertere
969 4595 1314 4673 universale,
1344 4597 1483 4676 quia
1515 4594 1632 4656 κατ’
1686 4593 1825 4654 ἄλλο
1848 4599 1939 4655 καὶ
1981 4593 2120 4656 ἄλλο
2162 4595 2236 4654 de
2266 4594 2393 4652 Deo
2441 4593 2750 4667 dicuntur5

335 4675 690 4752 -particulare
713 4675 1008 4740 decretum
1033 4696 1162 4739 esse
1179 4675 1300 4740 κατ’
1323 4677 1544 4752 ἐκλογὴ,
1567 4675 1672 4738 sed
1706 4675 2035 4738 universale
2054 4694 2171 4736 non
2196 4673 2335 4734 item
2357 4694 2373 4749 ς
2404 4671 2528 4732 Nec
2549 4668 2750 4728 edver-
