3300 5225
383 264 606 319 cusis-r.
636 242 751 329 m]
1307 226 1323 236 ⁴
1386 270 1466 313 ns
1494 268 1838 315 sommum.
2709 255 2786 317 95

384 416 583 467 narrat
608 407 681 467 de
710 406 845 465 Elia
869 406 1241 484 corporaliter
1267 428 1589 489 reversuro,
1618 432 1668 471 c.
1699 410 1888 471 xlviii.
1923 413 2014 489 10,
2044 419 2106 471 et
2144 411 2624 473 hallucinationes
2655 431 2792 475 suas

384 490 449 546 in
478 486 729 563 Prologo
756 494 1013 546 excusat.
1144 544 1153 551 ,

472 566 549 624 V.
592 566 665 623 In
694 563 1111 624 Additionibus
1136 566 1396 627 Estheroe
1420 578 1481 629 et
1504 571 1769 631 Danielis
1794 578 1915 629 tam
1953 570 2136 629 multa
2177 577 2313 629 sunt
2351 571 2794 631 contradictoria

388 654 448 703 et
488 644 755 719 absurda,
787 653 853 703 ut
878 643 1069 701 sazau
1094 645 1351 705 Senensis
1390 668 1489 706 eas
1528 650 1700 728 plane
1739 649 1996 726 rejiceat.
2077 650 2315 709 Bar-uela
2355 649 2495 709 dicit
2535 670 2598 709 se
2639 670 2791 709 anno

386 724 593 801 quinto
631 731 763 800 post
789 722 1083 781 excidium
1110 724 1704 803 Hierosolymitanum
1730 729 1940 788 librum
1969 746 2140 787 suum
2164 728 2377 807 legisse
2404 729 2449 790 J
2451 729 2706 789 echonise
2732 738 2792 790 et

386 802 497 861 toti
522 802 736 880 populo
766 801 1103 879 Babylone,
1147 822 1278 862 cum
1320 813 1511 865 tamen
1539 807 1584 866 J
1586 808 1857 867 echonias
1897 816 2052 867 esset
2090 808 2150 865 in
2183 826 2428 883 carcere,
2473 816 2532 868 et
2561 810 2793 869 Baruch

388 902 521 940 cum
560 882 605 941 J
607 881 850 941 echonia
888 879 1174 941 abductus
1212 882 1417 943 fuisset
1457 886 1519 943 in
1545 886 1878 965 AEgyptum
1917 895 2050 963 post
2090 886 2308 946 caedem
2349 886 2632 964 Godoliae,
2661 888 2706 947 J
2709 908 2790 947 er.

388 961 533 1019 xliii.
569 963 663 1021 10.
744 961 929 1018 Aram
958 960 1195 1019 Domini
1222 974 1645 1041 commemorat,
1678 986 1729 1024 c.
1758 966 1798 1022 i.
1831 967 1922 1041 10,
1954 985 2085 1024 cum
2118 966 2358 1044 Templo
2399 966 2590 1026 diruto
2631 968 2794 1027 nulla

388 1047 561 1100 esset.
642 1039 811 1099 Lubri
822 1038 1278 1100 Maccahaeorum
1304 1062 1422 1101 non
1449 1044 1627 1103 semel
1654 1044 1806 1103 inter
1832 1064 1895 1103 se
1921 1043 2304 1105 dissentiuntz
2345 1045 2543 1105 confer
2561 1050 2591 1104 1
2626 1046 2788 1105 Mac-

384 1120 513 1179 cab.
542 1140 594 1179 c.
632 1120 671 1179 i.
705 1121 797 1194 16,
828 1137 960 1177 cum
992 1140 1043 1178 c.
1085 1119 1167 1179 ix.
1196 1122 1253 1195 5,
1284 1123 1381 1195 28,
1424 1131 1485 1182 et
1523 1122 1584 1180 li,
1617 1126 1671 1197 1,
1702 1142 1753 1181 c.
1787 1125 1878 1182 10.
1948 1126 2248 1204 Αὖτοῃιςία
2275 1124 2470 1183 Raziae
2502 1123 2790 1201 laudatur,

387 1202 424 1256 2
454 1199 717 1257 Maccab.
747 1198 869 1256 xiv.
898 1200 996 1257 42.
1080 1203 1457 1281 Eua-egnum&
1495 1201 1945 1277 commendatur,
1988 1202 2090 1261 lib.
2119 1207 2176 1261 2.
2205 1223 2256 1261 c.
2285 1202 2388 1261 xii.
2417 1206 2512 1277 42,
2543 1204 2604 1261 in
2630 1202 2795 1262 Juda

388 1278 731 1336 sacrificium
777 1295 882 1354 pro
928 1279 1171 1338 mortuis
1215 1288 1426 1358 praeter
1473 1280 1694 1357 Legem
1741 1280 2051 1340 offerente:
2109 1282 2343 1340 Author
2385 1281 2686 1341 infantiam
2731 1290 2793 1342 et

385 1356 776 1416 infirmitatem
804 1374 967 1414 suam
994 1368 1252 1434 excusat,
1282 1367 1341 1417 et
1367 1358 1441 1419 de
1467 1358 1685 1419 laboris
1723 1360 1787 1417 in
1813 1359 2264 1419 consarcinando
2293 1361 2548 1420 Centone
2577 1380 2684 1419 suo
2711 1379 2787 1419 ex

383 1434 827 1574 {fflssssssiffiss
837 1434 2013 1595 ssfflfflsssffizffssssffizfifflfflffi
2025 1438 2791 1593 &immid-{23

380 1596 799 1672 Spanhcmium,
826 1600 889 1653 et
914 1593 1059 1654 alios
1085 1596 1185 1673 qui
1212 1595 1337 1657 fuse
1365 1605 1423 1656 et
1450 1597 1633 1657 solide
1660 1597 1773 1656 hoc
1800 1606 2201 1675 argumentum
2231 1605 2366 1657 sunt
2391 1599 2639 1657 executi.
2767 1564 2784 1595 ’

986 1673 1099 1733 VI.
1144 1674 1318 1735 Alius
1344 1685 1433 1736 est
1463 1677 1666 1738 Canon
1674 1678 1836 1757 fidei,
1869 1676 2042 1738 Alius
2074 1677 2274 1738 Canon
2315 1678 2560 1737 lectionis
2586 1679 2785 1737 Eccle-

460 1739 797 1845 Γθῗίξῗῃὶᾒὴῑ·
907 1754 1181 1813 siasticoe:
1217 1755 1272 1813 Ν
1274 1774 1349 1813 on
1376 1756 1571 1833 agitur
1594 1757 1692 1815 hic
1717 1756 1792 1816 de
1814 1756 2046 1817 Canone
2063 1756 2366 1836 posteriori
2393 1776 2605 1831 sensu3
2636 1756 2692 1817 N
2693 1778 2790 1815 am

908 1840 1129 1891 certum
1156 1840 1247 1893 est
1272 1834 1453 1895 libros
1495 1836 1640 1895 istos
1684 1835 2072 1914 Apocryphos
2117 1836 2348 1914 publice
2385 1836 2560 1895 etiam
2602 1836 2786 1895 lectos

380 1911 693 1990 aliquando
718 1912 897 1973 fuisse
938 1912 1001 1970 in
1028 1912 1327 1989 Ecclesia3
1370 1912 1475 1973 sed
1501 1918 1586 1974 ad
1606 1916 2028 1994 (edificationem
2056 1917 2238 1992 plebis
2271 1922 2512 1989 tantum,
2541 1936 2654 1974 non
2679 1936 2783 1974 au·

378 1992 697 2051 thor-itatem
722 1996 1045 2070 dogmat-am
1070 1994 1531 2071 confirnmndam,
1562 2001 1629 2053 ut
1647 1994 1825 2054 habet
1843 1995 2044 2053 Hiero.
2063 1997 2304 2070 praesat.
2333 1994 2392 2053 in
2411 1994 2506 2053 lib.
2533 1996 2782 2053 Salomo.

379 2071 473 2129 Sic
499 2072 780 2148 Leqendoe
805 2088 935 2149 quae
962 2090 999 2128 a
1024 2070 1273 2147 legendo
1299 2071 1585 2147 dicuntur,
1616 2080 1676 2131 et
1703 2091 1832 2150 quae
1857 2073 2156 2150 passiones
2173 2073 2499 2148 Martyrum
2527 2073 2782 2132 contine-

378 2149 537 2226 bant,
566 2150 797 2227 publice
824 2152 886 2210 in
913 2148 1192 2210 Ecclesiae
1218 2149 1579 2227 legebantur,
1619 2150 1758 2210 licet
1794 2170 1902 2229 pro
1942 2150 2248 2210 canonicis
2273 2169 2390 2209 non
2417 2150 2781 2211 haberentur.

384 2228 500 2288 Sed
530 2248 565 2287 a
609 2230 721 2289 'tur
746 2230 842 2289 hic
869 2230 943 2290 de
971 2229 1206 2288 Canone
1230 2228 1386 2287 fidei.

457 2308 554 2367 VI
592 2354 607 2369 .
649 2308 789 2368 Vox
816 2308 1070 2371 Oanonis
1096 2306 1250 2384 apud
1297 2307 1500 2367 Patres
1534 2308 1801 2367 bifariam
1850 2308 2110 2384 sumitur,
2156 2308 2255 2369 vel
2302 2311 2415 2368 late
2439 2308 2538 2367 vel
2575 2310 2778 2369 stricte.

382 2386 577 2447 Primo
622 2408 797 2448 sensu
840 2388 1239 2467 complectitur
1282 2387 1573 2448 Canonem
1618 2407 1736 2449 non
1777 2396 2004 2449 tantum
2050 2388 2206 2465 fidei,
2261 2388 2368 2449 sed
2419 2396 2478 2448 et
2515 2387 2782 2448 lectionis

380 2466 821 2528 Ecclesiasticus.
905 2468 985 2527 Et
1009 2468 1119 2525 hac
1145 2466 1367 2526 ratione
1394 2467 1836 2547 intelligendum
1863 2476 1954 2528 est
1982 2468 2302 2527 Concilium
2331 2467 2782 2545 carthaginense

380 2545 502 2605 111.
548 2547 689 2607 Can.
717 2550 817 2624 47,
866 2566 1045 2626 quum
1092 2546 1200 2605 hos
1246 2546 1455 2606 Libros
1499 2547 1821 2608 canonicos
1863 2556 2037 2607 vocat
2081 2544 2159 2627 (si
2205 2556 2398 2607 tamen
2443 2547 2642 2607 Canon
2681 2546 2782 2607 ille

378 2643 493 2684 non
521 2636 611 2688 est
636 2629 982 2722 reguli-anm,
1030 2627 1169 2704 quia
1209 2625 1495 2686 Bonifacii
1544 2628 1720 2706 Papae
1763 2627 2040 2704 meminit,
2091 2627 2192 2706 qui
2239 2647 2310 2688 eo
2336 2635 2592 2704 tempore
2621 2627 2783 2705 Papa

377 2705 632 2766 nondum
660 2707 808 2768 fiut:
848 2707 1003 2768 unde
1029 2707 1232 2765 Sarius
1273 2706 1598 2765 Monachus
1641 2707 1934 2766 Canonem
1980 2707 2135 2767 hunc
2181 2725 2299 2765 non
2340 2707 2782 2784 Carthaginensi

380 2785 500 2844 III.
530 2785 635 2846 sed
662 2786 812 2847 VII.
840 2786 1100 2845 vindicat
1146 2786 1251 2845 Το.
1287 2789 1340 2861 1,
1371 2785 1589 2844 Concil.
1617 2807 1677 2863 p.
1705 2786 1875 2866 5460
1923 2806 2042 2846 non
2090 2785 2287 2846 stricte
2331 2793 2392 2845 et
2436 2785 2666 2862 proprie
2705 2785 2781 2845 de

379 2864 609 2925 Canone
636 2865 791 2942 fidei,
820 2866 927 2926 sed
951 2866 1069 2924 late
1096 2863 1169 2924 de
1213 2865 1447 2924 Canone
1471 2865 1755 2942 lectionis,
1785 2873 1854 2926 ut
1888 2885 2162 2944 expresse
2205 2863 2478 2942 Synodus
2503 2863 2776 2942 loquitur,

374 2963 507 3020 quse
532 2945 662 3004 vult
682 2945 857 3006 etiam
882 2945 1003 3022 legi
1019 2944 1311 3020 passiones
1327 2946 1658 3020 Martyrum
1675 2968 1695 3004 .·
1723 2952 1782 3004 et
1802 2943 1886 3002 sic
1913 2944 2324 3022 intelligendus
2351 2943 2524 3004 etiam
2543 2944 2779 3020 August.

373 3043 553 3100 quum
580 3043 681 3083 eos
708 3033 879 3084 vocat
899 3023 1211 3084 Ganonieos
1220 3048 1246 3096 ;
1272 3022 1409 3084 facit
1426 3024 1579 3083 enim
1605 3023 1754 3084 duos
1781 3022 2012 3083 ordines
2034 3023 2494 3084 canonicorum:
2521 3021 2780 3083 Primum
2855 3072 2864 3080 .

374 3122 575 3162 eorum
602 3103 704 3179 qui
732 3103 807 3162 ab
836 3102 1103 3162 omnibus
1128 3102 1511 3162 admittuntur
1554 3102 1852 3177 Ecclesiis,
1895 3110 1957 3162 et
1995 3103 2068 3161 de
2115 3102 2327 3180 quibus
2353 3120 2649 3178 nunquam
2690 3111 2782 3161 est

375 3180 737 3241 dubitatum:
784 3181 1114 3242 Secundum
1142 3201 1341 3242 eorum
1368 3182 1469 3259 qui
1496 3201 1533 3239 a
1556 3181 1853 3240 nonnullis
1891 3189 2117 3240 tantum
2147 3190 2282 3244 sunt
2308 3180 2564 3255 admissi,
2593 3189 2654 3238 et
2678 3179 2781 3258 qui

374 3260 640 3319 solebant
666 3281 741 3320 ex
768 3262 1011 3320 ambone
1038 3260 1191 3337 legi;
1234 3269 1295 3318 et
1318 3261 1427 3319 hos
1447 3260 1674 3338 judicat
1693 3279 1812 3318 non
1837 3279 1966 3318 esse
1993 3260 2287 3320 faciendos
2313 3259 2514 3335 quanti
2541 3259 2778 3336 priores,

373 3347 435 3399 et
478 3338 653 3418 longe
699 3340 976 3420 imparem
1020 3359 1219 3399 eorum
1247 3357 1373 3398 esse
1418 3339 1826 3400 authoritatem
1867 3339 1971 3397 lib.
1999 3339 2060 3397 ii.
2082 3346 2224 3397 cont.
2269 3339 2523 3396 Manich.
2566 3357 2691 3412 cap.
2721 3339 2780 3395 5.

373 3418 717 3497 Apocryphi
742 3440 884 3480 vero
910 3419 999 3478 illi
1042 3427 1179 3482 sunt
1222 3417 1437 3494 scripta
1481 3417 1824 3492 adulterina,
1870 3415 2016 3474 falsa
2058 3424 2118 3475 et
2161 3415 2426 3548 impii-oba
2449 3415 2490 3470 l.
2520 3417 2576 3487 5,
2608 3413 2681 3471 de
2712 3413 2777 3472 C.

376 3495 451 3555 D.
481 3517 605 3574 cap.
635 3503 731 3574 24,
761 3497 989 3557 fabulas
1013 3503 1188 3555 vocat
1218 3495 1658 3572 scripturarum,
1681 3515 1812 3570 quse
1840 3492 2210 3569 Apoeryphse
2300 3498 2525 3549 cuntur.
2582 3490 2782 3548 Canon

374 3592 515 3633 vero
540 3577 729 3636 stricte
755 3577 1002 3634 sumitur
1026 3593 1131 3650 pro
1158 3591 1227 3630 eo
1255 3572 1410 3650 quod
1436 3571 1615 3630 habet
1633 3571 1890 3628 divinam
1912 3578 1972 3628 et
1987 3569 2348 3627 infallibilem
2375 3566 2782 3625 authoritatem

376 3650 453 3708 ad
478 3651 777 3727 probanda
802 3651 939 3709 fidei
967 3651 1277 3728 dogmata:
1322 3649 1401 3708 Et
1428 3649 1513 3707 sic
1538 3649 1742 3707 Hiero.
1760 3666 1965 3707 vocem
1984 3646 2235 3706 Canonis
2262 3645 2452 3719 sumit,
2474 3663 2652 3720 quum
2679 3663 2782 3704 eos

376 3729 636 3788 excludit
664 3749 699 3787 a
715 3732 965 3790 Canone.
1009 3729 1104 3789 Ita
1130 3729 1386 3805 August.
1414 3727 1591 3798 latius
1617 3725 1828 3803 accipit
1852 3745 2057 3783 vocem
2081 3723 2357 3794 Canonici
2379 3741 2553 3800 quam
2571 3725 2776 3783 Hiero.

414 3807 477 3867 ui
502 3827 706 3866 vocem
732 3809 1063 3884 Apocryphi
1084 3807 1260 3867 latius
1286 3805 1510 3884 accepit
1534 3823 1708 3883 quam
1734 3804 2094 3880 Augustinus,
2117 3823 2233 3862 non
2261 3802 2434 3862 modo
2450 3822 2556 3880 pro
2582 3811 2778 3880 aperte

374 3827 536 3947 ssalsis
563 3895 623 3947 et
648 3887 927 3947 fabulosis
952 3886 1134 3962 libris,
1164 3884 1267 3945 sed
1295 3885 1469 3945 etiam
1494 3903 1600 3962 pro
1628 3884 1718 3959 iis,
1760 3883 1864 3961 qui
1887 3883 2024 3943 licet
2049 3882 2380 3961 legerentur
2405 3881 2466 3940 in
2494 3881 2774 3959 Ecclesia,

373 3985 493 4024 non
538 3965 962 4026 adhibebantur
1004 3966 1079 4025 ad
1103 3963 1405 4046 probanda
1450 3963 1588 4023 fidei
1629 3961 1906 4041 dogmata
1927 3983 1943 4023 ε
1987 3962 2162 4022 Unde
2204 3960 2372 4020 facile
2399 3960 2779 4020 conciliantur

373 4044 531 4104 dicta
557 4045 797 4104 Patrum
823 4045 1081 4120 istorum,
1112 4064 1243 4123 quse
1268 4045 1419 4103 inter
1445 4063 1509 4103 se
1533 4043 1656 4104 hoc,
1686 4043 1748 4100 in
1775 4042 2009 4119 negotio
2035 4041 2278 4101 arietare
2305 4040 2592 4100 videntur.
2679 4041 2778 4100 Sic

376 4123 595 4184 Caieta.
640 4124 934 4183 commen.
956 4125 1017 4182 in
1040 4125 1269 4184 Esther.
1298 4122 1407 4183 sub
1424 4122 1613 4197 finem,
1638 4120 1795 4181 dicta
1818 4121 2055 4181 Patrum
2081 4121 2354 4200 explicat,
2383 4127 2451 4180 ut
2476 4122 2561 4179 ad
2583 4119 2777 4178 limam

372 4204 715 4278 Hieronymi
735 4205 1059 4262 reducenda
1085 4204 1240 4263 dicat
1266 4211 1383 4260 tam
1407 4203 1579 4262 verba
1603 4200 1998 4278 Oonct‘liorum,
2022 4221 2194 4279 quam
2209 4201 2540 4274 Doctorum,
2559 4208 2624 4258 ut
2648 4199 2782 4258 libri

373 4284 469 4341 isti
489 4303 603 4342 non
628 4283 741 4342 sint
768 4282 1058 4359 Canonici,
1103 4282 1182 4341 id.
1222 4283 1515 4359 reyuzares
1554 4283 1639 4340 ad
1664 4282 2021 4358 firmandum
2047 4300 2117 4339 ea
2143 4299 2270 4356 quoe
2293 4287 2424 4338 sunt
2444 4279 2605 4358 fidei,
2653 4279 2778 4338 licet

368 4363 587 4437 possint
636 4362 752 4421 dici
795 4362 1085 4438 Canonici,
1128 4361 1209 4421 id.
1260 4363 1553 4438 reyulares
1598 4362 1684 4418 ad
1721 4360 2142 4439 <edificationem
2167 4358 2444 4438 fidelium,
2489 4366 2678 4434 utpote
2720 4359 2794 4414 in·

380 4441 611 4500 C'anone
637 4441 856 4502 Biblico
881 4445 967 4502 ad
1002 4443 1109 4502 hoc
1132 4441 1358 4516 recepti,
1388 4437 1499 4499 &a
1527 4457 1660 4502 cum
1686 4457 1804 4516 quo
1831 4438 1969 4498 facit
1995 4439 2207 4513 Diony.
2239 4437 2503 4498 Car-thus.
2536 4453 2774 4512 procem,

374 4521 435 4579 in
460 4523 499 4580 l.
527 4520 727 4580 Tobioe.
