3300 5225
350 390 571 439 num.
598 390 641 431 1
646 372 675 452 J
1194 391 1274 431 ns
1300 390 1421 436 nno
1448 390 1586 449 σιιο,
1616 390 1694 433 m·
1720 370 2764 433 rm0.159

350 530 514 609 quod
552 536 774 593 oenum
800 538 891 593 est
914 530 1134 609 clanim
1158 538 1221 597 et
1255 530 1588 593 distinctam
1626 532 1740 591 Dei
1777 531 1988 607 ideam,
2017 531 2070 591 si
2109 549 2226 608 qus
2261 528 2432 589 datur
2471 528 2534 587 in
2573 528 2762 604 nobis,

354 632 475 671 non
500 630 577 670 ex
603 618 826 687 natura,
856 631 987 689 quae
1021 630 1126 688 per
1164 620 1465 689 peccatum
1492 612 1867 671 obtenebrata
1894 620 1985 671 est
2011 618 2072 671 et
2097 617 2409 685 excoecata,
2439 608 2546 669 sed
2571 628 2648 667 ex
2674 627 2763 667 re-

354 690 645 753 velatione
673 691 1094 769 supernaturali
1120 692 1305 753 Verbi
1328 692 1563 753 demum
1601 692 1868 767 haberi,'
1850 712 1914 751 ιιι
1949 712 2066 769 qua
2094 691 2256 751 Deus
2281 697 2478 767 aperte
2506 708 2568 747 se
2595 688 2766 747 nobis

353 770 663 865 patefecit5
702 770 843 831 licet
880 770 1063 831 haec
1046 790 1173 848 ipsa
1200 772 1455 849 cognitio
1480 780 1750 849 respectu
1775 772 1978 849 gloriae
2002 772 2082 833 sit
2109 779 2334 833 tantum
2363 768 2678 848 specularis
2703 775 2764 831 et

354 851 737 929 migma-tice,
767 849 847 911 id.
874 850 1211 928 imperfecta
1234 852 1423 911 adhuc
1450 858 1511 913 et
1535 851 1710 913 valde
1735 852 1998 915 obscura.

438 931 631 991 XIX.
692 922 947 993 Possunt
980 930 1097 989 alia
1140 950 1261 991 non
1296 950 1485 1009 pauca
1519 930 1659 991 addi
1696 939 2040 1009 argumenta
2077 930 2154 991 ad
2199 928 2460 1009 ejusdem
2501 927 2766 987 veritatis

354 1010 887 1073 confirmationem.
928 1009 989 1069 A
1016 1030 1213 1070 rerum
1227 1012 1570 1087 ,titan-arum
1594 1018 1652 1069 et
1683 1030 1836 1070 mere
1861 1011 2287 1088 οοπιιηρεηιίαηι
2311 1009 2602 1085 vaticiniis,
2633 1028 2764 1085 quae

356 1090 501 1168 long
501 1110 533 1151 e
560 1100 695 1150 ante
722 1097 997 1149 eventum
1035 1089 1275 1169 praedici
1299 1109 1417 1151 non
1456 1096 1770 1168 potuerunt
1795 1090 2130 1168 certissime,
2159 1090 2272 1149 nisi
2299 1110 2335 1149 a
2359 1096 2554 1149 mente
2581 1088 2764 1147 omni-

354 1171 513 1232 seia.
554 1170 655 1231 Ab
682 1170 923 1229 heroicis
948 1189 1291 1248 magnorum
1319 1170 1595 1231 Virorum
1618 1170 1870 1246 πιοιῶω,
1897 1170 2001 1247 qui
2037 1172 2164 1231 sine
2190 1169 2388 1229 afflatu
2413 1169 2612 1227 divino
2641 1167 2768 1227 dari

354 1270 474 1391 1113011
493 1250 851 1328 potuissent:
886 1249 1024 1309 Ab
984 1269 1381 1390 imperffi
1400 1250 1954 1407 οὲιιῖἶειειοιιιὶὲγιιεόἳι
1973 1250 2390 1389 evepmoffls,
2373 1268 2559 1327 ,quas
2579 1248 2766 1325 digito

418 1351 473 1391 ei
501 1330 835 1407 contingere
861 1349 954 1389 res
982 1328 1108 1408 ipsa
1135 1350 1167 1389 c
1558 1331 1756 1391 udicis
1925 1352 2022 1391 tcta
2049 1351 2080 1389 e
2127 1350 2215 1389 see
2339 1349 2396 1387 m
2424 1331 2609 1405 poem's
2636 1348 2766 1404 quse

354 1411 431 1471 ab
456 1411 663 1470 ultrice
704 1408 942 1471 Nemesi
980 1409 1359 1487 infliguntur;
1400 1418 1461 1469 et
1488 1408 1549 1469 A
1576 1410 1866 1471 miraculis
1891 1430 2022 1488 quse
2059 1411 2238 1470 totius
2274 1416 2494 1469 natum
2521 1408 2642 1467 vim
2671 1428 2766 1467 su-

354 1498 577 1568 perant.
662 1490 811 1551 Cum
847 1490 1001 1551 enim
1036 1490 1183 1551 nihil
1223 1491 1379 1551 ultra
1403 1488 1561 1551 vires
1586 1508 1726 1571 spas
1751 1510 1926 1568 agere
1963 1492 2166 1569 possit,
2197 1498 2258 1549 et
2281 1488 2466 1548 multa
2491 1488 2770 1547 miracula

354 1568 909 1711 ιιῗὲἓῗῷἳῖἓᾉῗῗὲἰ
947 1569 1948 1711 ῗᾉέιῖἓᾱὲέῶἶῖιῗὲᾶίοῗῖιῗη
1958 1569 2372 1711 ἒθῗὲῗὲωωᾶ
2397 1568 2770 1707 ἵζᾶῗῗιὶἓὲ

353 1730 549 1869 maana
584 1738 646 1789 et
682 1692 1069 1869 paug-tantine,
1112 1732 1279 1809 cujus
1318 1730 1525 1790 virtuti
1548 1670 2039 1791 ἓηιιοοιιὶιιιιιΡιῗιι.
2085 1730 2246 1808 quod
2265 1670 2397 1789 ἳιῗιῖι
2438 1728 2600 1788 aliud
2641 1747 2768 1787 esse

572 1829 748 1887 quam
866 1829 939 1869 us

353 1831 596 1949 lwXX.
639 1890 787 1949 Haec
806 1909 946 1948 vero
974 1896 1035 1949 et
1058 1889 1273 1949 similia
1292 1898 1635 1968 argumenta
1659 1910 1738 1949 ex
1763 1890 1854 1969 Op
1855 1910 2017 1951 erum
2039 1889 2388 1951 Divinorum
2416 1889 2767 1966 contempla

354 1968 529 2045 tione,
562 1978 621 2028 et
646 1988 723 2027 ex
750 1967 882 2027 imis
919 1976 1141 2028 naturae
1166 1969 1558 2047 penetralibus
1584 1979 1764 2045 eruta,
1794 1971 2008 2047 quibus
2033 1970 2354 2048 blasphemi
2381 1970 2482 2029 isti
2521 1969 2752 2045 θύμαιχο
2753 1994 2772 2027 ι

356 2048 589 2109 confodi
613 2054 873 2125 possunt,
906 2048 1315 2109 confirmantur
1338 2049 1690 2109 luculentius
1717 2068 1794 2108 ex
1809 2050 1994 2111 Verbi
2012 2049 2394 2127 irrefragabili
2409 2050 2768 2123 testimoni03

355 2128 516 2207 quod
542 2148 675 2187 enm
705 2127 1045 2187 Divinitatis
1073 2146 1193 2188 suae
1218 2128 1475 2187 illustres
1522 2137 1692 2189 notas
1716 2148 1838 2205 prae
1864 2150 1928 2189 se
1953 2128 2118 2205 ferat,
2167 2138 2236 2189 ut
2260 2138 2432 2189 antea
2457 2128 2666 2203 visum,
2711 2135 2770 2187 et

358 2209 550 2268 Deum
578 2208 881 2267 authorem
908 2227 1075 2267 suum
1101 2207 1319 2283 passim
1345 2207 1637 2300 praedicet,
1667 2209 1818 2270 hanc
1846 2210 2278 2287 persuasionem
2302 2209 2366 2267 in
2391 2207 2601 2267 animis
2625 2206 2770 2267 fide-

352 2288 499 2348 lium
524 2287 823 2346 indelebili
850 2288 1179 2347 charactere
1205 2286 1432 2365 insculp
1434 2287 1499 2347 it.

436 2368 630 2427 XXI.
658 2366 825 2426 Addi
837 2375 1085 2445 possunt
1100 2376 1160 2427 et
1182 2368 1311 2426 haec
1336 2374 1679 2445 argumenta
1703 2366 1782 2427 ad
1804 2366 2114 2443 hominem,
2137 2386 2268 2444 quus
2297 2366 2600 2427 Atheum
2581 2385 2771 2443 ipsum
2809 2410 2818 2417 .

352 2466 589 2507 movere
616 2455 861 2525 possunt
885 2446 963 2505 ad
989 2446 1339 2506 credendum
1366 2447 1615 2523 Numen,
1646 2447 1698 2507 si
1723 2467 1841 2507 non
1870 2447 1983 2507 Dei
2001 2446 2184 2525 ipsius
2203 2456 2264 2507 et
2291 2446 2618 2525 Religionis
2643 2446 2770 2503 vin-

354 2526 617 2587 dicandae
642 2546 835 2602 causa,
884 2526 1089 2585 saltem
1116 2528 1211 2587 sui
1232 2527 1437 2605 ipsius,
1482 2535 1542 2586 et
1581 2526 1854 2587 utilitatis
1895 2546 2014 2587 sun
2061 2527 2268 2605 gratia.
2351 2527 2502 2585 Nam
2529 2526 2580 2585 si
2611 2526 2772 2585 Deus

354 2628 471 2667 non
499 2615 605 2683 est,
644 2606 807 2666 nulla
835 2605 1173 2684 Republica,
1219 2606 1382 2667 nulla
1429 2606 1689 2668 Societas
1729 2607 1792 2666 in
1837 2607 2054 2667 mundo
2097 2617 2225 2667 tuta
2266 2606 2410 2684 erit3
2455 2605 2606 2682 Quia
2647 2606 2771 2666 sine

354 2688 589 2763 virtute,
620 2687 743 2746 sine
772 2687 1079 2780 Religione
1105 2687 1255 2746 nihil
1292 2695 1483 2748 tntum
1522 2707 1650 2747 esse
1691 2695 1918 2781 potest.
1959 2687 2048 2748 At
2087 2688 2137 2748 si
2167 2688 2328 2746 Deus
2368 2705 2487 2746 non
2513 2693 2619 2780 est,
2663 2705 2772 2744 nec

352 2769 541 2828 virtus
564 2787 675 2828 nee
702 2765 937 2844 Religio
964 2773 1071 2826 est.
1155 2766 1310 2842 Quid
1334 2767 1447 2828 erit
1471 2767 1724 2828 mundus
1762 2767 1878 2826 nisi
1903 2787 2126 2828 merum
2150 2767 2582 2861 latrocinium,
2565 2787 2626 2824 ιιι
2653 2785 2770 2842 quo

352 2849 559 2924 cuique
588 2846 749 2925 quod
771 2846 979 2906 libebit
1004 2846 1268 2922 licebit,
1248 2867 1311 2906 ιιι
1338 2867 1467 2941 quo·
1481 2847 1710 2907 nullum
1748 2847 1837 2908 fas
1863 2855 1968 2908 aut
1990 2847 2154 2908 nefas
2181 2848 2308 2923 erit,
2336 2845 2605 2906 nullum‘
2588 2865 2770 2922 impe-

352 2867 519 2988 ranttlii
550 2928 668 3006 jus,
699 2927 863 2986 nulla
898 2925 1209 2986 obediendi
1246 2927 1579 3002 necessitas,
1610 2926 1672 2986 in
1700 2945 1816 3004 quo
1854 2926 2106 3006 optimus
2143 2928 2253 2986 erit
2277 2926 2381 3004 qui
2407 2925 2766 3019 vaferrimus,

350 3015 413 3068 et
464 3007 777 3067 dominus
785 3006 887 3099 qui
928 3005 1381 3084 potentissimus.
1465 2971 1645 3066 Nullo
1699 3005 1880 3066 fraeno
1927 3006 2316 3068 continebitur
2361 3005 2768 3084 imperantium

349 3087 601 3180 lieentia,
634 3096 693 3147 et
721 3083 1081 3146 subditorum
1107 3086 1367 3163 rebellio,
1411 3106 1517 3146 suo
1544 3086 1791 3164 quisque
1819 3086 2012 3146 animo
2037 3088 2274 3165 impune
2301 3085 2534 3146 serviet.
2617 3085 2770 3144 Rur-

354 3187 455 3228 sus
480 3166 533 3225 si
563 3167 725 3226 Dens
748 3185 869 3224 non
895 3173 1001 3242 est,
1030 3185 1201 3225 nemo
1228 3167 1557 3260 mortalium
1584 3167 1682 3225 vel
1709 3167 1785 3226 ad
1809 3175 2165 3228 momentum
2204 3174 2366 3228 tutus
2405 3172 2508 3225 aut
2534 3184 2770 3224 securus

354 3265 484 3306 esse
508 3246 721 3324 poterit
748 3265 785 3304 a
810 3245 890 3321 vi,
932 3265 969 3304 a
1002 3244 1225 3322 fraude,
1255 3265 1291 3305 a
1314 3245 1587 3324 perjurio,
1618 3265 1656 3305 a
1681 3246 1858 3322 caede,
1887 3266 1924 3305 a
1949 3247 2252 3324 sanguine.
2336 3245 2412 3304 In
2435 3245 2610 3304 horas
2650 3245 2767 3303 sin-

354 3326 525 3419 gulas
550 3326 747 3386 omnia
770 3323 1081 3384 metuenda
1104 3332 1312 3386 erunt:
1358 3326 1599 3386 Sublato
1642 3325 1798 3385 enim
1840 3291 2182 3386 ’Divinitatis
2227 3324 2412 3401 obice,
2460 3324 2592 3401 quis
2633 3323 2772 3382 fidei

354 3414 417 3468 et
434 3406 776 3466 innocentiae
798 3404 1030 3464 dabitur
1054 3405 1257 3464 locus?
1282 3405 1427 3482 quid
1448 3405 1702 3464 licentiae
1727 3413 1830 3466 aut
1855 3405 2148 3466 violentiae
2174 3424 2293 3464 non
2318 3403 2577 3482 patebit?
2617 3404 2769 3462 Nam

354 3486 549 3563 quoad
574 3486 765 3546 edicta
790 3486 1061 3559 humana,
1109 3492 1493 3562 praeterquam
1535 3484 1696 3561 quod
1737 3484 1992 3544 animum
2035 3485 2097 3544 in
2139 3483 2348 3543 melius
2388 3491 2612 3542 mutare
2651 3502 2770 3542 non

352 3573 613 3642 possunt,
644 3565 748 3626 sed
776 3573 976 3624 contra
1002 3583 1135 3622 eum
1160 3563 1413 3623 reddunt
1438 3563 1684 3640 vafrum,
1712 3571 1775 3624 et
1801 3564 1862 3622 ιιι
1890 3583 2090 3624 omnes
2117 3561 2356 3622 fallendi
2393 3569 2550 3620 artes
2575 3562 2762 3620 inten-

354 3652 519 3720 tum;
560 3645 692 3721 quis
720 3643 953 3703 dabitur
977 3642 1182 3704 edictis
1208 3642 1475 3702 humanis
1501 3643 1684 3718 locus,
1729 3643 1780 3703 si
1821 3642 2048 3704 sublato
2090 3641 2358 3702 Numinis
2400 3659 2592 3715 sensu,
2635 3659 2770 3700 eon·

358 3723 603 3782 scientia
622 3724 773 3802 justi
796 3731 857 3782 et
882 3723 1089 3800 injusti
1114 3723 1396 3782 rationem
1423 3741 1654 3780 omnem
1680 3721 1944 3782 exuit?

963 3801 1190 3860 XXII.
1234 3802 1400 3861 Licet
1428 3802 1591 3859 Deus
1625 3820 1746 3860 non
1785 3807 1982 3878 pateat
2007 3799 2272 3860 sensibus
2299 3797 2773 3876 comprehensive

882 3887 949 3940 ut
976 3889 1065 3939 est
1090 3881 1153 3938 in
1182 3901 1261 3956 se,
1292 3879 1710 3957 apprehensive
1737 3889 1930 3939 tamen
1956 3887 2149 3958 potest
2173 3879 2408 3958 percipi,
2450 3887 2623 3956 prout
2649 3879 2769 3937 elu-

884 3967 977 4018 cet
1003 3959 1064 4017 in
1093 3925 1395 4037 Operibus,
1426 3959 1702 4018 videtur
1683 3980 1747 4019 ιιι
1773 3960 1974 4037 signis,
2004 3959 2278 4020 auditur
2261 3980 2322 4018 m
2339 3959 2555 4036 Verbo,
2585 3958 2769 4017 mani-

357 4037 644 4098 festatur
626 4058 687 4097 m
714 4037 893 4098 totius
922 4039 1199 4099 Universi
1225 4037 1459 4098 fabrica.
1542 4043 1600 4098 2.
1648 4039 1826 4099 Falso
1871 4039 2212 4118 supponitur
2249 4039 2398 4098 nihil
2425 4058 2551 4098 esse
2577 4038 2642 4098 in
2680 4039 2768 4096 in-

356 4118 611 4194 tellectu,
642 4116 800 4195 quod
825 4118 987 4195 prius
1011 4137 1131 4176 non
1168 4117 1382 4178 fuerit
1364 4139 1428 4178 ιιι
1466 4138 1660 4179 sensu.
1743 4119 1896 4179 Nam
1933 4119 2286 4180 universalia
2323 4128 2461 4179 sunt
2497 4119 2560 4176 in
2599 4117 2770 4178 intel

358 4197 533 4273 lectu,
563 4206 624 4256 et
649 4216 943 4274 nunquam
988 4197 1219 4258 fuerunt
1264 4197 1326 4255 in
1375 4218 1583 4258 sensu.
1628 4198 1846 4258 Anima
1891 4199 2260 4277 cognoscitur
2300 4206 2367 4258 ut
2393 4208 2452 4258 et
2481 4197 2767 4276 Angelus,

358 4296 467 4336 nec
508 4285 708 4336 tamen
750 4277 1077 4338 sentiuntur
1119 4278 1218 4337 vel
1264 4277 1537 4338 videntur
1576 4278 1694 4338 nisi
1737 4297 1816 4338 ex
1858 4278 2097 4340 effectis.
2181 4278 2396 4354 Quidni
2439 4298 2579 4356 ergo
2609 4279 2770 4338 Deus

358 4363 552 4416 mente
580 4356 897 4416 certissime
926 4365 1325 4434 cognoscatur,
1356 4377 1531 4436 quem
1554 4377 1664 4418 nec
1699 4358 1886 4418 oeulis
1922 4378 2030 4419 nec
2065 4358 2196 4420 eliis
2223 4359 2478 4437 corporis
2505 4357 2772 4418 sensibus

359 4437 653 4514 percipere
680 4455 1007 4514 possumus,
1037 4457 1113 4496 ex
1141 4438 1427 4515 Operibus
1454 4446 1513 4498 et
1538 4458 1575 4496 a
1600 4438 1904 4516 posteriori
1919 4441 1950 4497 P

440 4515 701 4576 XXIII.
744 4516 933 4576 Aliud
974 4524 1063 4576 est
1104 4517 1233 4578 dari
1274 4517 1669 4578 confusionem
1709 4527 1770 4578 et
1811 4519 2022 4591 mabar
2071 4525 2444 4598 apparentem
2469 4517 2530 4576 in
2557 4514 2774 4574 mundo

360 4605 625 4674 respectu
650 4597 852 4673 nostri,
882 4596 1041 4675 quod
1066 4597 1470 4676 concedimus;
1516 4597 1702 4658 Aliud
1748 4617 1876 4659 esse
1919 4617 2118 4658 veram
2163 4605 2224 4658 et
2271 4597 2484 4658 realem
2511 4615 2586 4656 ex
2613 4601 2776 4672 parte

428 3866 609 3914 Fontes
632 3867 767 3913 Solu-

505 3927 710 3972 tionum.
