3300 5225
399 361 621 413 ths'r.
651 343 852 424 xxva]
890 426 894 430 .
1229 361 1308 402 m:
1337 362 1456 404 nno
1481 361 1620 422 mm,
1652 363 1729 404 ET
1755 363 1955 405 ramo,
2695 337 2813 396 24⁷

403 503 562 561 ditur
587 521 664 560 ex
691 502 818 580 ejus
845 501 1247 580 descriptione,
1277 511 1336 563 et
1361 501 1657 564 attributis
1683 504 1863 564 variis
1888 523 2021 582 quae
2046 503 2135 562 illi
2154 499 2502 575 tribuuntur,
2526 517 2657 576 quae
2676 495 2819 554 talia

403 590 541 642 sunt
565 590 632 642 ut
659 581 720 640 in
748 590 1068 642 creaturam
1095 582 1300 642 cadere
1327 603 1444 644 non
1483 585 1726 662 possint,
1758 584 1863 643 sed
1890 585 2001 644 soli
2042 586 2171 643 Deo
2200 586 2543 659 competant,
2580 580 2631 635 1.
2678 575 2817 653 quia

403 661 546 721 dicit
573 681 636 721 se
666 662 855 721 Deum
898 661 1235 740 Abrahami,
1281 663 1471 723 Isaaci
1511 672 1570 723 et
1606 665 1652 724 J
1654 665 1837 741 acobi,
1870 664 2062 724 Exod.
2104 663 2187 722 iii.
2219 665 2273 738 6,
2304 667 2477 721 vocat
2517 655 2819 716 Israelitas

401 741 679 820 populum
709 761 892 818 suum,
924 762 984 800 v.
1015 747 1047 801 7
1055 787 1068 819 ‚
1099 742 1278 802 mittit
1305 743 1530 802 Mosem
1559 744 1636 803 ad
1666 745 2042 820 Pharaonem,
2067 763 2125 803 v.
2160 745 2253 819 10,
2284 751 2345 801 et
2371 738 2485 800 sibi
2509 737 2817 816 pollicetur

401 822 622 880 cultmn
651 821 916 881 divinum
941 830 1076 899 post
1101 823 1464 882 eductionem
1493 843 1569 882 ex
1591 824 1876 902 AEgypto,
1897 844 1954 883 v.
1989 827 2098 900 123
2129 827 2186 882 2.
2223 822 2435 881 dicitur
2450 815 2819 897 proecessisse

409 900 707 960 Israelitas
734 902 796 959 in
823 903 1092 962 columna
1116 902 1289 962 nubis
1315 911 1375 962 et
1399 903 1572 980 ignis,
1597 904 1789 964 Exod.
1812 905 1934 964 xiv.
1968 906 2060 979 19,
2081 902 2240 981 quod
2266 918 2539 980 expresse
2566 898 2611 957 J
2612 897 2817 982 ehovae

407 980 695 1057 tribuitur,
727 1001 778 1040 c.
807 981 930 1040 xiii.
961 985 1057 1059 21,
1089 990 1149 1041 et
1177 983 1350 1042 Num.
1378 983 1460 1042 xi.
1491 985 1586 1060 25,
1617 991 1679 1042 et
1698 983 1821 1044 xiv.
1856 987 1964 1060 143
2015 987 2073 1044 3.
2114 986 2340 1042 Nomen
2358 980 2477 1041 Dei
2500 979 2559 1038 in
2585 979 2707 1054 ipso
2728 975 2815 1033 di·

404 1062 556 1120 citur
581 1059 851 1136 futurum,
883 1062 966 1121 ita
991 1069 1058 1123 ut
1084 1061 1318 1140 impune
1343 1081 1462 1121 non
1489 1063 1566 1122 sit
1589 1062 1815 1122 laturus
1841 1064 1943 1142 qui
1978 1063 2257 1122 adversus
2284 1062 2474 1140 ipsum
2500 1057 2821 1118 rebellave-

409 1142 502 1218 rit,
533 1141 725 1200 Exod.
755 1141 921 1200 xxiii.
946 1143 1064 1217 203
1111 1145 1168 1200 4.
1211 1150 1454 1201 vocatur
1476 1142 1667 1218 facies
1694 1144 1823 1219 ipsa
1846 1144 1977 1220 Dei,
2011 1143 2203 1203 Exod.
2231 1141 2443 1200 xxxiii.
2477 1143 2571 1198 14.
2614 1137 2819 1196 Facies

403 1241 532 1280 mea
550 1224 840 1298 praecedet
863 1230 931 1298 te,
963 1221 1100 1299 quia
1125 1230 1215 1280 est
1240 1221 1436 1299 imago
1479 1222 1592 1281 Dei
1618 1223 1947 1299 invisibilis,
1978 1222 2275 1282 character
2302 1222 2574 1280 Personae
2604 1217 2813 1277 Patris.

411 1301 690 1379 Spiritum
712 1301 772 1361 S.
791 1301 964 1360 etiam
981 1321 1051 1360 eo
1080 1301 1420 1361 convenisse
1441 1309 1508 1361 ut
1527 1303 1839 1362 Personam
1857 1321 1990 1363 cum
2018 1302 2165 1378 aliis,
2184 1301 2357 1362 docet
2376 1299 2619 1360 illustris
2633 1298 2815 1372 locus,

409 1380 490 1440 Is.
517 1380 666 1439 lxiii.
699 1383 876 1440 7-14.
962 1382 999 1416 ‘⁴
1029 1381 1433 1441 Miserationes
1462 1381 1701 1440 Domini
1740 1400 2056 1442 memorare
2084 1382 2307 1457 faciam,
2340 1379 2449 1440 δια.
2501 1378 2655 1437 dixit
2679 1396 2817 1436 vere

405 1461 658 1539 populus
685 1479 847 1519 meus
875 1460 1004 1538 ipsi,
1025 1469 1084 1521 et
1109 1460 1220 1521 fuit
1245 1461 1388 1539 ipsis
1408 1461 1470 1519 in
1502 1461 1886 1522 Salvatorem.
1968 1461 2239 1539 Angelus
2258 1460 2424 1520 faciei
2449 1457 2699 1518 salvavit
2718 1474 2821 1516 eos

405 1548 640 1617 propter
666 1539 1033 1599 dilectionem
1067 1559 1247 1616 suam,
1279 1539 1388 1600 &c.
1435 1539 1540 1601 sed
1579 1541 1669 1600 illi
1711 1542 1957 1602 rebelles
1982 1541 2233 1616 fuerunt,
2264 1549 2324 1602 et
2362 1539 2535 1598 irasci
2561 1537 2821 1597 fecerunt

411 1620 688 1697 Spiritum
723 1620 1057 1680 Sanctitatis
1083 1621 1270 1698 ejus,”
1301 1620 1410 1680 Sec.
1495 1620 1618 1680 Ubi
1656 1629 1777 1680 tres
1805 1621 2075 1681 Personae
2116 1621 2404 1680 distinctae
2430 1624 2818 1692 recensentur,

406 1703 642 1776 Jehova,
673 1699 920 1777 Anyelus
951 1701 1148 1778 faciei,
1201 1708 1257 1759 et
1291 1700 1538 1778 Spin-iace
1580 1702 1836 1776 Sanctzoe,
1868 1701 2079 1779 quibus
2127 1699 2415 1760 distinctae
2457 1695 2821 1776 operationes

407 1780 755 1854 tribuuntur,
785 1782 1016 1840 Jehovoe
1041 1779 1334 1840 miseratio
1373 1801 1515 1858 erga
1552 1781 1847 1859 populum,
1878 1783 2095 1858 Anyelo
2107 1778 2293 1856 faciei
2318 1777 2655 1856 redemptio,
2687 1775 2817 1852 Spi-

407 1860 550 1918 ritui
571 1859 633 1918 S.
665 1859 1029 1918 exacerbatio
1070 1869 1130 1921 et
1160 1879 1359 1939 pugna
1399 1868 1601 1922 conta-a
1627 1861 1921 1939 populum,
1952 1861 2091 1920 dum
2120 1878 2433 1920 conversus
2460 1864 2552 1918 est
2576 1855 2718 1934 ipsis
2760 1855 2822 1913 in

410 1939 726 1999 inimicum.
811 1940 956 1998 Cum
983 1959 1124 2017 ergo
1149 1940 1334 1999 tribus
1361 1939 1492 2000 istis
1507 1960 1655 2018 opus
1671 1961 1826 2001 mere
1848 1940 2107 2000 divinum
2130 1941 2434 2014 tribuatur,
2454 1955 2690 1997 necesse
2712 1943 2818 2011 est,

407 2026 478 2077 ut
505 2019 622 2077 sint
647 2038 798 2078 unus
825 2019 925 2077 ille
953 2038 1128 2078 verus
1169 2020 1332 2078 Deus
1371 2020 1772 2097 essentialiter,
1800 2021 1939 2082 licet
1977 2021 2152 2080 modo
2194 2017 2549 2080 subsistendi
2585 2023 2646 2076 et
2690 2034 2823 2094 per-

411 2098 688 2157 sonaliter
713 2099 864 2158 inter
891 2116 953 2158 se
981 2098 1429 2176 distinguantur.

1021 2177 1106 2237 X.
1149 2179 1363 2254 Tertio,
1406 2178 1561 2238 idem
1598 2178 1887 2238 evincitur
1925 2199 2001 2238 ex
2038 2175 2521 2256 descriptionibus
2546 2173 2822 2252 Messiae3

943 2257 1088 2316 Cum
1115 2258 1271 2316 enim
1309 2258 1527 2335 passim
1552 2267 1922 2336 proponatur,
1952 2277 2071 2318 non
2116 2257 2291 2318 modo
2316 2265 2385 2317 ut
2414 2257 2623 2316 Semen
2650 2254 2821 2313 muli-

939 2337 1070 2414 eris,
1091 2347 1150 2397 et
1176 2335 1398 2398 fructus
1414 2337 1650 2413 ventris,
1683 2337 1745 2396 id
1772 2346 1863 2398 est
1887 2356 2063 2398 verus
2087 2338 2277 2412 homo,
2302 2336 2407 2396 sed
2434 2335 2609 2395 etiam
2634 2341 2703 2393 ut
2722 2353 2822 2393 ve-

411 2433 514 2475 rus
539 2425 600 2476 et
626 2425 875 2477 aeternus
904 2417 1082 2494 Deus,
1113 2418 1209 2476 cui
1233 2418 1484 2492 nomina,
1515 2426 1576 2477 et
1600 2417 1895 2494 attributa,
1926 2426 1988 2477 et
2026 2436 2201 2496 opera
2232 2416 2433 2475 divina
2472 2414 2821 2492 tribuuntur,

411 2504 480 2555 ut
505 2505 710 2573 postea
735 2516 936 2556 sumus
961 2496 1426 2574 demonstraturi,
1458 2497 1559 2575 qui
1594 2497 1913 2556 mittendus
1952 2497 2063 2557 fuit
2102 2517 2139 2556 a
2181 2497 2352 2555 Patre
2386 2505 2446 2555 et
2476 2493 2696 2574 Spiritu
2740 2494 2823 2570 S„

413 2576 556 2637 satis
583 2583 780 2654 aperte
807 2576 1108 2637 Trinitatis
1133 2577 1471 2655 mysterium
1501 2576 1714 2637 exinde
1740 2577 2060 2637 revelatum
2088 2595 2217 2637 esse
2246 2582 2488 2635 constat.
2571 2573 2663 2633 Eo
2695 2591 2825 2651 per-

412 2656 562 2716 tinet
587 2657 766 2733 locus,
816 2656 932 2716 Isa.
981 2657 1085 2717 lxi.
1120 2660 1172 2734 1,
1205 2662 1260 2717 2.
1293 2658 1330 2691 ‘⁴
1357 2658 1606 2736 Spiritus
1657 2656 1896 2717 Domini
1943 2657 2057 2715 Dei
2104 2675 2173 2716 su
2214 2676 2277 2716 er
2322 2675 2432 2731 me,
2476 2661 2829 2731 quapropter

413 2736 585 2796 unxit
609 2756 702 2795 me
732 2736 1019 2797 Dominus
1061 2737 1137 2796 ad
1177 2736 1696 2815 evangelizandum
1738 2736 2113 2812 mansuetis,”
2160 2676 2270 2795 gc.
2352 2734 2553 2794 Verba
2592 2734 2707 2793 ista
2749 2733 2826 2791 ad

417 2816 696 2875 Messiam
721 2816 922 2876 referri
949 2817 1160 2877 debere
1189 2816 1452 2877 Christus
1480 2818 1606 2894 ipse
1631 2817 1841 2876 author
1866 2824 1973 2892 est,
2005 2816 2147 2875 Luc.
2178 2816 2259 2875 iv.
2288 2817 2384 2891 21,
2408 2832 2597 2891 neque
2624 2812 2687 2872 id
2713 2812 2758 2873 J
2758 2832 2822 2871 u-

417 2895 530 2953 daei
556 2897 694 2956 licet
720 2897 1044 2974 pertinaces
1085 2916 1298 2974 negare
1341 2904 1623 2975 possunt;
1687 2896 1830 2955 talia
1868 2896 2023 2955 enim
2050 2895 2125 2955 de
2165 2915 2234 2956 eo
2302 2894 2663 2969 raedicantur,
2694 2911 2825 2969 quae

417 2995 524 3035 nec
553 2977 743 3051 Isaiae,
773 2996 882 3036 nec
909 2976 1177 3053 cuiquam
1205 2977 1533 3036 mortalium
1561 2983 1886 3053 competere
1913 2983 2192 3054 possunt:
2297 2983 2322 3034 t
2337 2992 2479 3051 ergo
2506 2992 2653 3051 opus
2668 2972 2827 3048 quod

419 3054 654 3113 Messias
679 3056 953 3115 tribuitur
981 3057 1171 3114 Deum
1215 3074 1342 3115 esse
1370 3075 1504 3116 eum
1543 3056 1775 3133 arguit;
1839 3054 1935 3115 Ita
1961 3055 2101 3114 dum
2140 3055 2210 3115 fit
2234 3054 2451 3114 mentio
2478 3052 2523 3113 J
2525 3053 2727 3112 ehovae
2767 3060 2829 3111 et

421 3134 672 3211 Spiritus
720 3136 849 3212 ejus
895 3134 1180 3194 mittentis
1207 3143 1266 3195 et
1305 3135 1580 3213 ungentis
1621 3136 1829 3212 ipsum,
1863 3135 2133 3195 Personae
2174 3134 2305 3195 duae
2338 3132 2627 3193 distinctae
2654 3130 2729 3189 ab
2756 3150 2830 3189 eo⁴

419 3222 822 3273 connotantur.
926 3213 1050 3273 Nec
1090 3213 1204 3272 alio
1247 3222 1469 3291 spectat
1508 3215 1805 3273 oraculum
1842 3214 2059 3293 Aggaei
2098 3235 2150 3274 c.
2174 3215 2239 3274 ii.
2268 3216 2323 3291 5,
2357 3216 2412 3273 6.
2455 3210 2613 3289 quod
2651 3209 2827 3269 trium

419 3293 664 3353 istorum
691 3311 965 3370 expresse
996 3292 1272 3368 meminit,
1305 3293 1443 3353 Sum
1482 3294 1773 3369 vobiscum,
1804 3294 2013 3353 dictum
2038 3295 2269 3354 Jehovoe
2296 3293 2659 3367 exercituum,
2701 3309 2829 3351 cum

431 3374 610 3432 Verbo
639 3392 748 3449 quo
764 3374 1104 3451 pepiqeram
1128 3374 1418 3449 vobiscum,
1449 3381 1504 3431 et
1527 3372 1749 3448 Spiritu
1774 3392 1897 3433 meo
1922 3383 2102 3433 stante
2129 3375 2189 3432 in
2213 3374 2379 3433 vobis.

421 3490 465 3535 4.
485 3490 564 3535 Ex
586 3488 734 3536 Trina
753 3491 904 3536 nomi·
1027 3452 1148 3511 XI.
1193 3452 1425 3527 Quarto,
1455 3471 1533 3511 ex
1573 3452 1752 3511 Trina
1789 3452 2039 3511 nominis
2079 3452 2329 3511 Jehovae
2367 3449 2725 3528 repetitione,
2763 3455 2831 3509 ut

479 3547 908 3653 r
944 3530 1858 3672 3331332052200350affl1ffl’
1885 3529 2492 3669 Nffiszissxssss’gz
2509 3528 2831 3665 {aar

481 3664 546 3708 vi.
565 3663 718 3709 24-26.
947 3692 1064 3751 cies
1082 3711 1187 3750 sua
1213 3630 1336 3764 tibai:
1361 3697 1421 3750 et
1449 3688 1695 3766 gratiam
1711 3688 1885 3747 faciat
1904 3689 2030 3747 tibi.
2090 3687 2345 3747 Attollat
2365 3688 2409 3747 J
2412 3687 2599 3745 ehova
2624 3684 2831 3745 faciem

423 3788 589 3828 suam
617 3789 757 3847 erga
795 3777 872 3846 te,
903 3777 964 3829 et
989 3779 1242 3849 apponat
1268 3768 1376 3827 tibi
1421 3787 1622 3845 pacem
1641 3768 1698 3843 ;’'
1754 3767 1933 3826 Trina
1972 3768 2127 3826 enim
2155 3766 2257 3825 illa
2282 3765 2546 3843 repetitio
2574 3784 2691 3822 non
2727 3785 2829 3841 po-

423 3856 540 3908 test
566 3849 680 3907 alio
707 3850 1010 3926 pertinere,
1041 3870 1216 3928 quam
1243 3847 1320 3907 ad
1347 3846 1737 3925 designandas
1778 3854 1895 3907 tres
1938 3846 2069 3906 illas
2100 3848 2400 3921 Personas,
2430 3864 2467 3903 a
2493 3844 2704 3921 quibus
2730 3844 2831 3903 be-

425 3926 676 3986 nedictio
705 3928 806 3987 illa
831 3930 1048 4006 petitur
1072 3938 1139 3989 ut
1166 3929 1240 3987 ab
1266 3948 1394 3987 uno·
1411 3946 1553 3986 vero
1581 3926 1625 3986 J
1627 3926 1850 4003 ehova3
1897 3926 2187 4003 quomodo
2224 3926 2269 3985 J
2270 3925 2485 3984 acobus
2512 3932 2601 3982 ter
2642 3924 2833 3983 Deum

422 4017 846 4083 commemorat,
894 4028 930 4066 a
973 4028 1090 4087 quo
1131 4008 1596 4068 benedictionem
1639 4006 1777 4066 filiis
1822 4006 1943 4065 suis
1982 4005 2145 4082 petit,
2192 4006 2343 4065 Gen.
2385 4003 2574 4063 xlviii.
2608 4006 2701 4080 15,
2736 4005 2829 4079 16,

427 4088 464 4121 “
489 4088 650 4146 Deus
677 4087 776 4145 ille
804 4096 938 4147 ante
966 4090 1134 4148 cu'us
1161 4095 1534 4165 conspectum
1575 4086 1944 4145 ambularunt
1977 4085 2181 4144 Patres
2206 4084 2359 4160 mei3
2405 4084 2567 4142 Deus
2595 4083 2693 4141 ille
2733 4084 2837 4160 qui

423 4165 612 4244 pascit
637 4186 732 4225 me
759 4186 834 4226 ex
863 4186 978 4245 quo
1008 4110 1102 4227 die
1133 4186 1278 4243 sum,
1307 4186 1494 4245 usque
1520 4165 1584 4224 in
1608 4166 1765 4225 hunc
1794 4164 1982 4241 diem3
2027 4163 2297 4243 Angelus
2324 4163 2423 4222 ille
2452 4162 2553 4240 qui
2579 4161 2840 4222 vindicat

425 4266 519 4305 me
548 4246 624 4304 ab
651 4246 810 4305 omni
854 4248 1008 4307 malo
1047 4246 1356 4307 benedicat
1401 4245 1596 4324 pueris
1635 4244 1767 4305 istis
1786 4245 1845 4305 :’'
1900 4264 2037 4302 nam
2077 4243 2349 4321 Angelus
2389 4242 2492 4320 qui
2517 4241 2839 4301 vindicavit

423 4346 557 4385 eum
585 4325 660 4384 ab
689 4326 846 4384 omni
871 4327 1045 4405 malo,
1075 4334 1137 4387 et
1163 4348 1199 4385 a
1225 4345 1342 4404 quo
1369 4324 1832 4385 benedictionem
1870 4324 2034 4402 petit,
2064 4344 2183 4383 non
2217 4330 2411 4402 potest
2437 4342 2564 4381 esse
2592 4330 2837 4381 creatus.

425 4405 515 4463 Eo
543 4406 717 4464 etiam
744 4406 1108 4466 referendum
1149 4405 1482 4483 Trisagium
1519 4404 1911 4483 Seraphicum,
1947 4404 2062 4463 Isa.
2090 4405 2171 4463 vi.
2202 4407 2261 4479 3,
2290 4404 2548 4476 Sancti&
2578 4402 2835 4476 Sancum,

421 4486 680 4560 Sanctae,
709 4486 930 4545 Jehova
957 4486 1320 4546 exercituum.
1405 4485 1574 4543 Licet
1599 4485 1754 4543 enim
1778 4485 1934 4543 trina
1958 4483 2071 4543 ista
2094 4482 2362 4561 repetitio
2380 4480 2566 4559 possit
2592 4479 2839 4538 indefes-

425 4583 548 4623 sam
580 4565 850 4625 Coelitum
877 4565 938 4624 in
953 4582 956 4587 ·
971 4568 1098 4627 Deo
1124 4563 1416 4626 laudando
1458 4563 1873 4641 assiduitatem,
1918 4572 1978 4623 et
2027 4562 2362 4624 Sanctitatis
2406 4560 2621 4619 divinae
2648 4558 2841 4617 excel-

421 4643 662 4706 lentiam
689 4654 928 4723 notare;
972 4666 1092 4705 non
1134 4646 1329 4707 obstat
1355 4643 1667 4723 quominus
1694 4643 1867 4704 etiam
1910 4642 1993 4703 ad
2034 4644 2095 4704 S.
2128 4644 2191 4705 S.
2219 4640 2490 4702 Triadem
2532 4637 2840 4716 designan-

412 2243 458 2288 3.
499 2244 578 2314 lix
619 2243 900 2314 descriptio-

467 2303 614 2348 nibus
635 2301 836 2347 Messias.
