3300 5225
497 334 577 391 24
1462 343 1646 387 Locus
1674 342 1911 387 smnus.
2500 320 2751 404 [eumer.
2780 340 2912 385 vm.

500 508 775 567 expressa
819 486 1164 565 scripturam
1207 494 1268 545 et
1292 505 1394 545 eos
1435 485 1542 564 qui
1583 484 1826 548 acutiori
1848 483 2073 563 pollent
2113 482 2351 559 ratione,
2380 491 2441 543 et
2464 483 2703 561 ingenio
2728 483 2918 561 magis

501 570 758 643 subacto,
787 585 962 646 posse
989 564 1196 626 melius
1221 564 1516 644 percipere
1541 572 1604 625 et
1627 563 1947 643 dijudicare
1972 563 2252 643 mysteria
2272 560 2428 639 fidei,
2457 572 2659 622 contra
2684 563 2927 623 univer-a

502 649 684 709 salem
723 645 1156 725 experientiam,
1191 647 1222 703 1
1255 644 1386 705 Cor.
1413 644 1455 705 i.
1488 646 1582 719 19,
1611 646 1710 719 20,
1740 652 1799 704 et
1825 643 1997 703 Matt.
2024 643 2109 702 xi.
2136 645 2235 703 25.
2318 645 2375 703 6.
2406 642 2580 702 Ratio
2618 642 2930 720 religionis·

501 747 706 787 norma
729 746 860 787 esse
885 724 1121 803 nequit;
1163 742 1272 784 nec
1298 743 1414 801 qua
1453 732 1737 801 corrupta,
1768 722 1907 801 quia
1944 742 2062 782 non
2088 722 2276 781 solum
2302 730 2393 781 est
2418 721 2569 780 infra
2590 720 2784 798 fidem,
2814 722 2921 780 sed

503 816 564 867 et
589 814 790 866 contre.
803 824 948 880 eam,
979 804 1150 865 Rom.
1167 802 1291 863 viii.
1314 806 1348 862 7
1375 826 1390 880 ;
1425 805 1456 861 1
1482 802 1613 863 Cor.
1641 802 1702 862 ii.
1730 806 1831 879 143
1858 802 2027 861 Matt.
2049 801 2173 861 xvi.
2206 805 2309 877 173
2338 821 2446 861 nec
2466 820 2582 879 qus.
2602 820 2758 877 sana,
2783 801 2921 879 quia

503 886 638 947 talis
663 886 728 945 in
751 885 984 945 homine
1023 891 1294 964 corrupto
1333 902 1451 943 non
1489 882 1679 957 datur,
1706 900 1815 942 nec
1840 881 1903 940 in
1927 880 2161 940 homine
2200 881 2427 959 integro
2468 882 2751 959 potuisset
2790 900 2919 941 esse

503 984 708 1025 norma
730 963 1136 1042 mysteriorum
1163 960 1715 1039 supernaturalium3
1756 979 1865 1021 nec
1890 960 1995 1021 ubi
2018 980 2175 1020 nunc
2192 979 2297 1039 per
2319 960 2597 1038 Spiritum
2612 960 2923 1037 corrigitur

499 1044 880 1123 judicandum
907 1051 998 1103 est
1017 1043 1192 1121 juxta
1216 1040 1418 1119 ipsam,
1449 1040 1554 1101 sed
1572 1041 1747 1120 juxta
1770 1039 2117 1119 principium
2154 1040 2405 1119 primum
2428 1039 2589 1117 quod
2613 1040 2761 1098 ratio
2786 1040 2918 1100 illu-

506 1124 724 1185 minata
741 1124 868 1203 jam
893 1120 1164 1198 admittit,
1192 1120 1462 1180 nimirum
1493 1120 1864 1199 scripturam.

1109 1200 1222 1260 VI.
1265 1198 1452 1259 Aliud
1496 1207 1588 1259 est
1627 1198 2073 1258 ndnisoevw’taeliter
2116 1205 2179 1258 et
2228 1198 2501 1275 organice
2554 1216 2619 1257 se
2670 1198 2919 1273 habere3

566 1268 747 1315 F⁰n¹²⁶⁶
767 1268 977 1315 Salutio-
1029 1278 1216 1339 Aliud
1248 1279 1650 1357 principaliter
1690 1285 1753 1338 et
1794 1277 2123 1356 despotice:
2205 1277 2381 1337 Retio
2422 1276 2600 1357 priori
2640 1277 2815 1336 modo
2858 1295 2923 1336 se

705 1340 840 1373 num.
1028 1359 1206 1419 hebet
1231 1366 1497 1436 respectu
1523 1356 1876 1436 Theologiae,
1906 1377 2025 1417 non
2062 1356 2402 1435 posteriori=
2484 1357 2595 1416 Est
2626 1356 2796 1434 Ager
2820 1374 2921 1416 sn·

507 1438 643 1499 cille
667 1457 800 1517 quae
827 1436 1040 1517 subjici
1081 1438 1256 1499 debet
1297 1436 1626 1516 Scripturas,
1656 1456 1776 1496 non
1806 1438 1951 1497 Sere
1988 1435 2225 1496 domina
2246 1456 2379 1514 quse
2418 1435 2507 1495 illi
2538 1436 2921 1515 praeficietur3

508 1518 684 1578 debet
719 1516 957 1595 exigere
995 1537 1128 1597 quse
1165 1537 1271 1597 pro
1348 1524 1566 1578 nuntur
1602 1516 1892 1577 credenda
1916 1515 1992 1575 ed
2034 1516 2361 1594 Scripturas
2404 1516 2626 1591 Sacrae,
2656 1535 2763 1576 eeu
2788 1534 2921 1574 nor·

509 1616 664 1656 mam
687 1596 952 1657 veritatis
989 1596 1280 1657 indeclins
1319 1596 1472 1672 ilem,
1501 1602 1570 1656 ιιι
1595 1615 1777 1674 quum
1816 1614 1992 1655 manu
2018 1604 2077 1656 et
2102 1594 2273 1657 oculo
2298 1594 2376 1655 ed
2400 1595 2597 1655 ulnam
2632 1594 2923 1673 publicum

510 1675 801 1755 exigimus
827 1694 959 1754 quse
983 1675 1178 1736 metiri
1201 1676 1501 1753 volumus3
1545 1676 1654 1737 sed
1678 1675 1807 1755 ipss.
1830 1674 1895 1734 in
1920 1694 2181 1737 normam
2206 1674 2625 1736 credendorum
2650 1674 2928 1735 constitui

510 1763 982 1895 nmis{iztwgliiiod²
999 1756 1554 1897 gabivtz‘strumcntum
1574 1836 1727 1916 fidei
1738 1860 1763 1910 ,·
1804 1834 1991 1895 Aliud
2012 1834 2616 1917 fidcifimdamentum
2636 1857 2657 1893 .-
2742 1832 2928 1923 Aliud

512 1912 975 1991 inferre·fl.liquid
1001 1913 1388 1992 credendum3
1431 1916 1619 1976 Aliud
1645 1915 1847 1977 efferre
1872 1914 2015 1993 quid
2054 1935 2131 1975 ex
2158 1914 2329 1974 dictis
2368 1914 2447 1975 sit
2482 1912 2925 1991 intelligendum

511 2000 574 2054 et
599 1992 1025 2072 explicandum,
1055 2014 1174 2055 non
1199 1995 1388 2056 textui
1415 1994 1638 2073 aliquid
1664 1994 2029 2074 imponendo,
2060 1994 2166 2054 sed
2204 1992 2549 2072 exponendo
2576 1993 2736 2071 quod
2760 1993 2924 2051 invo-

510 2073 700 2133 lutum
726 2072 1072 2135 videbatur:
1151 2075 1331 2135 Ratio
1369 2082 1461 2135 est
1499 2076 1924 2135 obstr-amenum
1947 2093 2067 2152 qno
2092 2074 2275 2134 utitur
2300 2072 2506 2149 fidelis,
2538 2072 2642 2133 sed
2680 2091 2799 2131 non
2838 2078 2930 2131 est

510 2152 948 2213 fundumentum
987 2163 1050 2214 et
1089 2153 1433 2233 principium
1473 2174 1593 2232 quo
1633 2154 1779 2214 fides
1815 2154 2068 2231 nitstnr3
2111 2162 2171 2215 et
2210 2152 2262 2212 si
2300 2152 2363 2212 in
2398 2152 2576 2212 variis
2620 2151 2931 2229 Scripturae

511 2231 656 2292 locis
681 2231 921 2292 rationis
947 2252 1088 2293 usus
1113 2233 1477 2311 praedicam,
1507 2253 1625 2292 non
1666 2234 1863 2293 statim
1902 2232 2341 2295 fundumentum
2380 2230 2518 2291 fidei
2544 2231 2833 2307 statuitur,
2862 2238 2930 2292 ut

512 2330 591 2371 ex
629 2311 850 2371 ratione
889 2319 1164 2391 tunquam
1203 2332 1406 2373 norma
1443 2332 1616 2391 agere
1660 2312 1939 2391 debeam3
1982 2312 2086 2373 sed
2126 2311 2509 2373 ministerium
2548 2318 2773 2372 tantum
2798 2310 2929 2389 ejus

513 2398 760 2465 notatur,
789 2400 857 2453 ut
881 2391 1084 2453 fideles
1111 2392 1428 2453 secundum
1455 2412 1584 2453 eam
1610 2400 1673 2453 et
1696 2412 1801 2471 per
1824 2411 1953 2453 eam
1980 2399 2289 2471 operentur
2312 2400 2380 2451 ut
2406 2390 2867 2451 instrumentum.

594 2469 778 2529 VIII.
804 2470 1002 2531 Culum
1025 2472 1324 2532 rationalis
1350 2470 1615 2531 bifariam
1642 2471 1872 2548 dicitur,
1895 2472 1993 2531 vel
2010 2471 2378 2549 originaliter,
2405 2470 2509 2548 qui
2534 2478 2687 2563 estse
2706 2470 2929 2530 ratione
2960 2522 2969 2526 -

513 2556 582 2609 ut
607 2548 830 2626 origine
857 2556 917 2607 et
941 2548 1256 2629 principio;
1300 2550 1399 2609 vel
1435 2552 1743 2626 subjective,
1772 2558 1833 2609 et
1858 2551 2139 2630 organice,
2169 2550 2271 2628 qui
2312 2557 2401 2612 est
2438 2549 2501 2608 in
2540 2559 2761 2609 ratione
2802 2556 2926 2609 tsn-

555 2647 690 2688 usm
716 2627 778 2686 in
806 2627 1084 2706 subjecto,
1127 2637 1189 2689 et
1225 2647 1330 2706 per
1358 2629 1649 2689 rationem
1676 2639 1952 2708 tanquam
1992 2651 2096 2710 per
2120 2631 2562 2691 instrumentum
2590 2638 2891 2690 exercetur
2912 2651 2931 2690 ι

515 2648 738 2768 tli’sulus
767 2707 937 2767 Rom.
963 2707 1067 2768 xii.
1103 2711 1152 2784 l,
1183 2709 1403 2768 cultum
1435 2708 1775 2768 rationalem
1802 2729 1975 2788 quem
2012 2709 2283 2771 fidelibus
2322 2709 2657 2789 praescribit,
2686 2728 2806 2769 non
2840 2710 2929 2768 in·

515 2785 730 2864 telligit
747 2785 934 2864 primo
953 2787 1144 2864 modo,
1163 2787 1247 2848 sic
1263 2788 1417 2848 enim
1431 2789 1835 2884 budiga-zalus
1849 2809 1995 2867 quas
2013 2790 2156 2851 alibi
2174 2789 2409 2849 damnat
2429 2789 2769 2868 approbaret
2786 2809 2802 2866 ς
2826 2787 2932 2848 sed

517 2865 788 2942 secundo,
813 2885 918 2943 pro
944 2885 1014 2926 eo
1039 2866 1143 2945 qui
1168 2867 1230 2926 in
1255 2867 1476 2928 ratione
1502 2879 1730 2947 positus
1754 2879 1860 2944 est,
1880 2879 1939 2931 et
1965 2889 2069 2947 per
2082 2868 2365 2930 rationem
2390 2876 2705 2945 exercetur,
2729 2867 2793 2928 id
2818 2875 2929 2942 est,

515 2945 620 3025 qui
647 2945 963 3024 spiritualis
989 2955 1080 3008 est
1106 2955 1166 3008 et
1191 2947 1467 3024 internus,
1498 2969 1616 3009 non
1657 2949 1905 3009 carnalis
1944 2958 2003 3010 et
2041 2957 2336 3024 externus,
2366 2968 2471 3026 per
2495 2947 2826 3008 antithesim
2852 2945 2937 3006 ed.

519 3025 738 3086 cultum
782 3024 1108 3086 Leviticum
1151 3036 1214 3089 et
1257 3028 1725 3088 Caeremonislem
1768 3029 1848 3089 V.
1875 3028 1945 3088 Τ.
1990 3028 2093 3107 qui
2118 3027 2367 3087 carnalis
2406 3026 2517 3086 fuit
2541 3026 2605 3086 in
2629 3027 2929 3087 brutorum

519 3103 845 3180 oblatione3
887 3104 989 3164 ubi
1009 3105 1134 3184 jam
1161 3125 1278 3166 non
1304 3107 1475 3166 brute
1499 3109 1749 3187 amplius
1778 3109 1940 3170 Deus
1964 3107 2238 3188 postulat,
2258 3107 2363 3167 sed
2388 3107 2597 3168 hostias
2620 3107 2931 3168 rationales
2988 3174 2997 3183 ‚

519 3193 576 3244 et
595 3183 936 3260 spir-anaks,
965 3193 1033 3245 ut
1060 3185 1269 3246 Petrus
1294 3195 1468 3246 vocat
1495 3191 1576 3247 1ae
1603 3207 1655 3249 e.
1682 3188 1746 3249 ii.
1776 3191 1833 3249 5.

601 3261 722 3324 IX.
768 3263 1032 3324 Christus
1077 3273 1271 3343 potest
1309 3265 1426 3326 dici
1468 3267 1886 3329 rationabiliter
1927 3266 2211 3343 docuisse,
2258 3265 2375 3328 Vel
2415 3265 2612 3345 quoad
2652 3263 2931 3326 doctrines

519 3361 722 3420 genus,
751 3341 872 3402 Vel
897 3343 1092 3421 quoad
1117 3343 1362 3405 docendi
1400 3346 1673 3409 modum:
1758 3348 1823 3408 si
1862 3347 2223 3424 intelligetur
2252 3347 2439 3425 primo
2478 3345 2669 3421 modo,
2698 3344 2773 3405 de
2812 3363 2933 3422 quo

516 3421 614 3482 hic
641 3420 932 3500 quaeritur,
963 3423 1173 3484 falsum
1212 3432 1335 3500 est3
1377 3424 1494 3484 imo
1535 3425 1855 3486 doctrinam
1894 3426 2103 3486 rationi
2130 3445 2304 3486 coecae
2343 3425 2647 3485 adversam
2678 3423 2785 3484 eti
2867 3441 2929 3484 o·

517 3511 636 3562 tem
663 3500 874 3578 attulit,
921 3502 1092 3564 Mati.
1119 3502 1244 3566 xvi.
1271 3506 1353 3582 ,17
1359 3548 1375 3564 .
1461 3503 1763 3565 Secundus
1788 3525 1927 3565 vero
1965 3505 2174 3564 modus
2198 3524 2317 3565 non
2342 3506 2459 3566 huc
2495 3501 2761 3583 pertinet,
2786 3442 2931 3563 {lte-

515 3601 647 3641 mur
671 3581 826 3642 enim
853 3581 1135 3642 rationem
1163 3602 1227 3644 se
1253 3583 1468 3644 habere
1493 3583 1572 3643 ed
1597 3585 1831 3644 modum
1860 3585 2245 3645 instrumenti.

599 3661 686 3721 X.
729 3660 915 3721 Aliud
941 3671 1031 3724 est
1057 3662 1378 3724 doctrinam
1404 3683 1481 3724 ex
1507 3672 1713 3724 natura
1728 3665 1990 3741 haurire3
2036 3663 2221 3724 Aliud
2241 3662 2560 3723 doctrinam
2580 3660 2705 3740 jem
2731 3659 2929 3739 cogni-

519 3749 636 3801 tam
675 3741 872 3819 aliquo
913 3743 1087 3802 modo
1131 3743 1436 3819 illustrare,
1467 3744 1566 3803 vel
1606 3744 1854 3805 docendi
1896 3745 2257 3804 occasionem
2296 3762 2375 3802 ex
2410 3750 2617 3802 nutura
2642 3741 2931 3820 arripere:

521 3820 816 3879 Posterius
843 3819 904 3878 in
943 3823 1234 3899 parabolis
1275 3823 1512 3882 Domini
1550 3825 1956 3901 agnoscimus3
2001 3823 2172 3882 Prius
2210 3839 2329 3882 non
2368 3821 2545 3881 item:
2626 3821 2751 3880 Nec
2777 3820 2933 3880 enim

517 3917 624 3975 per
661 3897 962 3974 parabolas
1004 3901 1282 3977 mysteria
1321 3920 1426 3960 sua
1467 3921 1739 3979 expresse
1782 3903 2067 3981 probavit,
2098 3901 2204 3962 sed
2228 3907 2452 3962 tentum
2494 3898 2826 3978 illustravit,
2866 3909 2935 3960 ut

520 3975 748 4034 facilius
775 3975 886 4034 sub
909 3975 1068 4036 hisce
1095 3979 1537 4038 emblematibus
1561 3980 2007 4060 perciperentur.

603 4053 726 4112 XI.
769 4053 908 4112 Alia
935 4063 1024 4113 est
1047 4057 1258 4114 veritas
1283 4058 1681 4117 sententiar-um
1700 4083 1726 4132 ,·
1766 4059 1907 4118 Alia
1942 4061 2151 4120 verim
2189 4060 2613 4134 cmmeaeionum,
2642 4066 2711 4119 ιιι
2736 4056 2932 4117 obser·

521 4141 624 4192 vat
649 4133 798 4209 Any.
829 4133 918 4191 lib.
949 4135 1008 4192 2.
1037 4135 1109 4194 de
1133 4137 1312 4193 doctr.
1340 4135 1545 4195 Christ.
1575 4157 1704 4214 cap.
1734 4139 1833 4198 32.
1918 4138 2031 4197 Illa
2068 4139 2379 4217 respondet
2412 4138 2637 4216 judicio
2676 4137 2931 4195 axioma-

521 4212 654 4287 ιὶεο,
687 4211 813 4270 Ista
832 4211 1055 4288 judicio
1082 4211 1440 4276 dianoiitico:
1523 4215 1841 4276 Axiomsts
1882 4217 2007 4276 sive
2049 4219 2363 4278 sententias
2388 4217 2526 4277 fidei
2550 4216 2733 4276 dictat
2763 4213 2935 4274 nobis

519 4293 582 4350 in
615 4290 926 4368 Scripturis
953 4289 1154 4350 divina
1184 4293 1499 4371 revelati03
1541 4293 1675 4354 ideo
1702 4296 1803 4355 ubi
1845 4305 2076 4374 captum
2104 4306 2375 4375 superant
2414 4296 2752 4374 simpliciter
2777 4293 2937 4354 credi

520 4368 736 4429 debent
761 4378 994 4448 propter
1019 4371 1426 4432 authoritatem
1453 4373 1773 4434 infallibilis
1799 4374 1967 4436 istius
1994 4376 2278 4454 ·Msgistri
2306 4376 2737 4450 sententiarum,
2766 4375 2937 4451 cujus

521 4455 668 4514 ιυτὶς
709 4445 812 4520 ’ἶφι
849 4457 938 4509 est
977 4451 1039 4509 in
1079 4451 1350 4512 omnibus
1389 4451 1740 4514 tenendum:
1823 4454 1911 4515 At
1936 4457 2237 4516 veritatem
2280 4455 2705 4516 connexionum
2733 4473 2935 4532 appre-

523 4528 725 4589 hendit
752 4539 910 4590 recta
935 4530 1098 4608 ratic,
1129 4537 1189 4590 et
1214 4549 1319 4608 per
1342 4549 1408 4591 se
1435 4531 1717 4610 dijudicat
1742 4535 1885 4612 quid
1910 4555 1985 4595 ex
2014 4537 2195 4595 altero
2224 4543 2513 4612 sequetur.

606 4608 762 4669 XII.
807 4607 991 4670 Aliud
1019 4619 1107 4672 est
1135 4610 1572 4689 Consequentiae
1600 4611 1879 4688 rationem
1898 4613 2343 4692 deprehendere,
2370 4611 2554 4672 Aliud
2580 4631 2719 4673 vero
2746 4612 2937 4689 ipsum
