3300 5225
246 314 484 365 Qums‘r.
514 293 651 375 vin]
1117 308 1196 349 ns
1224 308 1627 350 Paovmnmm
1659 309 1778 349 nm.
2540 290 2658 348 469

242 475 362 515 cur
388 454 451 513 in
475 454 585 513 hac
612 450 939 527 traditione,
968 450 1143 509 homo
1170 458 1259 509 est
1285 469 1435 523 reuS,
1466 458 1527 508 et
1554 450 1718 509 Deus
1751 449 1966 527 justus,
1996 448 2109 508 nisi
2150 449 2287 526 quia
2326 450 2388 506 in
2434 469 2497 509 re
2545 470 2662 509 una

244 554 435 612 quam
460 533 737 609 fecerunt,
767 550 943 591 causa
968 550 1085 589 non
1112 550 1229 589 una
1254 538 1346 589 est
1372 530 1447 589 ob
1475 549 1652 609 quam
1678 529 1937 589 fecerunt
1951 530 2017 588 ?'’
2065 537 2130 589 ιιι
2150 528 2232 589 ait
2260 528 2419 606 Aug.
2449 548 2538 607 ep.
2559 531 2656 605 48,
2751 556 2760 565 ·

248 614 337 674 ad
364 613 610 674 Vincen.

647 751 658 764 ‚
869 690 1095 749 XXII.
1140 688 1311 764 Quod
1339 690 1501 749 Deus
1525 688 1674 765 vult,
1705 696 1765 748 et
1791 688 2051 748 decrevit
2077 688 2428 765 simpliciter,
2458 696 2518 747 et
2559 708 2664 766 per

292 752 711 855 Fontzsuffilutio-
788 790 869 845 se,
899 771 1029 847 ejus
1055 778 1210 829 recte
1236 778 1429 847 potest
1455 768 1571 828 dici
1598 788 1790 827 causa.
1877 768 1994 827 Sed
2030 778 2268 846 peccata
2305 788 2424 827 non
2462 768 2661 827 decre-

789 850 879 909 vit
934 848 1285 926 simpliciter,
1342 848 1447 908 sed
1490 847 1806 907 secundum
1850 847 2009 925 quid,
2059 856 2344 925 quatenus
2388 856 2524 907 sunt
2567 868 2664 906 ae·

252 930 470 1005 tiones,
501 948 609 989 nec
634 949 739 1008 per
764 949 845 1005 se,
876 930 939 987 in
965 938 1245 1006 quantum
1272 937 1409 987 sunt
1433 948 1609 1006 opera
1633 928 1805 1003 mala,
1825 928 1930 986 sed
1955 947 2060 1005 per
2077 927 2362 1003 accidens,
2393 928 2454 985 in
2481 946 2664 1004 quan-

256 1018 391 1068 tum
418 1029 521 1085 per
547 1028 646 1068 eas
672 1010 928 1069 actiones
956 1008 1169 1085 exequi
1194 1007 1382 1067 voluit
1408 1007 1637 1067 occulta
1664 1026 1770 1065 sua
1795 1005 2052 1084 judicia:
2098 1008 2197 1066 Sic
2235 1007 2424 1067 voluit
2463 1018 2524 1066 et
2562 1006 2667 1065 de-

258 1089 451 1147 crevit
492 1089 537 1149 J
540 1089 742 1166 osephi
782 1088 1195 1161 venditionem,
1240 1095 1301 1145 et
1344 1086 1559 1145 Christi
1604 1086 2054 1161 crucifixionem,
2103 1086 2205 1145 sed
2249 1086 2382 1145 fine.
2405 1087 2623 1164 optimo
2647 1108 2662 1159 ;

258 1170 440 1227 Illam
467 1177 535 1227 ut
560 1175 887 1228 servaretur
911 1167 1131 1226 familia
1146 1167 1190 1226 J
1192 1166 1375 1241 acobi‚
1402 1166 1583 1226 Istam
1606 1174 1678 1225 ut
1695 1166 2074 1226 redimeretur
2089 1166 2378 1242 Ecclesia3
2423 1177 2666 1243 utraque

259 1268 413 1325 opus
438 1247 551 1307 fuit
569 1249 795 1325 justum
822 1254 882 1307 et
910 1255 1173 1305 sanctum
1200 1265 1235 1303 a
1262 1256 1425 1323 parte
1454 1246 1583 1321 Dei,
1612 1245 1752 1304 licet
1775 1244 1924 1304 illud
1950 1245 2202 1304 voluerit
2227 1264 2331 1323 per
2368 1245 2666 1304 hominum

256 1328 484 1387 scelera
510 1328 738 1404 exequi,
768 1346 899 1404 quse
925 1326 1113 1386 noluit
1138 1325 1380 1401 efficere,
1410 1325 1515 1385 sed
1540 1333 1768 1385 tantum
1793 1325 2142 1403 permittere.
2200 1325 2510 1403 Perperam
2525 1346 2666 1384 vero

260 1410 545 1465 Bellarm.
575 1407 649 1465 de
676 1408 870 1465 amiss.
900 1414 1049 1483 grat.
1078 1413 1137 1463 ει
1165 1413 1271 1464 sta.
1310 1424 1506 1483 pecca.
1553 1405 1657 1463 lib.
1698 1404 1757 1463 ii.
1807 1425 1856 1463 e.
1909 1408 2002 1479 11,
2048 1405 2339 1483 pertendit
2380 1406 2509 1464 loca
2555 1405 2670 1464 ista

264 1487 421 1547 Gen.
450 1486 575 1545 xlv.
607 1490 661 1563 7,
692 1495 754 1546 et
779 1484 920 1545 Act.
946 1486 1027 1544 iv,
1057 1487 1153 1559 28,
1184 1504 1303 1543 non
1330 1484 1407 1543 ad
1432 1504 1607 1563 opera
1632 1484 1788 1542 mala
1805 1484 2106 1543 referenda
2132 1504 2278 1559 esse,
2303 1484 2406 1544 sed
2433 1485 2509 1543 ad
2526 1506 2667 1561 pas-

261 1568 447 1628 siones
472 1568 645 1625 bonas
672 1566 733 1624 in
760 1566 896 1641 illis,
924 1573 991 1624 ut
1017 1585 1149 1641 quae
1174 1584 1253 1623 ex
1277 1572 1439 1642 parte
1484 1563 1783 1641 agentium
1829 1563 2176 1641 gravissima
2219 1574 2384 1624 erant
2430 1564 2665 1640 scelera,

262 1666 345 1705 ex
372 1656 533 1723 parte
560 1646 920 1723 patientium,
953 1642 1165 1703 Christi
1194 1651 1256 1703 et
1281 1644 1324 1702 J
1328 1644 1546 1723 osephi,
1560 1642 1744 1720 'aequo
1791 1644 1984 1702 animo
2031 1643 2336 1703 ferentium
2381 1644 2668 1703 venditio-

261 1746 401 1785 nem
438 1735 498 1785 et
538 1735 801 1801 mortem,
850 1724 1066 1784 fuerint
1106 1744 1281 1801 opera
1328 1743 1566 1783 summas
1614 1723 1924 1801 patientiae,
1975 1723 2234 1801 adeoque
2283 1723 2456 1782 valde
2497 1725 2668 1783 bona.

268 1806 422 1880 Quia
452 1806 750 1882 Scriptura
774 1824 893 1863 non
920 1813 1144 1863 tantum
1170 1804 1498 1881 passionem
1538 1813 1641 1862 aut
1680 1804 1724 1863 J
1728 1804 1946 1881 osephi,
1990 1813 2094 1863 aut
2133 1804 2350 1863 Christi
2393 1804 2521 1862 Deo
2567 1803 2670 1862 tri-

264 1885 414 1961 buit,
445 1886 549 1943 sed
574 1886 751 1943 etiam
778 1884 991 1943 diserte
1018 1884 1321 1958 actionem,
1351 1902 1389 1943 a
1414 1903 1531 1961 qua
1556 1883 1668 1942 fuit
1712 1884 1816 1941 illa
1858 1884 2085 1961 passi03
2131 1883 2265 1943 Non
2309 1884 2452 1943 dicit
2497 1884 2540 1943 J
2544 1904 2670 1943 ose·

264 1966 421 2042 phns
446 1966 677 2043 passive
706 1964 779 2023 de
807 1983 887 2039 se,
919 1964 1051 2039 Ego
1079 1982 1116 2021 a
1143 1964 1271 2023 Deo
1298 1963 1413 2022 huc
1440 1964 1654 2023 missus
1681 1982 1826 2035 sum,
1859 1963 1964 2022 sed
2003 1963 2210 2038 active,
2253 1967 2415 2023 Deus
2453 1965 2560 2022 huc
2585 1984 2674 2022 me

266 2045 423 2103 misit
434 2070 459 2117 ,·
501 2045 634 2103 Non
661 2044 863 2103 dicunt
906 2042 1196 2121 Apostoli,
1249 2044 1439 2101 Deum
1482 2042 1740 2101 voluisse
1785 2042 2076 2101 Christum
2124 2043 2289 2118 mori,
2336 2043 2439 2102 sed
2483 2044 2674 2103 active

270 2124 387 2184 Dei
413 2124 717 2183 consilium
744 2131 805 2184 et
830 2141 1065 2182 manum
1093 2122 1469 2200 praefinivisse
1496 2120 1644 2182 illud
1670 2121 1877 2199 ipsum,
1907 2122 2066 2199 quod
2104 2121 2365 2183 fecerunt
2407 2123 2674 2182 Herodes

268 2213 331 2265 et
360 2205 605 2263 Pontius
636 2204 877 2263 Pilatus.
961 2202 1137 2262 Adde
1164 2202 1339 2280 quod,
1368 2222 1501 2261 cum
1528 2202 1681 2261 actio
1709 2210 1768 2260 et
1792 2202 1988 2279 passio
2025 2221 2144 2259 non
2183 2222 2263 2278 re,
2307 2201 2412 2261 sed
2451 2203 2674 2261 ratione

268 2284 555 2359 differant,
586 2283 851 2361 quisquis
878 2282 1136 2342 decernit
1161 2283 1506 2361 passionem,
1534 2282 1587 2340 is
1612 2281 1790 2340 etiam
1817 2280 1992 2341 debet
2015 2282 2300 2340 actionem
2347 2282 2534 2359 ipsam
2573 2282 2672 2343 de·

269 2385 503 2424 cernere
529 2385 545 2424 ε
590 2365 653 2425 Si
683 2364 845 2423 Deus
871 2364 1059 2423 voluit
1086 2364 1129 2422 J
1133 2363 1409 2440 osephum
1436 2360 1631 2437 vendi,
1657 2361 1950 2420 Christum
1977 2361 2254 2439 crucifigi,
2283 2362 2474 2422 voluit
2499 2362 2674 2423 etiam

268 2466 339 2504 eo
390 2445 535 2523 ips0,
582 2452 649 2505 ut
695 2443 901 2503 fratres
942 2443 987 2504 J
990 2444 1269 2521 osephum
1311 2441 1649 2518 venderent,
1705 2450 1766 2501 et
1819 2449 1888 2501 ut
1929 2441 1974 2502 J
1975 2440 2130 2502 udaei
2175 2442 2469 2503 Christum
2513 2444 2672 2503 cruci

271 2525 367 2584 affi
412 2534 591 2584 erent.

354 2546 615 2666 XXIII.
660 2604 772 2680 Qui
811 2603 1059 2683 impellit
1098 2603 1173 2663 ad
1212 2602 1428 2663 malum
1468 2602 1750 2679 homines,
1780 2603 2112 2663 voluntates
2152 2602 2336 2664 bonas
2373 2602 2675 2664 efficiendo

271 2687 469 2762 malas,
501 2687 599 2746 vel
624 2686 839 2744 invitas
866 2695 925 2746 et
952 2685 1215 2744 nolentes
1240 2683 1539 2759 trahendo,
1563 2684 1663 2744 vel
1687 2685 1980 2744 moraliter
1999 2683 2074 2742 ad
2089 2684 2304 2744 malum
2326 2705 2442 2762 qua
2457 2686 2675 2744 malum

270 2766 565 2826 incitando
592 2785 695 2844 per
720 2773 1071 2842 praeceptum
1117 2773 1219 2823 aut
1246 2763 1589 2839 suasionem,
1619 2773 1712 2824 est
1735 2783 1912 2824 causa
1934 2765 2191 2841 peccati3
2231 2763 2349 2824 Sed
2379 2765 2540 2824 Deus
2566 2766 2673 2823 im-

273 2847 487 2923 pellere
516 2846 725 2905 dicitur
751 2846 1083 2904 voluntates
1108 2844 1171 2902 in
1198 2863 1261 2902 se
1288 2844 1487 2917 malas,
1518 2852 1579 2903 et
1618 2852 1824 2920 sponte
1865 2843 1942 2903 ad
1979 2845 2134 2902 mala
2171 2853 2421 2920 ruentes,
2452 2865 2560 2904 nec
2601 2846 2678 2904 ad

272 2927 427 2985 mala
452 2947 568 3003 qua
594 2925 763 3000 mala,
796 2924 900 2984 sed
927 2945 1043 3002 qua
1068 2923 1297 2984 occulta
1324 2932 1461 2983 sunt
1488 2943 1594 2982 sua
1634 2924 1897 3002 judicia3
1939 2932 2006 2984 ut
2045 2923 2140 2982 hic
2181 2943 2299 2982 non
2339 2925 2678 3003 simpliciter

274 3015 339 3065 ut
368 3007 651 3064 Dominus
680 3005 1027 3083 spectandus
1055 3005 1147 3080 sit,
1178 3004 1280 3081 qui
1304 3003 1487 3064 libere
1514 3014 1834 3063 creaturam
1860 3003 1978 3062 labi
2004 3004 2302 3082 permittit,
2334 3005 2436 3063 sed
2463 3013 2531 3064 ut
2547 3007 2675 3084 jus-

274 3086 531 3145 tissimus
558 3085 601 3145 J
604 3084 777 3160 udex,
808 3085 909 3161 qui
934 3093 1173 3162 peccata
1196 3083 1451 3162 peccatis
1476 3085 1660 3162 punit,
1691 3085 1906 3161 quique
1934 3083 2066 3142 ideo
2091 3104 2211 3144 non
2235 3093 2428 3162 potest
2455 3087 2680 3145 censeri

275 3165 497 3242 peccati
539 3165 761 3238 author,
809 3164 913 3222 sed
958 3172 1183 3224 tantum
1210 3184 1397 3241 poenae
1437 3163 1884 3223 administrator.
1965 3164 2240 3241 Impulsio
2279 3185 2420 3240 ergo
2449 3165 2564 3225 alia
2589 3175 2681 3226 est

268 3246 509 3321 proprie
534 3246 615 3302 ita
643 3245 810 3319 dicta,
842 3254 895 3302 et
919 3243 1233 3318 coactionis,
1264 3262 1381 3320 qua
1406 3242 1499 3301 vis
1526 3242 1771 3302 infertur
1794 3242 1978 3302 libero
2007 3245 2272 3320 arbitrio;
2304 3245 2446 3304 Alia
2465 3247 2677 3324 impro-

268 3326 411 3402 pria
437 3333 491 3384 et
513 3325 813 3382 secundum
838 3324 992 3400 quid,
1023 3341 1152 3400 quae
1179 3342 1311 3381 cum
1352 3322 1619 3380 libertate
1661 3323 1968 3400 conspirat,
2000 3331 2060 3382 ει
2099 3325 2499 3384 necessitatem
2541 3346 2678 3384 con.

278 3404 589 3482 sequentiae
614 3412 841 3463 tantum
865 3403 1053 3478 infert,
1080 3421 1183 3461 seu
1210 3401 1681 3474 conditionatam,
1710 3421 1829 3459 non
1848 3421 1990 3460 vero
2017 3402 2358 3478 absolutam,
2389 3413 2448 3464 et
2475 3425 2676 3464 conse-

278 3484 523 3562 quentis,
606 3483 721 3541 Illa
761 3492 851 3542 est
898 3483 1124 3556 vitiosa,
1170 3490 1229 3541 et
1268 3501 1429 3540 reum
1469 3481 1694 3559 peccati
1733 3480 1887 3556 facit,
1930 3481 2032 3558 qui
2073 3501 2142 3541 ea
2167 3483 2386 3559 utitur3
2421 3483 2538 3543 Sed
2563 3505 2680 3544 non

280 3565 403 3639 ista,
436 3584 609 3640 quam
636 3562 874 3622 adhibet
902 3563 1064 3621 Deus
1090 3581 1231 3640 erga
1257 3560 1483 3638 impios.

358 3644 607 3704 XXIV.
652 3643 908 3702 Axioma
934 3642 1255 3720 vulgatum,
1286 3640 1444 3718 quod
1470 3640 1632 3699 Actio
1661 3648 1717 3698 et
1748 3641 1968 3716 effectus
1995 3649 2076 3701 est
2091 3641 2282 3717 potius
2308 3661 2493 3700 camae
2511 3645 2678 3720 prin·

282 3727 493 3801 cipalis,
512 3745 683 3802 quam
700 3723 1152 3797 instrumentalis,
1177 3720 1333 3781 unde
1350 3719 1583 3779 videtur
1598 3718 1798 3795 colligi
1817 3721 2008 3780 Deum
2027 3741 2156 3781 esse
2181 3721 2404 3798 peccati
2425 3741 2676 3801 causam,

282 3806 415 3883 quia
442 3805 623 3864 utitur
652 3802 901 3862 Diabolo
948 3812 1009 3862 et
1034 3802 1227 3879 impiis
1255 3811 1530 3877 tanquam
1557 3800 1956 3860 instrumentis
1982 3800 2058 3860 ad
2084 3819 2231 3879 opus
2271 3821 2457 3878 suum,
2487 3804 2682 3862 varias

281 3885 495 3963 patitur
538 3883 929 3942 limitationes.
1016 3887 1070 3943 1.
1100 3883 1279 3941 Valet
1316 3880 1379 3939 in
1418 3881 1603 3939 canath
1640 3881 2004 3956 homo-qenais,
2036 3901 2216 3958 quum
2255 3891 2516 3960 utraque,
2561 3894 2680 3943 tam

280 3965 612 4043 principalis
658 3983 830 4041 quam
876 3961 1346 4037 instrumentalis,
1394 3968 1530 4021 sunt
1570 3960 1670 4020 vel
1723 3960 2006 4037 positivae,
2056 3961 2154 4020 vel
2205 3961 2526 4040 privativae,
2585 3965 2684 4024 vel

281 4045 553 4123 physicae,
584 4045 681 4103 vel
707 4043 992 4118 morales3
1028 4044 1111 4104 Ut
1140 4042 1399 4102 Verbum
1442 4039 1573 4116 Dei,
1604 4049 1672 4100 ut
1709 4040 2154 4102 instrumentum
2193 4061 2302 4101 nos
2343 4044 2680 4120 sanctificat,

288 4125 442 4202 Ergo
468 4125 652 4184 multo
679 4123 868 4201 magis
900 4123 1147 4200 Spiritus
1174 4123 1421 4181 Sanetus
1464 4141 1567 4198 per
1583 4121 1880 4196 Verbum;
1927 4121 2438 4200 Pseudopropheta
2459 4123 2684 4184 seducit

289 4205 608 4279 Achabum,
634 4204 793 4280 Ergo
821 4203 1005 4263 multo
1032 4203 1219 4280 magis
1249 4202 1549 4275 Diabolus,
1581 4201 1684 4278 qui
1712 4220 1815 4278 per
1841 4201 2031 4278 ipsum
2059 4202 2215 4278 agit;
2245 4202 2384 4280 quia
2409 4203 2472 4261 in
2496 4205 2684 4281 primo

286 4293 523 4362 utraque
550 4303 725 4343 causa
749 4283 1003 4362 positiva
1028 4290 1134 4358 est,
1178 4283 1241 4340 in
1280 4282 1461 4341 altero
1500 4289 1746 4357 utraque
1785 4290 1877 4340 est
1915 4281 2221 4358 privativa.
2309 4282 2426 4342 Sed
2465 4303 2582 4343 non
2623 4285 2685 4342 in

286 4363 666 4441 heteroqeneis,
697 4363 931 4441 quando
958 4363 1157 4438 altera,
1186 4379 1393 4438 nempe
1421 4360 1772 4438 principalis,
1803 4369 1894 4420 est
1917 4362 2172 4439 positiva
2211 4370 2270 4422 et
2308 4363 2566 4440 physica,
2597 4363 2684 4422 al·

286 4455 421 4518 tera,
453 4443 675 4503 scilicet
699 4442 1173 4517 instrumentalis,
1204 4450 1295 4500 est
1319 4442 1610 4518 privativa
1636 4448 1696 4499 et
1721 4441 1982 4517 moralis3
2012 4442 2110 4501 vel
2137 4443 2369 4520 quando
2387 4443 2568 4502 altera
2595 4453 2686 4502 est

285 4523 397 4602 legi
446 4524 694 4599 subdita,
745 4524 927 4583 altera
972 4541 1112 4584 vero
1151 4520 1479 4596 ἄνυπώοωος,
1525 4529 1587 4581 ει
1626 4541 1801 4599 supra
1838 4521 2046 4600 legem,
2093 4523 2191 4582 vel
2229 4523 2380 4599 legis
2415 4523 2682 4600 incapax.

290 4604 455 4664 Unde
482 4623 600 4664 non
620 4603 794 4681 valet,
809 4602 1059 4662 Gladius
1084 4602 1355 4662 occidens
1380 4601 1672 4662 hominem
1705 4612 1768 4660 ιιι
1783 4602 2242 4678 instrumentum,
2266 4621 2383 4661 non
2405 4611 2494 4660 est
2511 4622 2685 4666 causa
