3300 5225
592 305 708 364 608
1497 322 1682 363 Locus
1711 321 1990 362 naeuius.
2625 300 2912 384 [Quaesr.
2947 325 3025 364 rr.

588 483 763 542 quam
792 483 989 524 eorum
1018 465 1119 543 qui
1146 463 1331 543 pre-tio
1359 465 1537 542 empti
1584 472 1645 524 et
1686 462 1841 522 bello
1879 463 2033 540 capti
2059 471 2238 538 erant,
2269 482 2448 539 quum
2476 480 2586 522 nos
2611 465 2882 524 venditos
2913 485 3030 525 ase

585 546 686 602 sub
702 554 1017 621 peccatum,
1038 553 1098 604 et
1117 565 1153 603 a
1173 544 1537 622 corruptione
1554 552 1613 604 et
1633 542 1882 602 Diabolo
1901 541 1960 601 iu
1978 541 2373 620 captivitatem
2401 551 2562 602 actos
2579 544 2816 622 asserit,
2841 545 3028 605 Rom.

586 623 686 683 vii.
723 626 835 700 143
881 629 917 682 2
949 625 1074 684 Pet.
1106 625 1165 682 ii.
1200 627 1271 683 19
1298 646 1313 700 ;
1348 626 1379 682 1
1411 624 1559 682 Tim.
1588 623 1670 682 iii.
1702 627 1734 682 7
1763 646 1778 700 ;
1810 623 1964 682 Heb.
1995 623 2055 681 ii.
2089 625 2181 699 14,
2219 625 2311 680 15.

671 703 755 762 X.
802 704 1044 763 Frustra
1069 704 1166 763 hic
1212 704 1524 782 reponitur,
1559 707 1612 763 1.
1667 703 2017 763 Servitutem
2059 702 2282 780 peccati
2323 722 2444 761 non
2490 703 2704 780 opponi
2745 703 3031 764 libertati

588 783 907 860 peccatoris
930 806 944 860 ;
989 784 1127 861 quia
1152 804 1271 842 non
1296 785 1637 859 necessariO,
1669 784 1774 842 sed
1817 783 1997 842 libere
2025 783 2222 842 servit.
2270 783 2350 840 R.
2397 783 2546 841 Nam
2584 783 2724 842 licet
2751 805 2884 843 non
2917 805 3031 862 op-

590 871 839 940 ponatur
863 864 1120 923 libertati
1147 872 1384 940 naturae,
1414 884 1519 942 per
1546 860 1741 942 quam⁴
1762 862 1954 922 differt
1979 883 2016 922 a
2055 863 2240 922 brutis
2269 863 2678 940 animantibus,
2711 865 2858 940 quia
2891 867 3031 942 agit

589 961 817 1020 semper
857 951 1061 1021 sponte
1089 945 1247 1022 quod
1272 944 1383 1022 ipsi
1425 943 1782 1019 adlubescit;
1827 943 2135 1020 opponitur
2173 952 2367 1002 tamen
2395 943 2648 1002 libertati
2675 964 2712 1002 a
2737 956 3022 1022 peccate,

589 1020 663 1081 de
685 1041 801 1098 qua
828 1024 1206 1101 disputamus,
1238 1025 1375 1102 quia
1400 1025 1483 1083 ita
1510 1024 1856 1084 constrictus
1883 1031 2110 1082 tenetur
2137 1043 2172 1081 a
2198 1023 2564 1082 vincentibus
2605 1032 2665 1083 et
2692 1024 3022 1084 vincienti-

588 1101 702 1161 bus
728 1104 1157 1181 cupiditatibus,
1178 1114 1246 1164 ut
1271 1106 1408 1164 licet
1433 1104 1742 1179 liberrime,
1772 1103 2096 1162 necessario
2123 1111 2318 1161 tamen
2344 1111 2560 1180 peccet,
2581 1112 2640 1162 et
2666 1123 2788 1162 non
2815 1107 3024 1182 possit

589 1202 707 1240 non
732 1203 990 1261 peccare.
1036 1190 1090 1243 2.
1140 1184 1375 1244 Fideles
1420 1203 1620 1244 servos
1660 1182 1904 1261 justitiae
1952 1183 2084 1258 dici,
2115 1183 2217 1260 qui
2263 1203 2381 1242 non
2423 1191 2560 1242 sunt
2585 1192 2780 1242 tamen
2809 1187 3020 1244 omnis

586 1263 809 1340 peccati
837 1273 1139 1342 expertes;
1183 1266 1278 1324 Ita
1304 1265 1565 1323 homines
1593 1284 1763 1342 posse
1792 1283 1992 1322 servos
2037 1263 2262 1340 peccati
2308 1283 2453 1338 esse,
2497 1263 2636 1322 lieet
2677 1265 2880 1342 aliqua
2935 1266 3018 1324 ad

586 1341 805 1403 bonum
833 1344 894 1402 in
920 1344 1039 1403 illis
1066 1345 1315 1422 supersit
1340 1345 1595 1404 libertae.
1628 1344 1701 1403 R.
1735 1344 1983 1402 Diversa
2009 1343 2222 1420 quippe
2249 1351 2340 1402 est
2367 1343 2664 1420 utriusque
2694 1345 3011 1404 servitutis

584 1424 750 1482 ratic.
834 1425 986 1484 Nam
1014 1426 1263 1484 servitus
1281 1425 1525 1504 justitiae
1553 1445 1684 1502 quae
1711 1443 1851 1483 vera
1877 1431 1967 1482 est
1990 1423 2244 1498 libertas,
2274 1443 2391 1482 non
2409 1431 2498 1482 est
2513 1423 2764 1500 perfecta
2791 1424 2855 1481 in
2885 1426 3010 1485 hoc

585 1505 798 1579 seculo,
828 1513 1061 1582 propter
1086 1506 1359 1584 reliquias
1385 1505 1609 1582 peccati
1634 1504 1804 1563 nobis
1831 1503 2206 1578 adhaerentes,
2237 1522 2272 1560 a
2298 1503 2508 1580 quibus
2535 1523 2653 1561 non
2677 1503 3008 1564 liberamur

586 1592 720 1643 ante
748 1593 990 1644 mortem
1016 1607 1029 1644 :
1076 1585 1193 1644 Sed
1222 1585 1722 1661 servitus'peceati
1748 1584 1920 1661 plena
1941 1592 2031 1642 est
2073 1592 2132 1642 et
2173 1584 2415 1660 integra,
2459 1592 2526 1642 ut
2552 1583 2724 1642 homo
2751 1595 3004 1661 peccato

585 1662 839 1740 perfecte
868 1663 1084 1723 serviat
1110 1673 1169 1723 et
1196 1666 1257 1722 in
1284 1685 1352 1724 eo
1380 1673 1538 1724 totus
1579 1665 1674 1723 sit.
1760 1663 1934 1722 Adde
1963 1663 2121 1741 quod
2147 1683 2325 1740 quum
2355 1663 2574 1722 Paulus
2603 1664 2684 1722 ita
2711 1663 2997 1740 loquitur,

588 1741 757 1800 Rom.
788 1743 886 1818 vi„
918 1763 1034 1801 non
1084 1752 1202 1802 tam
1249 1745 1432 1803 vitam
1480 1745 1666 1822 ipsam
1713 1743 1989 1819 fidelium,
2014 1763 2186 1821 quam
2232 1763 2428 1802 eorum
2457 1743 2706 1802 officium
2733 1746 2997 1822 respicit,

582 1821 743 1880 nimi.
772 1829 840 1880 ut
864 1821 1092 1882 liberati
1122 1843 1157 1880 a
1182 1834 1419 1901 peccato
1464 1824 1526 1881 in
1568 1831 1758 1883 totum
1803 1843 1864 1882 se
1896 1825 2022 1882 Deo
2066 1823 2414 1901 mancipent,
2464 1843 2534 1882 ac
2577 1844 2649 1883 ne
2691 1824 3001 1884 levissime

583 1901 819 1977 quidem
862 1910 1100 1979 peccato
1144 1903 1502 1982 indulgeant,
1549 1923 1668 1963 non
1707 1923 1875 1963 secus
1919 1923 1987 1962 ac
2034 1913 2170 1963 ante
2213 1911 2450 1980 peccato
2494 1924 2730 1980 prorsus
2771 1904 3003 1964 addicti

581 1989 762 2056 erant,
793 2000 902 2040 nec
930 1982 1003 2041 de
1032 1983 1159 2042 Deo
1186 2004 1261 2044 ne
1285 2005 1391 2063 per
1407 1984 1694 2044 somnium
1712 1984 1945 2061 quidem
1967 1983 2322 2061 cogitabant,
2363 1987 2418 2043 3.
2454 1983 2802 2044 Servitutem
2831 1984 3002 2043 illam

582 2061 860 2140 impedire
888 2082 963 2122 ne
1009 2063 1182 2123 homo
1224 2066 1410 2143 possit
1454 2064 1575 2125 suis
1618 2064 1842 2123 viribus
1861 2064 2072 2141 jugum
2100 2063 2322 2141 peccati
2368 2072 2680 2124 excutere:
2727 2065 2846 2124 Sed
2873 2085 3000 2127 non

583 2142 831 2219 obstare,
862 2144 1171 2220 quominus
1217 2146 1402 2223 possit
1427 2166 1531 2223 per
1570 2143 1816 2203 liberum
1861 2143 2160 2202 arbitrium
2209 2143 2520 2221 adjuvante
2549 2145 2736 2221 gratia
2761 2145 3003 2204 liberari

580 2241 617 2279 a
642 2230 898 2298 peccato.
930 2223 1003 2282 R.
1037 2224 1155 2284 Sed
1179 2225 1472 2285 hominem
1498 2244 1668 2304 posse
1695 2223 1928 2282 liberari
1954 2243 2057 2300 per
2082 2224 2327 2283 liberum
2349 2224 2647 2283 arbitrium
2675 2224 2999 2302 adjuvante

586 2301 713 2362 Deo
754 2303 1025 2380 ambigue
1070 2304 1313 2383 dicitur3
1356 2326 1507 2382 nam,
1537 2305 1636 2364 vel
1664 2304 2008 2382 intelligitur
2035 2303 2107 2362 de
2137 2305 2457 2363 liberatione
2472 2306 2724 2381 passiva,
2755 2315 2821 2363 ut
2847 2305 2998 2364 libe-

584 2401 711 2440 rum
740 2383 930 2460 ipsum
957 2383 1258 2444 arbitrium
1286 2407 1322 2444 a
1349 2387 1537 2462 gratia
1561 2385 1855 2460 liberetur,
1886 2383 2042 2462 quod
2084 2384 2490 2460 concedimus;
2534 2385 2632 2442 vel
2672 2385 2746 2443 de
2786 2386 2997 2462 activa,

579 2481 685 2539 per
712 2481 886 2539 quam
912 2463 1159 2523 liberum
1186 2465 1488 2524 arbitrium
1530 2465 1643 2524 Dei
1691 2464 1894 2542 gratiae
1935 2463 2238 2542 adjuvanti
2278 2483 2404 2522 sese
2447 2465 2712 2542 applicet,
2763 2475 2823 2524 et
2871 2466 2998 2524 suis

581 2541 823 2619 viribus,
853 2543 991 2602 licet
1018 2563 1135 2604 non
1164 2546 1320 2623 solis,
1352 2565 1484 2605 cum
1512 2565 1581 2604 ea
1608 2565 1714 2604 coo
1755 2552 1962 2619 eretur,
1993 2542 2151 2622 quod
2177 2563 2475 2621 negamus.

1191 2627 1310 2687 XI.
1358 2625 1643 2701 Secundo,
1691 2565 1839 2700 &uia
1865 2625 2038 2684 homo
2066 2624 2126 2684 in
2145 2625 2392 2702 peccatis
2431 2633 2684 2684 mortuus
2711 2634 2804 2699 cst,
2837 2625 2993 2703 pr.

1112 2707 1172 2767 ii.
1207 2710 1259 2785 1,
1288 2727 1405 2766 non
1432 2714 1658 2766 tantum
1685 2714 1920 2783 propter
1945 2704 2298 2779 afflictiones,
2338 2725 2468 2783 quae
2509 2713 2723 2764 mortes
2749 2705 2996 2764 totidem

1114 2787 1175 2847 in
1200 2788 1495 2865 Scriptura
1522 2786 1900 2863 appellantur,
1933 2790 1968 2843 2
2002 2785 2132 2845 Cor.
2162 2785 2243 2844 xi.
2273 2788 2368 2859 23,
2413 2805 2531 2843 non
2558 2784 2730 2843 modo
2758 2795 2997 2863 propter

582 2865 993 2928 mortalitatem
1020 2868 1291 2946 corporis,
1321 2865 1479 2945 quod
1506 2875 1740 2944 propter
1765 2873 2066 2943 peccatum
2093 2874 2379 2925 mortuum
2410 2864 2634 2941 dicitur,
2669 2865 2838 2923 Rom.
2867 2866 2992 2923 viii.

588 2947 680 3022 10,
712 2956 813 3006 aut
859 2957 1095 3025 propter
1138 2955 1365 3006 aeternae
1408 2946 1610 3004 mortis
1656 2954 1898 3021 reatum,
1927 2966 2045 3023 quo
2091 2964 2262 3005 sensu
2310 2944 2638 3003 incredulos
2665 2944 2726 3002 in
2755 2954 2995 3022 peccato

522 3027 535 3036 '
582 3025 893 3103 morituros
944 3026 1229 3084 Dominus
1268 3025 1629 3101 pronunciat,
1677 3024 1723 3084 J
1725 3025 1895 3083 ohan.
1945 3026 2067 3084 viii.
2118 3028 2190 3083 21
2243 3033 2302 3083 et
2349 3024 2444 3099 24,
2495 3024 2601 3083 sed
2625 3024 2994 3101 potissimum

582 3113 817 3181 propter
864 3104 1302 3163 dissolutionem
1344 3103 1576 3162 unionis
1620 3123 1752 3163 cum
1805 3102 1948 3179 Dee,
1979 3098 2037 3163 et
2077 3104 2459 3182 privationem
2489 3103 2830 3179 sanctitatis,
2860 3124 2994 3182 quae

583 3202 721 3241 vere
750 3190 839 3241 est
865 3181 1003 3257 vita,
1034 3191 1101 3242 ut
1128 3202 1257 3260 quse
1284 3182 1506 3241 vivitur
1545 3183 1605 3240 in
1647 3191 1886 3261 peccato
1927 3184 2066 3259 vita,
2097 3184 2220 3242 vita
2245 3203 2361 3241 non
2389 3194 2496 3260 est,
2528 3191 2587 3243 et
2613 3185 2828 3242 mortui
2855 3194 2996 3244 sunt

582 3269 868 3339 quotquot
885 3262 947 3320 in
964 3262 1187 3322 deliciis
1204 3262 1406 3321 mundi
1422 3262 1649 3339 vivunt,
1676 3266 1705 3321 1
1728 3263 1939 3322 Timet.
1962 3284 2020 3321 v.
2053 3266 2108 3323 6.
2167 3262 2367 3337 Qualis
2388 3283 2529 3341 ergo
2559 3272 2648 3321 est
2673 3263 2734 3321 in
2763 3273 2993 3323 mortuo

582 3342 661 3399 ad
686 3341 868 3401 vitam
896 3362 973 3401 ex
1002 3362 1065 3403 se
1112 3342 1563 3421 recuperandam
1590 3344 1949 3422 impotentia,
1979 3344 2182 3402 eadem
2210 3341 2457 3401 dicenda
2483 3350 2572 3403 est
2603 3343 2662 3400 in
2689 3352 2994 3421 peccatore

578 3420 657 3481 ad
684 3421 898 3482 bonum
928 3442 1029 3483 seu
1057 3423 1238 3482 vitam
1268 3424 1625 3501 spiritualem
1655 3423 2044 3483 obtinendam.

661 3502 816 3563 XII.
862 3502 947 3563 Ut
988 3504 1091 3563 teli
1132 3504 1303 3563 istius
1344 3505 1504 3581 quod
1547 3504 1806 3581 graviter
1839 3523 1940 3563 eos
1978 3502 2189 3580 premit
2231 3502 2524 3579 cuspidem
2555 3501 2906 3562 frustrentur
2931 3512 2992 3562 et

579 3581 897 3659 declinent3
928 3583 1111 3642 Varia
1136 3584 1233 3643 hic
1258 3584 1558 3663 excipiunt
1585 3582 1945 3642 Adversarii.
2019 3582 2230 3657 Prim0,
2251 3582 2686 3641 similitudinem
2713 3600 2832 3640 non
2859 3602 2990 3642 esse

576 3661 915 3740 urgendam,
947 3683 1016 3723 eo
1057 3664 1216 3741 quod
1242 3664 1404 3723 varia
1444 3664 1561 3723 sint
1601 3662 1935 3722 discrimina
1950 3662 2132 3729 ⁴‚inter
2171 3670 2461 3721 mortuum
2506 3671 2564 3722 et
2605 3670 2989 3739 peccatorem.

578 3740 652 3801 R.
700 3742 816 3802 Sed
842 3750 909 3803 ut
934 3763 1052 3802 non
1078 3764 1361 3821 negamus
1402 3743 1587 3804 simile
1627 3742 1788 3802 istud
1827 3742 1888 3801 in
1914 3741 2093 3801 variis
2118 3761 2246 3800 esse
2274 3741 2589 3803 dissimile:
2633 3742 2729 3801 Ita
2770 3742 2834 3800 in
2857 3734 2992 3801 'hoc

576 3822 733 3898 quod
776 3822 1065 3901 praecipue
1108 3824 1204 3884 hic
1244 3832 1415 3902 urget
1460 3822 1710 3900 Spiritus
1763 3822 2011 3881 Sanctus
2053 3819 2268 3898 optime
2304 3822 2568 3899 quadrat,
2607 3822 2882 3881 nimirum
2923 3830 2994 3882 ut

575 3910 837 3960 mortuus
856 3903 981 3963 vita
1007 3913 1245 3978 naturae,
1270 3912 1443 3981 atque
1462 3902 1609 3962 adeo
1630 3902 1788 3960 omni
1809 3920 1984 3961 sensu
2005 3910 2064 3961 et
2082 3909 2242 3960 motu
2263 3902 2543 3978 privatur.
2604 3901 2698 3960 Ita
2717 3910 2992 3979 peccator

576 3979 703 4037 vita
744 3982 947 4056 gratiae
990 3983 1338 4059 destituitur,
1383 3990 1444 4043 et
1484 4001 1713 4042 omnem
1755 4000 1987 4041 sensum
2015 3990 2074 4041 et
2099 3988 2320 4040 motum
2351 3982 2706 4059 spiritualem
2736 3982 2984 4057 amittit;

562 4064 643 4123 ut
668 4058 813 4116 nihil
841 4062 938 4120 vel
965 4062 1090 4121 veri
1117 4082 1483 4141 cognoscere,
1514 4061 1612 4121 vel
1650 4061 1791 4119 boni
1833 4068 2105 4137 praestare
2147 4061 2349 4138 possit,
2395 4060 2554 4119 haud
2595 4061 2785 4138 magis
2810 4079 2984 4141 quam

576 4144 837 4197 mortuus
880 4140 943 4197 in
969 4142 1152 4201 vitam
1193 4162 1255 4201 se
1295 4160 1586 4202 revocare.
1646 4145 1702 4199 2.
1735 4141 1984 4200 Mortem
2027 4142 2196 4202 istam
2243 4160 2360 4200 non
2403 4141 2652 4218 obstare,
2676 4141 2984 4219 quominus

574 4214 680 4273 reli
722 4216 834 4276 uiae
859 4218 1009 4279 lucis
1036 4222 1351 4297 spiritualis
1390 4221 1453 4279 in
1493 4220 1727 4279 homine
1769 4230 2070 4299 peccatore
2099 4222 2389 4299 supersint
2415 4221 2492 4279 ad
2522 4222 2712 4281 Deum
2740 4240 2983 4299 cognos-

576 4314 683 4355 cen
724 4316 839 4373 um,
881 4307 940 4357 et
976 4307 1267 4377 utcunque
1296 4299 1619 4359 colendum.
1671 4300 1746 4359 R.
1789 4300 1907 4361 Sed
1937 4302 2085 4361 tales
2121 4300 2380 4378 reliquiae
2408 4301 2591 4361 vitam
2627 4302 2986 4379 spiritualem

574 4394 693 4435 non
721 4377 1059 4452 accendunt,
1090 4399 1198 4439 nec
1224 4388 1466 4439 mortem
1489 4380 1667 4440 animi
1692 4381 1920 4475 proprie
1948 4381 2162 4440 dictam
2182 4379 2523 4459 impediunt,
2555 4382 2694 4459 quia
2711 4401 2828 4440 non
2851 4389 2986 4441 sunt

576 4455 840 4533 ejusdem
866 4458 1085 4519 ordinis
1106 4467 1167 4520 et
1188 4460 1399 4538 speciei
1428 4480 1560 4520 cum
1580 4461 1705 4521 vita
1725 4460 2010 4539 spirituali
2035 4480 2210 4538 quam
2236 4461 2407 4521 nobis
2433 4462 2680 4539 largitur
2701 4461 2981 4535 Christus,

574 4543 636 4595 et
663 4536 866 4599 cadere
904 4548 1150 4619 possunt
1188 4540 1251 4598 in
1290 4540 1606 4616 induratos,
1650 4540 1769 4601 imo
1796 4550 1855 4600 et
1895 4540 1956 4599 in
1987 4541 2326 4600 Daemonem
2352 4542 2560 4619 ipsum,
2591 4540 2692 4617 qui
2717 4542 2986 4619 quamvis

576 4614 653 4673 sit
692 4618 876 4681 oculis
914 4620 1283 4699 acutissimis,
1326 4640 1443 4682 non
1487 4620 1703 4681 desinit
1756 4640 1884 4681 esse
1939 4628 2200 4681 mortuus
2243 4640 2350 4681 suo
2393 4640 2570 4681 sensu
2611 4620 2674 4679 in
2726 4629 2982 4699 peccato.

583 2685 628 2733 2.
650 2686 697 2732 A
730 2691 888 2759 morte
909 2690 1049 2761 spiri·

628 2746 769 2802 tuah,
788 2747 913 2807 Eph.
928 2762 981 2793 u.
1001 2747 1045 2793 1.
