3300 5225
559 382 678 439 394
1489 396 1675 440 Locus
1703 398 1977 449 Qumrus.
2606 375 2859 458 [Qum.
2892 396 2987 436 ιν.

555 540 716 617 pium
739 536 1058 632 durationis
1087 537 1378 617 accepisse
1397 537 1528 633 {ita
1551 546 1620 600 ut
1645 547 1781 600 ante
1828 538 1977 599 illud
2024 546 2396 615 momentum,
2438 536 2587 597 m‘hn
2628 536 2790 597 aliud
2838 556 2983 597 con-

556 627 807 758 ωΡΞξὲ
833 616 1011 757 ἓξὲξ
1033 627 1837 759 gleffisaeslgrilinutrigmundum
1866 697 2133 775 existere,
2165 716 2340 777 quam
2378 715 2499 758 non
2538 698 2806 774 existere,
2854 716 2983 755 non

554 786 752 838 tamen
777 778 986 837 melius
1013 778 1124 839 fuit
1147 779 1224 837 ab
1253 786 1468 838 aeterno
1497 778 1666 839 illum
1692 778 1961 855 existere,
1993 778 2131 857 quia
2176 779 2251 838 de
2295 798 2365 838 eo
2412 778 2571 856 quod
2616 777 2825 837 melius
2864 782 2979 854 est,

555 859 652 917 vel
679 858 865 936 pejus,
895 875 1014 917 non
1041 859 1541 918 determinandum
1569 868 1659 919 est
1688 878 1764 918 ex
1790 859 2031 918 rationis
2058 866 2271 919 nostroe
2315 858 2550 934 lumine,
2600 857 2705 917 sed
2748 876 2825 915 ex
2868 876 2979 915 vo·

553 938 777 997 luntate
809 938 922 998 Dei
947 938 1118 998 nobis
1144 939 1206 997 in
1232 940 1414 998 verbo
1442 940 1715 1016 revelata,
1757 940 1934 1016 juxta
1976 958 2153 1017 quam
2201 946 2429 999 constat
2470 956 2588 996 non
2632 937 2805 995 modo
2854 953 2981 995 non

555 1017 764 1077 melius
793 1036 937 1094 esse,
969 1018 1048 1078 id.
1079 1020 1536 1095 convenientiae,
1567 1018 1847 1079 mundum
1876 1038 2005 1079 esse
2033 1020 2107 1078 ab
2153 1026 2385 1094 aterno,
2418 1019 2555 1096 quia
2582 1017 2666 1077 sic
2710 1024 2981 1076 creatura

555 1107 883 1176 aequaretur
910 1098 1206 1176 Creatori;
1255 1098 1374 1159 Sed
1397 1118 1473 1160 ne
1500 1100 1737 1178 quidem
1776 1098 2056 1179 possibile
2098 1099 2277 1160 fuisse
2317 1106 2553 1178 propter
2590 1096 2977 1176 multiplicem

560 1178 648 1236 rei
673 1179 1136 1258 repugnantiam.

1487 1417 1879 1495 QUAESTIO
1922 1417 2033 1479 Iv.

681 1576 818 1645 Qua
843 1577 1003 1637 Anni
1027 1534 1346 1654 tempestote
1371 1580 1626 1639 Mundus
1654 1579 1907 1686 conditum
1932 1578 2048 1638 sit!
2086 1578 2182 1637 Aa
2219 1578 2379 1653 Ver-e,
2408 1576 2503 1635 An
2529 1575 2814 1671 Autumno
2834 1576 2865 1635 ,θ

639 1736 690 1795 I.
735 1735 902 1795 Licet
930 1735 1186 1811 Quaestio
1214 1736 1328 1796 ista
1361 1736 1550 1815 magis
1581 1738 2007 1819 Chronologica
2047 1737 2123 1798 sit
2162 1757 2337 1815 quam
2376 1736 2749 1812 Theologica,
2792 1742 2969 1812 atque

555 1814 702 1874 adeo
729 1815 882 1875 inter
930 1816 1382 1876 Problematicas
1419 1825 1573 1877 recte
1617 1818 1913 1895 referatur,
1957 1819 2095 1896 quia
2134 1826 2329 1877 tamen
2369 1834 2539 1876 suum
2578 1816 2754 1875 etiam
2794 1834 2967 1875 usum

557 1896 736 1954 habet
763 1896 825 1952 in
853 1896 1048 1970 sacris,
1079 1896 1174 1955 hic
1202 1915 1320 1955 non
1347 1905 1437 1957 est
1463 1898 1800 1958 omittenda.

642 1974 726 2035 11.
774 1973 846 2032 In
895 1975 1157 2035 confesso
1205 1977 1359 2055 apud
1403 1996 1602 2037 omnes
1656 1978 1851 2037 Solem
1892 1996 1927 2036 a
1970 1978 2097 2037 Deo
2138 1976 2317 2036 fuisse
2366 1982 2623 2035 creatum
2668 1974 2732 2033 in
2772 1974 2971 2053 aliqffi

556 2063 720 2133 parte
747 2053 870 2113 fixa
897 2064 956 2116 et
985 2064 1135 2116 stata
1165 2057 1417 2133 zodiaci,
1447 2058 1510 2117 id
1537 2065 1643 2134 est,
1675 2058 1773 2117 vel
1802 2058 1863 2116 in
1897 2078 2013 2118 uno
2044 2057 2568 2134 AEquinoctiorum,
2614 2074 2718 2114 seu
2746 2055 2967 2131 Verno,

557 2154 664 2194 seu
717 2134 1080 2212 Autumnali,
1139 2137 1234 2196 vel
1289 2138 1351 2197 in
1403 2156 1522 2197 uno
1575 2138 1983 2214 Solstitiorum,
2033 2154 2136 2197 seu
2180 2137 2482 2215 HybernO,
2542 2154 2645 2195 seu
2690 2134 2970 2196 AEstivo:

561 2214 842 2291 Quamvis
869 2216 1024 2275 enim
1051 2218 1112 2275 in
1141 2218 1374 2294 circu10,
1406 2226 1464 2277 et
1492 2218 1746 2277 motibus
1776 2217 2147 2277 Planetarum
2190 2216 2583 2291 circularibus,
2626 2216 2853 2274 nullum
2894 2215 2975 2274 sit

557 2295 788 2373 proprie
841 2294 1204 2375 principium,
1255 2311 1364 2358 nec
1411 2290 1586 2374 finis,
1612 2317 1721 2357 nec
1768 2298 2040 2373 medium,
2093 2310 2201 2356 nec
2248 2294 2564 2374 quidquam
2609 2300 2824 2355 statum
2866 2303 2973 2355 aut

559 2374 778 2452 fixum3
823 2384 1018 2436 tamen
1043 2377 1322 2437 relatione
1351 2378 1428 2437 ad
1457 2386 1644 2438 certas
1672 2386 1839 2437 terrae
1884 2386 2076 2455 partes
2120 2386 2180 2437 et
2229 2376 2466 2452 incolas,
2513 2376 2805 2454 praedictae
2854 2374 2969 2434 Zo-

559 2454 712 2514 diaci
739 2464 932 2533 partes
959 2466 1114 2517 recte
1141 2465 1415 2517 notantur
1430 2465 1497 2517 ut
1525 2466 1691 2517 states
1718 2466 1779 2517 et
1804 2458 1939 2517 fixus
1967 2457 2043 2517 ad
2068 2457 2263 2515 varios
2288 2474 2431 2515 usus
2457 2457 2519 2514 in
2546 2457 2669 2515 vita
2693 2455 2967 2515 humana.

644 2535 766 2595 ΙΙΙ.
812 2536 969 2595 Hinc
997 2537 1229 2614 factum,
1263 2547 1328 2597 ut
1357 2537 1602 2597 diversae
1630 2537 1843 2597 fuerint
1871 2538 1944 2597 de
1974 2537 2136 2596 Anni
2162 2542 2521 2614 tempestate,
2553 2556 2670 2615 qua
2708 2534 2971 2595 Mundus

561 2624 790 2674 creatus
819 2625 908 2676 est
937 2618 1256 2677 Doctorum
1285 2620 1621 2696 sententiae3
1668 2619 1823 2678 Aliis
1852 2618 1928 2678 ad
1959 2619 2284 2679 solstitium
2326 2618 2610 2692 aestivum,
2642 2615 2797 2675 Aliis
2825 2635 2970 2675 vero

561 2695 638 2753 ad
666 2695 1048 2772 AEquinoctia
1074 2697 1421 2757 creationem
1451 2698 1663 2758 Mundi
1689 2699 2088 2759 referentibus.
2147 2697 2263 2757 Pro
2296 2697 2558 2757 Solstitio
2586 2697 2789 2755 aestivo
2818 2715 2968 2773 pug-

559 2782 664 2834 nat
696 2776 1031 2836 Gherardus
1056 2779 1368 2855 Mercator,
1400 2787 1460 2838 et
1484 2779 1657 2856 pauci
1684 2795 1813 2838 cum
1842 2779 1969 2856 ipso
1994 2801 2010 2839 ι
2057 2777 2175 2838 Sed
2210 2786 2333 2837 tota
2376 2777 2537 2836 natio
2570 2775 2967 2852 chronologo-

559 2873 690 2913 rum
719 2862 837 2915 stat
862 2876 968 2935 pro
997 2857 1377 2936 Equinoctiis‚
1411 2857 1462 2918 si
1505 2879 1622 2917 non
1649 2877 1755 2936 pro
1796 2859 2044 2936 punctis,
2091 2858 2296 2917 saltem
2336 2877 2441 2936 pro
2484 2855 2923 2933 tempestatibus
2948 2878 2966 2932 ς

557 2934 728 2994 multi
755 2955 860 3013 pro
889 2936 1078 3011 Vere;
1123 2937 1227 2995 sed
1253 2938 1450 3014 plures
1477 2945 1536 2996 et
1573 2939 1827 3016 potiores
1868 2959 1973 3018 pro
2002 2939 2321 3013 Autumno,
2365 2944 2431 2997 ut
2470 2937 2743 3012 Scaltjqer,
2778 2935 2967 2995 Calvi-

557 3015 691 3090 sius,
732 3015 1004 3108 Ueserim,
1040 3017 1372 3094 Tor-niellus,
1403 3019 1684 3095 Petavius,
1717 3025 1775 3078 et
1802 3019 1919 3095 alii,
1949 3038 2097 3097 quos
2124 3037 2231 3077 nos
2260 3017 2570 3094 sequimur,
2600 3017 2693 3075 his
2733 3015 2967 3094 potissi-

559 3113 721 3152 mum
748 3114 876 3152 nun
903 3097 1277 3172 argumentis.

559 3205 797 3252 Mundum
823 3207 1032 3254 Autum—
1169 3172 1280 3236 IV.
1328 3180 1380 3236 1.
1432 3175 1581 3252 Quia
1621 3185 1789 3237 extra
1828 3177 2069 3238 dubium
2110 3176 2343 3236 videtur
2382 3174 2669 3235 Mundum
2712 3181 2968 3234 creatum

619 3279 685 3310 no
782 3267 1030 3313 eonditum
1086 3273 1213 3314 esse
1242 3273 1312 3314 eo
1341 3258 1475 3315 anni
1502 3265 1778 3335 tempore,
1810 3275 1926 3336 quo
1956 3257 2234 3316 Israelitis
2262 3275 2479 3316 annum
2517 3274 2683 3314 suum
2734 3255 2965 3313 civilem

619 3336 724 3370 ⁰⁸⁰⁰
753 3326 1002 3382 probatur.
1086 3335 1453 3414 incipiebant,
1483 3335 1623 3396 dnm
1652 3347 1845 3397 essent
1871 3338 1933 3396 in
1962 3338 2268 3415 AEgypt03
2312 3355 2439 3395 eam
2467 3335 2620 3395 enim
2656 3334 2963 3413 proculdu-

559 3414 660 3474 bio
685 3422 1008 3494 temporum
1035 3416 1316 3476 rationem
1345 3417 1528 3476 secuti
1556 3421 1707 3494 sunt,
1740 3437 1914 3494 quam
1956 3437 1991 3476 a
2034 3417 2304 3476 Patribus
2346 3417 2466 3476 suis
2506 3421 2862 3494 acceperant,
2907 3423 2967 3472 et

555 3495 618 3554 hi
647 3515 684 3554 a
711 3489 832 3556 suis
859 3496 1176 3576 majoribus
1209 3496 1397 3572 Seme,
1431 3498 1687 3574 Noacho‚
1709 3497 1953 3575 aliisque
1978 3496 2329 3556 Patriarchis
2357 3515 2542 3574 usque
2564 3495 2641 3554 ad
2669 3495 2963 3553 Adamum

555 3575 749 3638 edocti
777 3587 929 3638 sunt.
1013 3577 1102 3638 At
1127 3577 1147 3634 i
1189 3595 1285 3636 sos
1311 3577 1614 3637 inchoasse
1641 3595 1759 3635 non
1788 3597 1825 3636 a
1852 3577 2025 3653 Vere,
2066 3576 2171 3636 sed
2197 3577 2272 3635 ab
2301 3575 2601 3636 Autumno
2650 3574 2961 3652 colligitm,

555 3663 682 3716 tum
710 3674 786 3716 ex
816 3658 1006 3718 Exod.
1037 3597 1204 3718 nug.
1239 3659 1330 3732 16,
1361 3657 1463 3716 ubi
1490 3656 1702 3716 festum
1725 3657 2083 3718 collectionis
2112 3657 2368 3716 omnium
2410 3655 2641 3733 frugum
2682 3674 2759 3713 ex
2806 3653 2965 3730 agris

557 3736 771 3797 dicitur
797 3739 1074 3798 celebrari
1100 3758 1233 3797 nm
1262 3755 1399 3798 nasa·
1441 3738 1500 3796 in
1528 3738 1683 3796 exitu
1710 3738 1864 3812 anni,
1896 3744 1956 3796 et
1982 3757 2033 3796 c.
2062 3737 2271 3795 xxxiv.
2316 3739 2412 3811 22,
2455 3736 2559 3795 ubi
2598 3734 2809 3794 festum
2850 3733 2963 3791 Ta·

553 3815 994 3876 bemaculorum
1007 3826 1250 3877 vocatur
1267 3817 1618 3892 solemnitas,
1632 3835 1764 3894 quae
1782 3816 1955 3876 debet
1972 3816 2249 3876 celebrari
2279 3817 2523 3894 septimo
2550 3833 2747 3874 mense
2774 3833 2961 3890 new:

556 3912 689 3954 nm
718 3896 780 3953 in
817 3899 1157 3957 revolutione
1203 3897 1356 3972 anni,
1389 3915 1492 3956 seu
1539 3915 1693 3955 anno
1720 3904 1999 3971 vertente,
2030 3905 2097 3955 ut
2136 3896 2353 3954 mensis
2380 3895 2479 3954 ille
2517 3893 2687 3970 Tisi-i,
2731 3893 2833 3971 qui
2871 3913 2963 3953 re—

551 3975 801 4050 spondet
833 3975 1158 4054 Septembri
1182 3976 1279 4035 vel
1307 3975 1545 4036 Octobri
1570 3984 1787 4051 nostro,
1820 3977 2044 4036 dicatur
2071 3995 2285 4034 annum
2314 3975 2580 4034 claudere
2622 3979 2682 4034 et
2721 3973 2962 4050 aperire.

556 4053 680 4112 Nec
708 4053 902 4114 obstat
929 4056 1088 4133 quod
1114 4063 1355 4114 vocetur
1381 4056 1582 4114 mensis
1607 4055 1887 4132 septimus,
1924 4057 2061 4134 quia
2089 4063 2317 4114 constat
2356 4055 2467 4119 hoe
2510 4054 2627 4113 dici
2668 4053 2847 4112 relate
2888 4051 2968 4111 ad

549 4153 766 4192 annum
791 4154 1033 4212 sacrum,
1065 4153 1184 4192 non
1210 4135 1422 4193 civilem
1442 4156 1462 4192 .·
1507 4134 1657 4192 Nam
1685 4134 1973 4211 duplicem
2002 4135 2155 4214 apud
2182 4134 2227 4195 J
2229 4133 2428 4194 udaeos
2457 4142 2788 4212 computum
2826 4131 2967 4190 anni

549 4211 730 4272 fuisse
759 4221 996 4288 certum,
1029 4214 1207 4272 alium
1235 4214 1336 4290 qui
1363 4212 1537 4272 rebus
1566 4213 1854 4292 civilibus,
1888 4214 2065 4273 alium
2093 4215 2193 4292 qui
2220 4213 2396 4273 rebus
2426 4215 2605 4272 sacris
2644 4211 2963 4271 destinare·

551 4299 684 4368 tur;
730 4292 884 4352 Tisri
911 4294 1012 4371 qui
1038 4292 1260 4371 primus
1287 4291 1398 4352 fuit
1425 4293 1562 4351 anni
1589 4293 1781 4352 civilis
1808 4293 2041 4370 mensis,
2074 4293 2263 4354 factus
2291 4301 2381 4353 est
2408 4293 2642 4353 demum
2684 4292 2965 4369 septimus

548 4371 688 4429 anni
742 4372 907 4448 sacri,
967 4393 1042 4430 ex
1084 4392 1200 4450 quo
1245 4373 1405 4432 Deus
1445 4372 1508 4430 in
1549 4373 1883 4432 memoriam
1936 4373 2297 4432 liberationis
2341 4373 2732 4452 AEgyptiaeae,
2776 4371 2965 4430 voluit

547 4466 808 4511 mensem
835 4453 1040 4530 Nisam,
1073 4451 1175 4529 qui
1203 4459 1262 4510 et
1292 4451 1584 4512 Hebraico
1611 4453 1768 4528 Aba,
1801 4454 1901 4529 qui
1932 4452 2147 4512 Martio
2176 4461 2235 4514 et
2263 4452 2459 4531 Aprili
2486 4460 2685 4511 nostro
2725 4471 2963 4528 respon—

544 4531 662 4606 det,
695 4551 824 4592 esse
851 4531 1199 4610 principium
1225 4533 1507 4591 mensium
1551 4533 1688 4592 anni
1730 4533 1952 4593 scilicet
1994 4533 2159 4609 sacri,
2202 4540 2269 4593 ut
2311 4533 2609 4611 colligitur
2648 4551 2727 4591 ex
2768 4529 2964 4589 Exod.

547 4612 650 4670 xii.
681 4616 737 4688 2,
769 4611 887 4672 Hic
913 4613 1116 4672 men-9223
1142 4613 1254 4671 erit
1274 4613 1424 4672 vobis
1441 4613 1791 4689 principium
1834 4614 2119 4689 mensium,
2159 4611 2390 4691 primus
2433 4613 2543 4671 erit
2588 4612 2648 4670 in
2692 4611 2969 4670 mensibus

542 4693 699 4768 anni,
729 4692 888 4771 quod
916 4691 1360 4770 intelligendum
1401 4699 1626 4752 tantum
1666 4700 1933 4769 respectu
1974 4693 2111 4752 anni
2152 4692 2320 4769 sacri,
2362 4699 2423 4752 et
2464 4711 2662 4752 eorum
2704 4690 2965 4750 omnium
