3300 5225
369 360 598 413 omns-r.
629 342 834 425 xv111.]
1237 360 1316 401 ns
1344 360 1934 404 rmnnsrimrions.
2648 346 2765 404 375

367 502 606 562 Galat.
589 501 650 561 ιὶ.
679 504 796 561 21·
781 501 994 580 „Eph
1021 520 1079 561 v.
1123 504 1222 561 25.
1307 502 1426 563 Sed
1463 502 1654 579 posito
1681 502 1784 563 illo
1810 503 1995 581 primo
2022 500 2270 595 decr-etp,
2299 501 2427 562 fieri
2452 503 2658 580 potuit,
2701 511 2771 564 ut

367 582 629 641 Christus
657 589 811 642 esset
834 591 1111 658 mortuus,
1142 590 1202 641 et
1227 600 1396 641 nemo
1422 590 1620 641 tamen
1646 591 1988 659 servaretur,
2019 580 2071 640 si
2096 582 2367 640 nimirum
2394 582 2543 641 nulli
2570 583 2767 641 condi-

361 661 538 721 tionis
566 660 798 721 foederis
839 661 1228 755 observarent,
1273 670 1446 739 atque
1487 662 1570 721 ita
1613 661 1887 721 Servator
1926 668 2081 722 esset
2120 662 2244 721 sine
2276 662 2551 738 Servatis,
2584 662 2773 741 Caput

365 742 490 800 sine
519 741 818 817 Membris,
848 750 908 801 et
937 741 1069 801 Rex
1097 741 1222 801 sine
1247 741 1480 819 popule.
1565 744 1622 801 3.
1656 741 1919 802 Christus
1946 761 2022 801 ex
2064 741 2305 801 consilio
2335 741 2529 801 Patris
2554 742 2771 803 missus

363 830 456 880 est
481 819 558 879 ad
596 820 1003 897 acquirendam
1031 821 1200 881 nobis
1228 822 1488 896 salutem,
1519 828 1579 880 et
1615 821 1987 881 obtinendam
2016 830 2151 883 actu
2185 841 2291 899 pro
2330 821 2451 881 suis
2477 822 2768 881 remissio-

364 920 500 959 nem
539 908 921 977 peccatorum,
955 900 1205 978 Spiritus
1252 900 1451 960 Sancti
1491 901 1725 976 donum,
1772 911 1831 961 et
1872 901 2056 961 vitam
2098 909 2404 978 aeternam3
2449 901 2506 959 N
2507 920 2573 961 ec
2613 902 2771 960 enim

365 980 511 1039 alias
537 979 635 1039 vel
679 979 948 1039 Salvator
973 988 1170 1039 noster
1203 988 1402 1059 posset
1425 978 1558 1054 dici,
1587 980 1687 1039 vel
1734 980 1990 1058 Sponsor
2027 988 2147 1041 tam
2176 1001 2211 1039 a
2241 989 2404 1059 parte
2434 980 2563 1056 Dei,
2596 1000 2771 1057 quam

366 1060 682 1135 hominum,
700 1060 800 1119 vel
823 1061 1032 1119 author
1057 1068 1116 1119 et
1136 1060 1414 1137 Princeps
1442 1059 1663 1135 salutis,
1694 1060 1817 1120 dux
1843 1068 1904 1119 et
1930 1068 2356 1122 consummator
2374 1059 2511 1119 fidei
2537 1068 2767 1121 nostrae.

370 1139 488 1199 Sed
515 1160 592 1198 ex
627 1140 812 1218 primo
837 1139 951 1198 isto
979 1138 1210 1198 decreto
1237 1158 1355 1197 non
1395 1139 1582 1214 nobis,
1625 1139 1731 1199 sed
1758 1140 1921 1198 Patri
1948 1160 2053 1199 suo
2080 1140 2391 1218 acquisivit
2416 1139 2767 1217 possibilita-

369 1227 490 1278 tem
537 1218 662 1279 sive
699 1220 799 1297 jus
841 1218 1030 1279 denuo
1071 1218 1285 1295 agendi
1325 1237 1456 1277 cum
1483 1218 1715 1279 homine
1746 1227 2064 1296 peccatore,
2108 1228 2169 1279 et
2193 1238 2377 1279 novas
2413 1218 2775 1279 conditiones

365 1299 588 1374 salutis,
617 1297 816 1357 addita
839 1298 1042 1375 gratiss
1079 1307 1138 1356 et
1162 1298 1516 1358 remissionis
1556 1308 1921 1375 peccatorum
1957 1299 2353 1377 promissione,
2396 1299 2485 1357 illi
2509 1298 2769 1375 praescri-

365 1378 560 1438 bendi.
645 1378 726 1436 Et
767 1378 850 1437 ita
896 1384 1164 1438 censetur
1206 1376 1601 1454 acquisivisse,
1658 1397 1777 1436 non
1829 1386 1949 1439 tam
2003 1380 2266 1454 salutem,
2321 1398 2496 1456 quam
2531 1378 2771 1454 possibi-

366 1459 576 1516 litatem
600 1458 841 1530 saluti&
893 1454 1243 1516 removendo
1284 1456 1647 1517 obstaculum
1681 1457 1927 1534 justitiae
1967 1458 2123 1535 quod
2160 1458 2429 1520 obstabat
2464 1458 2777 1535 quominus

366 1537 529 1595 Deus
555 1535 856 1595 nobiscum
896 1555 1114 1595 novum
1140 1535 1331 1595 foedus
1368 1555 1621 1613 pangere
1662 1545 1875 1613 posset,
1905 1537 2063 1614 quod
2098 1536 2241 1615 quid
2279 1536 2441 1596 aliud
2479 1544 2570 1595 est
2596 1555 2773 1614 quam.

363 1633 640 1675 enervare
673 1615 889 1675 Christi
915 1634 1160 1691 crucem,
1192 1624 1251 1675 et
1277 1614 1544 1675 meritum
1573 1615 1703 1692 ejus
1729 1615 2209 1692 perfectissimum
2236 1615 2535 1675 exinanire
2553 1618 2583 1674 P

447 1696 602 1755 XII.
649 1696 722 1755 In
748 1696 1004 1755 Secundo
1045 1714 1162 1754 non
1201 1696 1389 1753 minor
1431 1703 1522 1755 est
1560 1715 1623 1753 re
1624 1696 1960 1773 pugnantia,
2006 1693 2145 1755 dum
2184 1696 2457 1755 statuitur
2482 1702 2671 1754 totum
2710 1702 2771 1757 et

428 1783 657 1853 tegrum
680 1773 1210 1835 Praedestinationis
1236 1774 1550 1851 decretum,
1579 1774 1738 1851 quod
1764 1794 1879 1852 neq
1878 1775 2071 1834 uidem
2099 1775 2177 1834 ad
2201 1774 2349 1834 illud
2374 1776 2641 1853 pertinet.
2714 1777 2773 1838 1..

370 1854 520 1929 Quia
545 1874 650 1931 per
677 1854 1247 1915 Praedestinationem
1277 1854 1440 1913 Deus
1465 1853 1741 1929 decrevit,
1772 1853 1915 1931 quid
1940 1854 2015 1913 de
2041 1855 2254 1915 nobis
2238 1874 2362 1947 ipse
2389 1855 2533 1913 velit
2560 1854 2766 1929 facere,

367 1954 486 1992 non
512 1952 652 1993 vero
679 1934 822 2011 quid
846 1953 954 1995 nos
981 1933 1168 1993 facere
1200 1934 1424 2011 jubeat.
1509 1932 1629 1993 Sed
1668 1934 1781 1993 hoc
1809 1934 2119 2011 decretum,
2164 1940 2281 2013 quo'
2322 1933 2623 1993 credentes
2650 1952 2769 1996 ser-

365 2032 524 2089 vare,
555 2020 615 2071 et
639 2013 968 2072 incredulos
994 2012 1266 2071 damnare
1295 2011 1512 2087 statuit,
1541 2012 1777 2089 respicit
1811 2021 2036 2073 tantum
2064 2014 2425 2073 vocationem
2454 2024 2771 2089 externam,

409 2114 502 2151 uae
527 2092 846 2170 proescribit
871 2092 1202 2151 hominibus
1229 2091 1496 2167 officium,
1539 2099 1600 2152 et
1639 2110 1709 2149 eo
1736 2100 1962 2151 tantum
1990 2093 2193 2169 tendit,
2221 2100 2288 2151 ιιι
2320 2093 2609 2169 eligantur
2635 2111 2771 2151 con·

364 2112 614 2232 ditiones
662 2179 722 2231 et
762 2172 1072 2249 qualitates
1115 2170 1540 2245 salvandorum,
1585 2189 1705 2229 non
1748 2190 1887 2229 vero
1915 2191 2211 2248 personne,
2258 2174 2451 2247 quales
2500 2170 2771 2231 salvandi

367 2252 928 2390 {saffiram
964 2250 1634 2389 ..fffflssgffiffi
1646 2250 2007 2389 3³:315&
2007 2249 2773 2406 ,Οἰῗὲἓοῖξέιῗᾶῖἑέἒΐάἒῗὲ

374 2410 685 2503 Christum,
717 2418 776 2469 et
801 2351 1013 2486 Εᾶιιιη
1075 2408 1193 2469 Sed
1219 2408 1512 2469 decretum
1552 2408 1711 2469 istud
1750 2408 2115 2469 indefinitum
2142 2418 2201 2468 et
2225 2428 2459 2486 vagum,
2490 2407 2648 2484 quod
2673 2428 2773 2469 ne·

369 2490 585 2548 minem
611 2489 948 2549 nominatim
974 2488 1225 2566 respicit,
1258 2497 1318 2549 et
1343 2488 1500 2565 quod
1517 2487 1695 2547 fidem
1718 2508 1837 2547 non
1864 2488 1982 2563 dat,
2014 2488 2117 2547 sed
2146 2488 2433 2566 supponit.
2478 2488 2552 2545 In
2584 2488 2774 2549 Tertio

369 2568 529 2647 quod
555 2577 820 2630 versatur
839 2569 992 2628 circa
1005 2567 1324 2630 mediorum
1352 2567 1855 2646 dispensationem,
1884 2577 2093 2646 praeter
2111 2568 2235 2646 jam
2257 2566 2488 2644 diota,h
2490 2586 2573 2626 aec
2601 2567 2775 2628 etiam

367 2658 639 2708 notamus
665 2650 974 2730 minusca,
1004 2656 1129 2708 tum
1157 2667 1290 2726 resp
1291 2656 1422 2706 ectu
1449 2648 1671 2724 objecti,
1688 2657 1813 2708 tum
1842 2658 2107 2726 respectu
2132 2649 2303 2708 modi.
2378 2650 2430 2705 1.
2462 2647 2632 2722 Quod
2656 2667 2773 2707 me-

374 2729 474 2788 dia
499 2729 576 2788 ad
601 2728 776 2788 fidem
804 2737 863 2790 et
889 2729 1134 2788 salutem
1163 2727 1430 2786 omnibus
1457 2736 1517 2786 et
1559 2727 1805 2804 singulis
1833 2727 2180 2787 sufficienter
2220 2736 2279 2787 et
2320 2726 2626 2787 efficaciter
2658 2736 2773 2786 sta·

369 2817 608 2868 tuantur
650 2809 1054 2884 administrari,
1085 2816 1152 2867 ut
1198 2827 1370 2867 nemo
1413 2806 1734 2881 damnetur,
1776 2807 1893 2866 nisi
1932 2807 2033 2885 qui
2070 2807 2265 2866 media
2302 2807 2405 2865 illa
2444 2806 2627 2865 libero
2668 2826 2774 2866 suo

370 2889 609 2948 arbitrio
635 2888 970 2966 repudiarit,
1000 2907 1132 2946 cum
1157 2895 1356 2948 tamen
1386 2885 1683 2964 Scriptura
1709 2906 1827 2944 non
1852 2907 1970 2946 uno
1996 2887 2126 2946 loeo
2154 2893 2414 2961 testetur,
2444 2905 2563 2945 non
2591 2887 2773 2944 omni-

369 2968 482 3027 bus
507 2976 568 3027 et
594 2968 857 3046 singulis,
903 2966 1004 3026 sed
1034 2966 1379 3044 quibusdam
1406 2974 1634 3028 tantum
1674 2986 1750 3026 ex
1794 2967 1907 3026 Dei
1948 2963 2140 3044 εὐδοκᾶι
2180 2965 2585 3040 administrari,
2618 2965 2774 3026 Psal.

373 3048 573 3106 cxlvii.
606 3049 698 3122 19,
758 3048 928 3106 Matt.
957 3047 1038 3106 xi.
1069 3049 1164 3120 25,
1195 3054 1257 3105 et
1294 3045 1418 3104 xiii.
1453 3048 1545 3120 11,
1589 3053 1650 3105 et
1688 3045 1857 3104 Rom.
1886 3047 2008 3104 viii.
2040 3025 2135 3122 28⁰,
2168 3047 2263 3120 29,
2306 3053 2426 3104 tam
2483 3045 2545 3102 in
2568 3011 2777 3104 ²Veteri

372 3146 546 3202 quam
584 3127 646 3184 in
673 3126 748 3185 N.
777 3125 1167 3185 Testamenta
1249 3129 1306 3184 2.
1350 3124 1550 3184 Media
1575 3125 1679 3184 illa
1706 3125 2028 3202 dispensari
2064 3132 2474 3219 supponuntur
2492 3125 2659 3184 modo
2685 3143 2777 3182 re·

369 3205 610 3263 restibili?
631 3212 691 3263 et
715 3205 1022 3279 communi,
1052 3205 1134 3263 ita
1167 3211 1252 3279 ut,
1281 3203 1471 3280 posita
1496 3224 1839 3281 quacunque
1866 3205 2196 3282 operatione
2224 3203 2425 3281 gratiss
2458 3203 2643 3280 istius,
2674 3223 2778 3262 vo-

371 3284 583 3342 luntati
612 3303 718 3343 sua
756 3303 981 3361 semper
1020 3283 1376 3358 relinquatur
1401 3281 1484 3342 ἃ
1465 3284 1673 3375 ιφοςίιι
1713 3292 1771 3342 et
1810 3284 2065 3359 libertas,
2108 3285 2205 3342 vel
2246 3303 2374 3342 eam
2414 3282 2775 3375 admittendi,

373 3363 472 3421 vel
506 3362 878 3440 repudiandi;
925 3360 1070 3420 Cum
1118 3361 1412 3437 Scriptura
1449 3363 1694 3438 gratiam
1720 3363 1890 3420 istam
1926 3363 2360 3438 irresistibilem,
2407 3370 2467 3421 et
2502 3361 2779 3422 invictam

373 3461 502 3500 esse
530 3441 748 3519 passim
775 3441 997 3516 doceat,
1015 3459 1146 3516 quae
1173 3459 1292 3499 non
1317 3448 1542 3500 tantum
1568 3441 1725 3500 vires
1753 3441 1829 3498 ad
1855 3441 2220 3514 credendum,
2246 3440 2350 3500 sed
2376 3440 2606 3499 actum
2588 3459 2781 3517 ipsum

373 3521 512 3579 fidei
537 3521 833 3597 largiatur,
865 3528 924 3580 et
945 3519 1041 3578 cui
1065 3518 1290 3577 nullum
1316 3519 1582 3578 resistere
1608 3519 1795 3596 possit
1820 3520 2074 3578 hominis
2101 3519 2419 3578 arbitrium.
2492 3517 2777 3611 Denique,

373 3600 571 3678 quoad
603 3601 890 3666 Quartum
914 3599 988 3657 de
1017 3597 1316 3657 servandis
1345 3597 1663 3673 credituris,
1694 3606 2075 3690 praeterquam
2102 3597 2307 3674 quod
2292 3617 2353 3655 m
2380 3596 2682 3656 secundo·
2656 3617 2783 3674 Jam

373 3680 715 3755 continetur,
747 3687 806 3738 et
831 3697 966 3738 cum
991 3697 1061 3736 eo
1089 3676 1378 3751 coincidit,
1397 3696 1506 3736 nec
1531 3677 1761 3753 proprie
1782 3676 2076 3735 decretum
2104 3684 2193 3735 est
2212 3674 2371 3753 quod
2395 3675 2535 3732 novi
2562 3675 2785 3752 aliquid

375 3759 614 3852 sanciat,
645 3756 751 3817 sed
777 3757 994 3816 decreti
1019 3755 1398 3849 praecedentis
1439 3755 1782 3833 applicati03
1840 3755 2109 3833 praevisio
2140 3754 2456 3831 Pelagiana
2480 3753 2576 3812 hic
2616 3773 2781 3831 repo-

376 3837 554 3913 nitur,
585 3857 716 3914 quae
765 3836 956 3896 Deum
995 3835 1070 3894 ab
1110 3834 1360 3909 homine,
1405 3842 1466 3894 et
1507 3834 1754 3912 gratiam
1794 3853 1833 3892 a
1871 3835 2053 3894 libero
2094 3833 2331 3894 arbitrio
2372 3832 2689 3926 suspendit,
2722 3843 2783 3894 et
2893 3805 2907 3820 ι

373 3917 551 3976 talem
579 3917 918 3975 electionem
947 3914 1166 3991 statuit,
1188 3934 1319 3990 quse
1345 3933 1449 3991 pro
1479 3913 1709 3991 objecto
1734 3914 1947 3973 habeat
1966 3913 2256 3972 hominem
2276 3913 2507 3972 nonnisi
2532 3913 2593 3970 in
2621 3914 2785 3972 exitu

377 3997 518 4054 vitae
546 3996 987 4070 consideratum,
1018 4002 1078 4053 et
1104 3995 1270 4071 cujus
1309 3992 1507 4054 nullus
1549 4011 1752 4053 sensus
1792 4001 1894 4054 aut
1932 3993 2153 4052 fructus
2193 4013 2230 4051 a
2256 4011 2545 4069 quoquam
2572 3991 2635 4050 in
2673 3992 2783 4050 hac

376 4075 501 4136 vita
527 4075 744 4153 percipi
770 4075 954 4152 possit
970 4073 1083 4132 nisi
1110 4072 1553 4133 conditionatus.
1597 4073 1741 4148 Quae
1769 4073 1962 4131 omnia
1987 4092 2119 4132 cum
2146 4072 2265 4131 sint
2288 4091 2407 4131 non
2432 4068 2607 4132 modo
2632 4071 2782 4148 peri-

375 4154 590 4229 culosa,
615 4154 720 4213 sed
747 4162 806 4213 et
833 4155 980 4224 ἇπίγ
979 4166 1138 4233 gaves,
1169 4160 1228 4210 et
1248 4151 1509 4228 denda-qa,
1541 4171 1671 4229 quae
1699 4152 2009 4229 gratuitam
2039 4151 2151 4210 Dei
2170 4151 2529 4210 Electionem
2554 4151 2785 4227 penitus

379 4233 734 4304 convellunt,
763 4243 824 4293 et
849 4180 1018 4292 liberi
1045 4230 1267 4290 arbitrii
1305 4232 1528 4292 idolum
1554 4230 1745 4291 denuo
1784 4231 2035 4330 erigunt,
2064 4230 2270 4290 merito
2310 4231 2386 4291 ab
2428 4229 2785 4292 Orthodoxis

375 4320 708 4372 constanter
731 4313 1012 4372 hactenus
1038 4311 1255 4388 rejecta
1283 4318 1436 4372 sunt.

377 4431 420 4476 '1'
423 4431 550 4477 ertu
590 4431 857 4487 Βθῃωῃὼ,
1021 4389 1212 4449 XIII.
1261 4390 1460 4448 Tertia
1515 4389 1814 4450 Sententia
1866 4387 2019 4460 circa
2073 4389 2453 4449 Decretorum
2505 4387 2782 4465 ordinem,

437 4503 604 4534 oon-um
625 4492 710 4548 qui
735 4491 858 4536 Gra.-
898 4488 1096 4528 eorum
1125 4476 1215 4528 est
1239 4488 1315 4528 ex
1346 4469 1713 4545 Reformatis,
1756 4467 1859 4544 qui
1886 4455 2149 4527 Gratiam
2178 4467 2583 4529 Universalem
2619 4475 2783 4559 tuen-

439 4547 484 4592 ‘²
465 4561 564 4592 ²⁸³²
613 4549 700 4594 ”¹¹¹
700 4562 860 4595 *0³⁸⁰-
898 4557 1010 4624 tur,
1010 4548 1256 4642 ”quique
1283 4557 1586 4627 propterea
1612 4548 1696 4608 ita
1737 4548 1986 4608 Decreta
2010 4547 2212 4606 divina
2249 4547 2591 4638 partiuntur,
2632 4553 2702 4604 ιιι
2726 4545 2789 4608 in

437 4605 536 4651 ¹⁰⁸¹
557 4609 775 4652 tuentur.
899 4628 1080 4686 variis
1123 4627 1200 4686 ad
1242 4625 1775 4686 Remonstrantium
1814 4627 2169 4704 hypotheses
2210 4626 2505 4718 accedant,
2548 4625 2609 4682 in
2656 4623 2786 4684 aliis
