3300 5225
536 293 656 351 464
1510 302 1696 348 Locus
1725 304 1964 349 sexrus.
2565 283 2839 367 [Quas-r.
2876 303 3024 346 vn.

544 452 707 512 Deus
746 468 888 528 ergo
926 448 1157 527 proprie
1202 467 1316 508 non
1354 450 1474 509 vult
1496 449 1643 529 fieri
1671 456 1984 525 peccatum,
2036 444 2140 507 sed
2179 447 2300 507 vult
2341 452 2566 507 tantum
2603 447 3012 524 permittere.

544 532 685 607 Nec,
719 531 769 590 si
796 529 1108 607 aliquando
1134 537 1433 607 peccatum
1462 529 1674 588 dicitur
1701 528 1956 587 medium
1983 526 2341 587 illustrandae
2369 525 2570 603 gloriae
2598 526 2732 603 Dei,
2767 526 3008 603 sequi-

542 620 640 672 tur
669 612 875 686 Deum,
908 610 1009 687 qui
1035 610 1164 668 vult
1189 609 1381 684 finem,
1412 609 1622 668 debere
1640 609 1796 669 velle
1825 608 1998 667 etiam
2026 616 2342 685 peccatum,
2373 626 2489 683 qua
2515 606 2648 682 tale,
2679 606 2857 684 quod
2891 613 3010 665 est

544 691 801 751 medium
827 689 902 748 ad
943 690 1125 747 illum.
1212 688 1361 747 Nam
1390 698 1633 748 vocatur
1671 689 1930 763 medium,
1975 706 2092 745 non
2133 696 2252 746 tam
2279 687 2582 746 causaliter
2607 694 2667 746 et
2693 686 2994 761 effective,

546 771 713 849 quasi
742 778 1105 829 concurreret
1130 768 1381 828 finaliter
1406 767 1481 826 ad
1508 768 1681 827 finem
1709 768 1874 827 illum
1895 766 2273 843 efficiendum,
2303 786 2476 844 quam
2503 766 2904 827 materialiter
2923 774 3001 825 et

548 850 817 928 objective,
849 850 987 927 quia
1014 859 1103 908 est
1140 848 1383 925 occasio,
1428 868 1503 906 ex
1532 868 1647 925 qua
1678 848 1839 906 Deus
1881 847 2124 925 gloriam
2167 867 2330 906 suam
2370 847 2639 907 illustrat.
2727 846 2996 905 Deinde

545 950 664 991 non
692 938 782 989 est
806 930 1049 989 medium
1078 950 1193 1007 per
1216 949 1292 1005 se,
1323 928 1461 1006 quia
1498 928 1694 1006 potius
1721 928 1992 986 obscurat
2031 926 2277 1005 gloriam
2307 926 2436 1003 Dei,
2467 946 2637 1005 quam
2680 926 2984 1001 illustrat,

547 1010 653 1071 sed
692 1030 795 1088 per
820 1008 1089 1069 accidens
1116 1028 1193 1068 ex
1221 1008 1501 1087 sapientia
1530 1008 1662 1083 Dei,
1691 1007 1793 1085 qui
1829 1026 1904 1065 ex
1931 1007 2085 1065 malo
2109 1006 2345 1082 bonum,
2375 1014 2442 1065 ut
2466 1006 2662 1065 lumen
2690 1026 2770 1065 ex
2797 1014 2988 1065 tene-

546 1089 686 1165 bris,
718 1089 893 1151 elicit.
936 1092 991 1148 3.
1016 1088 1131 1164 Qui
1154 1089 1287 1148 vult
1324 1087 1516 1164 finem,
1546 1087 1678 1147 vult
1717 1086 1892 1147 etiam
1931 1085 2138 1161 media,
2183 1086 2288 1145 sed
2328 1106 2446 1145 non
2486 1105 2712 1164 semper
2753 1084 2984 1145 eadem

544 1170 860 1247 volitione3
922 1169 971 1228 si
1018 1168 1209 1227 media
1256 1175 1393 1227 sunt
1438 1167 1685 1227 diversas
1737 1174 1974 1243 naturae,
2019 1173 2213 1244 potest
2257 1167 2412 1225 velle
2457 1166 2631 1225 finem
2674 1166 2984 1225 volitionc

548 1249 832 1325 effectiva,
864 1249 1001 1327 quia
1038 1247 1172 1307 finis
1210 1268 1315 1326 per
1354 1267 1417 1307 se
1457 1248 1646 1307 bonus
1673 1253 1796 1323 est3
1841 1245 1946 1305 sed
1985 1246 2240 1306 medium
2267 1246 2546 1305 volitione
2573 1254 2802 1306 tantum
2829 1264 2974 1323 per·

547 1330 805 1404 missiva,
838 1329 887 1388 si
916 1329 991 1388 sit
1017 1329 1251 1403 malum,
1289 1346 1407 1385 non
1435 1334 1552 1386 tam
1580 1325 1832 1385 volendo
1859 1325 2113 1384 medium
2141 1326 2348 1403 ipsum,
2379 1346 2553 1405 quam
2579 1346 2743 1385 usum
2769 1326 2976 1402 medii,

546 1409 738 1469 nimir.
766 1409 990 1487 peccati
1016 1408 1199 1485 ipsius
1224 1406 1677 1483 permissionem,
1707 1414 1767 1465 et
1793 1405 2230 1465 ordinationem.

633 1488 754 1547 IX.
799 1488 947 1563 Quia
986 1507 1127 1545 vero
1168 1486 1375 1545 mirum
1415 1486 1603 1544 videri
1641 1492 1852 1563 potest,
1895 1485 2054 1562 quod
2092 1485 2254 1545 Deus
2284 1485 2581 1563 permittat
2611 1493 2929 1565 peccatum
2955 1508 2973 1561 ;

546 1569 685 1628 hinc
713 1568 927 1627 factum
956 1575 1023 1627 ut
1048 1568 1111 1623 in
1136 1584 1340 1626 causas
1366 1565 1535 1624 istius
1562 1564 1956 1642 permissionis
1983 1564 2320 1641 inquisitum
2361 1564 2550 1624 fuerit.
2631 1566 2982 1624 Arminioeni

548 1667 801 1721 causam,
832 1647 929 1705 vel
954 1666 1146 1721 unam,
1176 1645 1275 1703 vel
1301 1645 1647 1722 praecipuam
1668 1663 1797 1703 esse
1824 1651 2045 1721 putant,
2076 1644 2234 1722 quod
2251 1643 2400 1705 nolit
2427 1645 2588 1705 Deus
2609 1645 2732 1703 vim
2747 1645 2977 1703 inferre

549 1727 736 1787 libero
764 1726 999 1784 arbitrio
1028 1725 1304 1784 creaturis
1332 1744 1368 1782 a
1396 1744 1457 1783 se
1484 1743 1777 1783 concesso.
1859 1723 2082 1783 Verum
2109 1724 2234 1783 haec
2262 1744 2436 1784 causa
2460 1745 2578 1783 non
2604 1726 2781 1801 valet,
2801 1726 2971 1804 quia,

550 1814 934 1885 praeterquam
962 1804 1120 1881 quod
1144 1802 1291 1862 falso
1320 1803 1661 1881 supponitur
1689 1803 2122 1863 Providentiam
2147 1824 2266 1863 non
2292 1824 2461 1883 posse
2489 1804 2794 1867 efficaciter
2823 1824 2974 1863 con-

550 1904 777 1945 currere
800 1904 931 1943 cum
946 1884 1245 1943 voluntate
1272 1892 1563 1961 peccante,
1593 1884 1737 1961 quin
1763 1884 1854 1942 vis
1881 1882 2160 1943 inferatur
2183 1884 2367 1943 libero
2394 1884 2648 1961 arbitrio,
2671 1884 2830 1962 quod
2860 1904 2974 1942 an-

550 1974 649 2026 tea
674 1964 1051 2024 refutavimus
1074 1984 1089 2039 3
1134 1963 1185 2021 si
1210 1962 1321 2022 hoc
1338 1962 1501 2039 foret,
1528 1964 1690 2023 Deus
1716 1971 2018 2042 peccatum
2045 1982 2341 2041 nunquam
2367 1964 2690 2043 impediret,
2717 1985 2793 2023 ne
2811 1964 2972 2023 libe·

550 2066 679 2106 rum
709 2044 1004 2104 arbitrium
1048 2052 1367 2122 cogeretur,
1402 2043 1559 2121 quod
1590 2062 1746 2122 saepe
1786 2051 1980 2103 tamen
2023 2063 2155 2103 eum
2200 2044 2386 2104 facere
2429 2052 2673 2104 constat.
2757 2045 2976 2104 Causae

552 2145 693 2203 ergo
720 2124 1113 2203 permissionis
1154 2123 1323 2183 istius
1350 2123 1479 2182 alias
1506 2122 1832 2201 quaerendae
1860 2130 2011 2199 sunt,
2042 2144 2172 2201 quse
2199 2124 2376 2183 variae
2415 2132 2660 2202 possunt
2686 2144 2814 2184 esse
2855 2144 2971 2202 pro

550 2206 715 2265 vario
744 2212 1131 2264 creaturarum
1160 2212 1333 2264 statu.
1416 2204 1567 2277 Nam
1596 2204 1646 2263 si
1689 2203 1762 2262 de
1805 2204 2094 2263 Creaturis
2136 2204 2378 2281 integris
2406 2204 2619 2281 agitur,
2663 2204 2967 2282 Scriptura

548 2286 698 2343 nihil
738 2304 1011 2362 expresse
1053 2284 1210 2359 dicit,
1254 2304 1358 2343 cur
1405 2282 1700 2361 Angelum
1747 2283 1846 2343 vel
1891 2283 2182 2342 hominem
2229 2284 2350 2342 labi
2389 2284 2746 2362 permiserit:
2811 2285 2966 2359 Quia

552 2374 745 2425 tamen
774 2364 919 2423 nihil
946 2384 1016 2423 eo
1041 2364 1109 2423 fit
1136 2364 1233 2422 vel
1258 2364 1459 2439 inscio,
1482 2363 1579 2422 vel
1600 2363 1804 2439 invito,
1834 2362 2086 2421 dubitari
2111 2382 2228 2423 non
2256 2362 2446 2441 debet,
2478 2364 2618 2441 quin
2639 2372 2796 2423 certo
2817 2384 2962 2441 quo-

552 2444 687 2503 dam
716 2452 774 2503 et
800 2443 1117 2502 deliberato
1144 2443 1358 2502 factum
1387 2444 1463 2503 sit
1484 2444 1744 2519 consilio,
1769 2442 1924 2520 quod
1945 2443 2127 2502 tutius
2154 2451 2243 2503 est
2270 2444 2558 2519 admirari,
2579 2464 2751 2522 quam
2773 2444 2962 2503 curio-

551 2524 675 2584 siu's
702 2522 929 2599 rimari3
972 2524 1083 2581 hoc
1104 2532 1329 2582 tantum
1349 2532 1505 2583 certo
1533 2530 1797 2583 constare
1814 2522 2004 2597 debet,
2027 2523 2174 2581 nihil
2192 2524 2303 2582 hoc
2328 2532 2498 2601 pacto
2519 2524 2724 2583 fecisse
2747 2525 2958 2600 Deum,

548 2602 708 2682 quod
734 2602 833 2661 vel
856 2613 1205 2680 repugnaret
1229 2604 1481 2681 justitioe,
1512 2603 1649 2681 quia
1689 2623 1808 2663 non
1833 2603 2138 2664 tenebatur
2175 2601 2453 2682 impedire
2479 2613 2816 2682 peccatum3
2859 2605 2958 2665 vel

548 2683 853 2760 sassfientioe,
898 2683 1035 2759 quia
1062 2703 1193 2742 cum
1220 2683 1472 2743 voluerit
1500 2693 1774 2743 creaturae
1816 2682 2202 2742 conditionem
2231 2703 2358 2743 esse
2397 2684 2752 2761 mutabilem,
2795 2684 2958 2745 nulla

548 2762 699 2823 ratio
724 2761 851 2838 fuit,
882 2781 1011 2839 quae
1039 2781 1168 2822 eum
1199 2763 1483 2840 obligaret
1510 2763 1585 2822 ad
1601 2783 1671 2822 ea
1695 2762 1960 2823 facienda
1987 2783 2126 2840 erga
2151 2783 2295 2840 eam,
2320 2783 2449 2841 quae
2475 2772 2696 2824 naturae
2724 2765 2956 2824 modum

550 2842 933 2918 excederent;
962 2842 1061 2900 vel
1088 2843 1335 2916 bonitati,
1360 2842 1495 2918 quia
1522 2861 1684 2900 amor
1709 2861 1824 2921 quo
1847 2850 2164 2901 creaturam
2185 2844 2568 2921 prosequitur,
2599 2843 2738 2904 dum
2766 2845 2841 2903 ab
2865 2845 2954 2902 in-

550 2924 823 3000 tegritate
848 2940 968 2979 non
994 2920 1205 2996 deficit,
1248 2941 1365 2980 non
1394 2921 1589 2980 statim
1616 2941 1685 2980 eo
1711 2941 1896 3000 usque
1935 2922 2316 3000 progreditur,
2345 2932 2413 2983 ut
2439 2923 2648 2984 debeat
2687 2933 2958 3003 praestare

551 3021 627 3061 ne
668 3001 914 3074 deficiat,
944 2999 1197 3058 maxime
1238 3020 1370 3059 cum
1414 3020 1490 3059 ex
1531 3000 1660 3078 ipso
1703 3001 1858 3060 malo
1883 3003 2100 3062 bonum
2141 3003 2314 3062 etiam
2341 3004 2550 3063 elicere
2585 3012 2798 3081 queat3
2841 3023 2956 3082 quo

552 3082 789 3157 Auqtoet.
830 3079 1145 3156 respiciens
1173 3079 1270 3155 ait,
1301 3080 1403 3140 lib.
1432 3080 1505 3139 de
1535 3088 1778 3158 corrept.
1808 3089 1867 3140 et
1909 3083 2112 3159 gratia,
2157 3103 2282 3160 cap.
2316 3085 2409 3143 10.
2497 3086 2534 3118 “
2566 3083 2752 3144 Scivit
2793 3084 2954 3143 Deus

552 3160 743 3236 magis
784 3159 860 3218 ad
901 3178 1065 3218 suam
1106 3159 1722 3237 omnipotentissimam
1748 3162 2064 3221 bonitatem
2105 3163 2408 3239 pertinere,
2455 3163 2629 3222 etiam
2676 3163 2750 3222 de
2789 3163 2956 3224 malis

556 3239 711 3298 bona
736 3238 940 3313 facere,
970 3258 1143 3315 quam
1173 3239 1327 3298 mala
1354 3259 1481 3299 esse
1508 3259 1625 3300 non
1655 3241 1898 3300 sinere.”
1943 3241 2092 3300 Nam
2113 3241 2164 3300 si
2181 3243 2398 3302 malum
2438 3263 2556 3302 non
2583 3244 2949 3322 permisisset,

554 3339 674 3378 non
702 3319 1060 3396 apparuisset
1092 3319 1323 3397 justitia
1352 3321 1464 3379 Dei
1492 3340 1607 3402 qua
1644 3321 1828 3398 punit,
1859 3341 1967 3380 nec
1993 3321 2386 3381 misericordia
2414 3343 2530 3400 qua
2555 3323 2821 3400 ignoscit,
2851 3343 2954 3384 nec

554 3399 839 3477 sapientia
864 3418 978 3475 qua
1004 3400 1160 3458 mala
1184 3399 1246 3458 in
1272 3400 1489 3459 bonum
1514 3401 1708 3476 vertit,
1747 3421 1855 3460 nec
1882 3421 2044 3460 amor
2069 3401 2169 3460 ille
2195 3400 2510 3461 immensus
2537 3423 2654 3480 quo
2681 3421 2788 3462 nos
2827 3422 2953 3482 pro-

555 3487 789 3539 secutus
816 3487 906 3538 est
935 3478 1097 3538 Deus
1122 3479 1405 3540 mittendo
1448 3480 1664 3539 Filium
1693 3481 1752 3538 in
1780 3480 2056 3539 mundum
2087 3480 2164 3540 ad
2191 3479 2435 3540 salutem
2478 3481 2774 3542 Ecclesiae.
2857 3482 2952 3542 Ad

556 3559 891 3620 creaturam
931 3559 1155 3636 lapsam
1196 3559 1355 3636 quod
1395 3561 1617 3637 attinet,
1662 3559 1890 3618 facilius
1931 3568 2022 3619 est
2061 3580 2265 3619 causas
2305 3561 2698 3640 permissionis
2737 3563 2953 3640 peccati

554 3638 869 3716 assignare,
914 3639 1051 3716 quia
1091 3659 1221 3698 cum
1264 3640 1341 3699 sit
1375 3640 1499 3717 jam
1540 3649 1824 3718 corrupta,
1872 3639 2033 3700 Deus
2068 3639 2388 3716 justissime
2429 3650 2621 3718 potest
2660 3650 2952 3719 peccatum

552 3720 901 3797 permittere,
944 3719 1043 3778 vel
1082 3718 1160 3776 ad
1196 3719 1515 3794 υἰπάἰοεαηι,
1557 3728 1625 3778 ut
1661 3727 1901 3797 peccata
1939 3718 2325 3797 praecedentia
2361 3721 2704 3798 ulciscatur3
2747 3722 2845 3780 vel
2883 3721 2954 3780 ad

554 3799 989 3874 castiqationem,
1020 3806 1087 3857 ut
1112 3797 1315 3856 fideles
1344 3798 1427 3857 sic
1456 3797 1734 3858 admoniti
1761 3798 1833 3858 de
1861 3799 2062 3858 nativa
2090 3817 2194 3857 sua
2221 3799 2553 3877 vitiositate,
2586 3801 2658 3860 de
2687 3821 2758 3860 ea
2783 3801 2949 3860 corri-

556 3875 748 3953 genda
776 3876 893 3934 sint
920 3875 1185 3952 solliciti;
1229 3877 1327 3936 vel
1355 3876 1430 3935 ad
1458 3879 1787 3955 exemplum,
1830 3886 1898 3938 ut
1924 3899 2000 3938 ex
2027 3878 2270 3938 aliorum
2299 3878 2559 3958 lapsibus
2585 3880 2688 3940 alii
2715 3881 2950 3961 sapiant,

554 3964 616 4014 et
642 3954 867 4013 cautius
893 3955 1181 4015 incedant.

636 4033 724 4092 X.
768 4033 1047 4108 Quamvis
1089 4054 1229 4094 vero
1268 4034 1443 4093 homo
1486 4033 1772 4112 particeps
1817 4035 1893 4095 sit
1935 4036 2138 4115 culpae,
2186 4037 2287 4115 qui
2323 4058 2453 4098 cum
2487 4038 2671 4117 possit
2707 4039 2950 4118 aliquem

558 4119 818 4171 avertere
847 4131 883 4170 a
917 4121 1170 4189 peccato,
1213 4132 1332 4172 non
1378 4113 1516 4172 facit
1542 4120 1768 4191 tamen3
1821 4115 1954 4174 Non
1997 4117 2260 4194 sequitur
2297 4119 2484 4178 Deum
2533 4120 2948 4196 permittentem

556 4199 873 4270 peccatum,
912 4193 1135 4268 peccati
1160 4211 1323 4250 reum
1363 4192 1653 4252 ullatenus
1692 4194 1850 4271 fieri;
1895 4196 2032 4272 quia
2071 4198 2334 4258 homines
2374 4207 2644 4260 tenentur
2679 4198 2949 4278 imPedire

555 4279 872 4350 peccatum,
902 4279 1027 4330 tum
1054 4271 1117 4328 in
1143 4291 1223 4347 se,
1254 4280 1376 4330 tum
1404 4270 1465 4329 in
1492 4271 1657 4350 aliis;
1696 4273 1852 4334 unde
1881 4276 1977 4334 Eli
1997 4275 2314 4355 imputatur
2333 4278 2502 4356 culpa
2521 4278 2789 4354 filiorum,
2812 4297 2950 4356 quos

556 4351 921 4428 indulgentia
964 4369 1069 4409 sua
1108 4370 1347 4428 peccare
1374 4352 1529 4428 sivit,
1564 4356 1594 4411 1
1630 4353 1786 4414 Sam.
1815 4355 1896 4414 iii.
1930 4359 2004 4415 13
2028 4377 2044 4431 3
2092 4356 2208 4416 Sed
2237 4357 2401 4417 Deus
2435 4358 2598 4418 nulla
2623 4359 2699 4417 ad
2738 4358 2801 4417 id
2825 4359 2948 4436 lege

554 4439 803 4494 tenetur.
888 4429 1115 4490 Deinde
1155 4430 1456 4508 permissio
1495 4431 1609 4491 ista
1650 4433 1874 4493 nullum
1921 4435 2064 4495 dicit
2109 4435 2395 4497 influxum
2443 4446 2503 4497 et
2541 4437 2944 4513 causalitatem,

554 4519 822 4590 respectu
848 4517 1125 4571 creaturae
1152 4511 1444 4588 peccantis
1471 4513 1664 4590 quoad
1689 4517 1909 4591 atropatus»,
1941 4515 2046 4575 sed
2069 4535 2286 4576 meram
2315 4516 2748 4595 suspensionem
2777 4517 2947 4596 impe·

557 4591 831 4670 dimenti3
886 4611 995 4652 nec
1038 4599 1315 4654 creaturae
1360 4593 1844 4672 spontaneitatem
1887 4603 1946 4656 et
1989 4597 2263 4680 προαίρεσιν
2303 4597 2473 4676 tollit,
2521 4598 2616 4657 vel
2653 4597 2948 4660 intercedit
