3300 5225
533 336 650 393 418
1519 344 1703 395 nocus
1730 353 2002 403 curamue.
2590 330 2839 413 [Qua-:sn
2872 352 2935 395 κ.

535 492 1035 647 3ἶέἓοῖᾶῖἕέ
1043 500 1244 649 ΐῶἰῖἷ
1267 494 2392 651 ἳῖῗοὲοῗέφῖἰιηωωμψῗὲᾖὲἓᾙ
2408 493 2525 629 30⁵1}
2547 493 2939 650 θζέἷηὛμῗῖ

533 661 744 711 verunt
771 672 834 713 se
873 652 1134 731 indigere
1160 654 1538 729 vestimentis,
1569 672 1743 731 quam
1770 652 1981 710 amissa
2011 651 2256 727 justitia,
2286 650 2641 727 turpitudine
2668 671 2773 710 sua
2800 672 2937 711 con·

527 729 716 807 fundi,
777 740 838 792 et
883 733 928 793 J
929 733 1117 792 udicis
1176 734 1408 793 oculum
1447 732 1771 807 formidare,
1822 752 1891 790 ac
1948 731 2360 790 elementorum
2408 730 2679 807 injuriam
2720 732 2935 791 sentire

535 820 848 887 coeperunt.
933 812 1170 889 Duplex
1217 832 1358 890 ergo
1384 813 1568 871 veluti
1608 813 1865 889 ipsorum
1890 812 2117 869 nuditas
2156 810 2509 869 attendenda
2544 820 2651 885 est,
2694 810 2811 869 alia
2848 812 2937 870 in-

531 892 798 949 nocentiae
824 898 883 951 et
907 893 1232 967 sanctitatis,
1275 910 1448 969 quam
1475 900 1608 951 ante
1634 892 1863 969 lapsum
1902 896 2283 968 agnoverunt,
2324 909 2433 948 nee
2472 899 2775 967 propterea
2803 910 2937 949 eru-

534 968 799 1046 buerunt,
860 972 998 1049 quia
1035 972 1197 1031 nulla
1236 973 1423 1050 ὶηξίςι
1479 979 1538 1029 et
1576 969 1934 1049 turpitudine
1974 970 2249 1029 comitata
2286 978 2443 1044 erat;
2486 970 2601 1027 alia
2638 979 2829 1027 ream
2874 979 2938 1030 et

533 1049 891 1125 camimum
917 1059 1050 1128 post
1074 1060 1391 1129 peccatum,
1415 1071 1544 1127 quse
1571 1069 1690 1109 non
1715 1051 1905 1127 potuit
1928 1069 2047 1108 non
2072 1049 2293 1127 pudore
2320 1068 2419 1107 eos
2440 1047 2785 1125 suffundere,
2818 1059 2937 1109 star-

531 1126 638 1186 tim
665 1130 1230 1267 atqtssemconscientia
1253 1131 1508 1209 ipsorum
1535 1130 1855 1207 evigilavit,
1885 1138 1945 1188 et
1971 1128 2155 1207 aperti
2180 1136 2317 1188 sunt
2342 1128 2497 1187 oculi
2523 1127 2601 1187 ad
2639 1148 2767 1187 eam
2794 1148 2935 1207 cog·

529 1224 746 1267 noscen
884 1252 899 1268 .
1724 1252 1728 1256 -

613 1286 769 1345 XX.
817 1288 1058 1367 Sapiens
1085 1296 1144 1348 et
1176 1290 1373 1367 justus
1402 1309 1518 1347 non
1544 1296 1747 1367 peccat
1772 1288 1834 1346 in
1859 1307 2022 1346 sensu
2048 1287 2365 1363 commonito,
2404 1294 2465 1346 et
2488 1306 2605 1365 qua
2629 1286 2781 1363 talis,
2827 1288 2935 1347 sed

605 1372 722 1425 test
747 1388 983 1444 peceare
1009 1369 1072 1427 in
1097 1389 1260 1428 ema
1287 1369 1478 1443 diviso,
1521 1388 1702 1445 quum
1729 1367 1924 1427 deficit
1949 1387 1985 1426 a
2012 1366 2294 1443 sapientia
2320 1375 2379 1425 et
2413 1367 2645 1444 justitia
2672 1367 2785 1426 sibi
2811 1367 2929 1426 col-

528 1382 663 1520 Rota,
693 1447 852 1524 quod
892 1447 1028 1506 fecit
1055 1448 1354 1523 Adamus3
1401 1448 1570 1507 Licet
1605 1456 1803 1506 nosset
1841 1446 2154 1506 theoretice
2195 1446 2338 1523 quid
2380 1447 2541 1505 Deus
2582 1447 2733 1506 circa
2759 1446 2929 1505 arbo-

530 1542 653 1583 rem
681 1526 936 1585 scientias
962 1527 1102 1586 boni
1130 1536 1192 1586 et
1227 1528 1366 1585 mali
1389 1536 1546 1587 esset
1572 1526 1970 1602 comminatus,
2012 1546 2131 1583 non
2159 1525 2423 1585 adhibuit
2448 1534 2642 1585 tamen
2671 1527 2930 1602 practice

527 1602 688 1661 illam
719 1605 832 1664 Dei
858 1606 1374 1682 comminationem,
1413 1608 1582 1685 cujus
1609 1607 1725 1665 sibi
1750 1606 2015 1665 conscius
2042 1614 2181 1681 erat,
2224 1612 2291 1664 ut
2318 1605 2629 1681 debuisset,
2658 1605 2735 1664 ad
2760 1607 2929 1665 resis-

531 1682 776 1742 tendum
803 1685 1108 1744 tentationi
1134 1684 1368 1744 diaboli.

609 1761 802 1823 XXI.
846 1764 1066 1823 Eadem
1101 1764 1330 1841 justitia
1369 1784 1498 1843 quse
1524 1771 1823 1841 reparatur
1860 1783 1964 1841 per
1991 1763 2299 1837 Christum,
2343 1762 2481 1822 data
2518 1762 2629 1823 fuit
2665 1764 2934 1841 primitus

529 1840 780 1917 Adamo,
810 1843 1004 1919 quoad
1027 1864 1149 1903 rem
1175 1845 1438 1919 habitam,
1470 1844 1574 1902 sed
1599 1862 1717 1902 non
1744 1842 1937 1920 quoad
1962 1846 2189 1902 modum
2215 1844 2458 1902 habendi
2472 1868 2497 1917 ,·
2538 1844 2651 1902 ista
2677 1844 2828 1903 enim
2856 1846 2935 1904 ab

528 1920 750 1998 origine
777 1922 839 1980 in
866 1922 992 1999 ipso
1013 1923 1136 1997 fuit,
1169 1931 1228 1982 et
1245 1942 1351 1999 per
1365 1932 1645 1999 naturam,
1670 1923 1772 1981 illa
1800 1942 1937 1981 vero
1966 1922 2473 1999 supernaturaliter
2498 1932 2738 2000 tantum,
2754 1932 2813 1984 et
2830 1943 2935 2003 per

527 2001 774 2078 gratiam
786 2024 804 2078 ;
844 2002 1032 2079 prima
1055 2002 1425 2079 mutabiliter,
1457 2002 1711 2061 secunda
1736 2002 2171 2061 immutabiliter
2194 2011 2255 2061 et
2280 2002 2750 2062 inamissibiliter.

525 2113 571 2160 ἃ
585 2112 999 2220 meum
1039 2081 1410 2221 odii-{ff}
1435 2081 2933 2239 ‘Smfftorpmaw‘gssmssmnssfflssssffssfflmae

583 2231 728 2277 ΠΜ
741 2233 1000 2291 positaoet.
1046 2240 1134 2298 illi
1161 2260 1197 2299 a
1224 2240 1351 2299 Deo
1379 2241 1599 2300 tributa
1623 2250 1715 2301 est
1738 2250 2015 2318 tanquam
2054 2240 2299 2319 principi
2326 2242 2389 2299 in
2415 2260 2614 2301 omnes
2642 2251 2933 2301 creaturas

440 2347 447 2354 ·
525 2316 840 2395 inferiores,
871 2338 975 2396 per
1000 2340 1174 2397 quam
1201 2328 1267 2380 ut
1298 2320 1400 2399 jus
1425 2321 1680 2380 habebat
1705 2320 1823 2379 illis
1863 2340 1968 2399 pro
1996 2320 2163 2379 libitu
2190 2320 2429 2398 utendi3
2474 2321 2567 2379 Ita
2594 2340 2795 2380 omnes
2819 2322 2934 2399 ipsi

523 2404 798 2473 tanquam
842 2398 1092 2457 Domino
1149 2399 1413 2458 famulari
1453 2401 1814 2475 tenebantur,
1858 2408 1917 2459 et
1964 2401 2091 2478 ejus
2127 2400 2329 2459 usibus
2370 2400 2605 2475 servire,
2648 2420 2779 2476 quse
2819 2400 2933 2460 fuit

523 2480 730 2557 ἂπορῥοὸ
771 2478 1036 2553 quaedam
1063 2479 1333 2556 imaginis
1360 2479 1592 2555 divinae,
1637 2488 1698 2539 et
1724 2481 2019 2538 character
2046 2480 2297 2557 supremi
2338 2479 2579 2538 dominii
2618 2479 2927 2556 Creatoris,

523 2558 692 2633 eujus
721 2560 934 2637 ὕοι-ιςοχὸ
973 2557 1082 2617 hac
1109 2558 1171 2616 in
1196 2566 1358 2636 parte
1400 2578 1532 2618 cum
1559 2560 1791 2619 homine
1818 2560 2015 2636 aliquo
2038 2558 2212 2619 modo
2254 2558 2686 2620 communicata.
2770 2559 2930 2620 Hine

522 2635 850 2694 sonnationi
877 2637 1126 2696 hominis
1153 2637 1230 2696 ad
1254 2638 1566 2716 imaginem
1596 2640 1709 2698 Dei
1737 2639 2041 2716 subjicitur
2082 2639 2276 2699 statim
2304 2639 2566 2716 ejusdem
2592 2638 2928 2716 dominium,

524 2711 673 2773 Gen.
703 2715 742 2774 i.
773 2719 868 2792 26,
899 2719 996 2793 27,
1044 2719 1079 2750 “
1105 2717 1383 2777 faciamus
1419 2719 1713 2778 hominem
1753 2719 1828 2778 ad
1854 2719 2181 2796 imaginem-
2206 2728 2478 2795 nostram,
2520 2728 2581 2778 et
2608 2719 2923 2778 secundum

521 2793 958 2854 similitudinem
995 2806 1268 2872 nostram,
1298 2819 1416 2856 π-ι-ι-ιπ
1463 2808 1522 2858 et
1561 2797 1985 2874 dominentur,’'
2028 2799 2130 2858 vel-
2170 2800 2207 2832 ‘⁴
2232 2806 2299 2857 ut
2338 2798 2761 2875 dominentur,”
2804 2799 2931 2858 sive

524 2876 561 2908 “
589 2875 690 2951 qui
716 2874 1082 2936 dominentur
1107 2877 1170 2934 in
1209 2877 1398 2953 pisces
1425 2878 1616 2953 maris,
1660 2879 1723 2935 in
1749 2879 1917 2937 alites
1944 2878 2093 2953 coeli,
2138 2886 2198 2938 et
2236 2877 2503 2955 pecudes,
2546 2887 2606 2938 et
2644 2879 2707 2936 in
2746 2886 2927 2938 totam

519 2955 791 3028 terram,''
823 2953 932 3013 ἀο.
989 2955 1304 3016 Commune
1333 2966 1530 3016 autem
1551 2957 1663 3015 fuit
1682 2957 1999 3016 dominium
2020 2957 2267 3034 utrique,
2286 2965 2553 3036 respectu
2577 2957 2929 3035 reliquarum

520 3041 942 3108 creaturarum3
984 3033 1124 3093 licet
1148 3034 1242 3092 vir
1264 3035 1377 3095 hoc
1403 3036 1671 3095 habuerit
1706 3036 2013 3114 peculiare,
2044 3037 2203 3114 quod
2228 3046 2573 3115 potestatem
2597 3038 2837 3098 haberet
2860 3038 2925 3096 in

519 3131 777 3188 uxorem,
808 3132 925 3189 quo
953 3131 1127 3172 sensu
1168 3114 1259 3172 vir
1286 3115 1655 3192 singulariter
1680 3123 1923 3175 vocatur
1950 3116 2155 3194 Imago
2198 3117 2326 3192 Dei,
2375 3121 2404 3175 1
2438 3117 2567 3178 Cor.
2597 3117 2679 3176 xi.
2763 3117 2929 3176 Licet

518 3208 660 3249 vero
686 3211 791 3268 per
815 3192 1058 3269 lapsum,
1091 3192 1408 3254 dominium
1434 3195 1582 3254 illud
1620 3193 1795 3254 valde
1821 3195 2063 3255 firactum
2090 3204 2151 3255 e‘t
2176 3196 2539 3256 imminutum
2574 3196 2765 3273 fuerit,
2808 3217 2925 3255 non

519 3278 714 3330 tamen
760 3290 829 3329 eo
883 3271 1054 3349 plane
1095 3273 1350 3350 excidit3
1414 3275 1603 3351 Unde,
1649 3275 1801 3334 Gen.
1841 3275 1923 3334 ix.
1968 3279 2023 3351 2,
2068 3279 2124 3352 3,
2170 3276 2408 3336 Noacho
2448 3284 2581 3354 post
2640 3277 2927 3336 diluvium

405 3412 409 3416 ,
519 3349 904 3427 confirmatiu,
935 3351 1092 3428 quod
1117 3373 1236 3410 non
1263 3361 1380 3412 tam
1409 3363 1499 3414 est
1524 3355 1711 3433 prima
1736 3355 2033 3414 concessio
2072 3357 2393 3433 potestatis,
2438 3376 2613 3433 quam
2638 3357 2926 3416 restitutio

519 3429 936 3508 qualiscunque
963 3431 1138 3508 prisci
1158 3433 1310 3511 juris
1340 3442 1511 3493 antea
1535 3435 1675 3493 dati.
1760 3434 2171 3512 Quslecunque
2199 3443 2391 3494 autem
2418 3435 2595 3495 fuerit
2608 3435 2927 3495 dominium

517 3507 676 3568 istud
704 3510 878 3569 etiam
905 3519 1040 3571 ante
1065 3511 1312 3589 lapsum,
1354 3514 1579 3574 infinite
1619 3515 1874 3573 distabat
1914 3535 1951 3573 a
1978 3515 2251 3574 Dominio
2282 3515 2410 3591 Dei,
2456 3515 2614 3594 quod
2649 3515 2923 3592 indepen-

516 3587 678 3664 denS,
723 3590 1004 3666 naturale,
1051 3592 1399 3669 absolutum,
1444 3602 1504 3654 et
1556 3594 1947 3670 illimitatum3
2011 3594 2263 3654 hominis
2326 3603 2527 3654 contra
2572 3594 2923 3672 dependens,

512 3669 850 3746 precarium,
881 3679 940 3730 et
967 3670 1088 3730 suis
1113 3671 1396 3732 limitibus
1422 3673 1934 3750 circumscriptum.

595 3748 856 3810 XXIII.
902 3750 1059 3808 Huic
1087 3751 1353 3811 addenda
1379 3760 1468 3811 est
1494 3754 1918 3827 Imma-talita,
1942 3771 2060 3811 non
2076 3753 2282 3812 animas
2308 3759 2533 3813 tantum
2560 3753 2761 3832 ipsius,
2792 3771 2923 3829 quse

513 3826 830 3885 etiamnum
857 3838 992 3906 post
1015 3839 1316 3906 peccatum
1343 3842 1616 3909 remanet,
1638 3832 1742 3891 sed
1769 3833 1949 3891 totius
1970 3833 2269 3910 suppositi,
2299 3852 2419 3891 non
2444 3833 2709 3892 absoluta
2735 3833 2925 3909 qualis

511 3912 603 3962 est
655 3904 970 3981 beatorum,
1018 3927 1148 3984 quae
1195 3919 1286 3968 est
1338 3911 1662 3987 impotentia
1702 3912 1994 3987 moriendi,
2042 3912 2146 3970 sed
2200 3913 2607 3987 conditionata,
2650 3932 2780 3990 quse
2834 3919 2927 3970 est

500 3984 761 4120 potzaeuetria
785 4004 898 4044 non
925 3987 1202 4046 moriendi
1245 3988 1298 4048 si
1322 4008 1440 4047 non
1465 3999 1779 4068 peccasset,
1822 3990 1896 4051 de
1923 3997 2039 4071 qua
2064 3991 2340 4070 peculiari
2368 3992 2697 4068 Quaestione
2724 3999 2927 4069 postea

512 4079 622 4136 age
717 4104 736 4123 Ο
