3300 5225
264 346 535 395 Ωιτ-ΕΜ.
572 332 713 416 rx.]
1308 356 1389 395 na
1420 357 1690 398 anesus.
1793 358 1800 363 ·
2635 344 2748 401 507

272 510 425 565 quse
458 494 825 555 ministerio
858 496 1216 573 Angelorum
1258 497 1469 555 tradita
1511 498 1712 573 fuerat,
1757 518 1792 555 a
1831 518 1948 575 qua
1981 498 2339 557 Christianos
2369 499 2586 558 Paulus
2627 502 2756 559 vult

280 588 624 633 revocare.
694 577 775 635 R.
812 580 862 634 1.
895 576 1044 650 Quia
1073 575 1289 634 Paulus
1315 576 1571 653 loquitur
1598 578 1671 636 de
1694 578 1854 637 cultu
1879 577 2224 651 voluntario,
2249 576 2404 655 quod
2432 578 2507 637 ad
2536 580 2756 656 Legem

281 649 682 729 Mosa‘ieam,
718 676 850 733 quse
880 656 1071 714 Deum
1097 655 1395 714 authorem
1437 656 1628 733 habet,
1661 657 1859 716 referri
1885 657 2104 734 nequit.
2186 662 2242 715 2.
2275 658 2422 732 Quia
2461 658 2754 717 inauditus

280 739 387 788 est
417 734 613 793 vocis
646 735 826 795 istius
852 755 993 795 usus
1019 735 1080 792 in
1114 735 1423 812 Scriptura,
1453 737 1682 813 quoties
1709 737 1861 796 enim
1889 746 2128 814 usurpat
2153 758 2362 795 nomen
2388 738 2667 819 Seno-zelas,
2691 746 2756 797 ut

288 809 451 871 Act.
486 815 681 873 xxvi.
718 818 772 891 5,
817 815 861 875 J
864 835 949 873 ac.
978 816 1017 873 i.
1047 818 1143 890 26,
1194 814 1422 893 Sapien.
1453 816 1574 875 xiv.
1606 820 1704 891 27,
1737 816 1832 875 vel
1861 816 2150 893 significat
2187 818 2406 876 cultum
2445 818 2520 875 ab
2559 818 2756 895 aliquo

286 890 403 947 vel
437 892 641 952 alicui
674 895 949 954 delatum.
1034 894 1121 954 At
1146 894 1241 952 hic
1268 895 1445 971 priori
1472 915 1645 954 sensu
1673 915 1790 954 non
1817 904 2008 973 potest
2045 897 2212 971 sumi,
2243 917 2382 973 ergo
2410 897 2600 956 cultus
2629 898 2754 955 An-

296 970 471 1045 gelis
502 974 825 1035 exhibitus
852 974 1103 1051 intelligi
1131 973 1321 1032 debet.
1380 979 1435 1034 2.
1468 975 1601 1033 Non
1628 975 1892 1033 damnari
1920 975 2283 1052 Angelorum
2305 978 2754 1051 venerationem,

296 1049 420 1107 sed
452 1071 602 1109 eam
636 1074 769 1131 quae
800 1055 927 1113 Deo
956 1053 1185 1131 propria
1224 1061 1329 1128 est,
1360 1054 1456 1111 vel
1497 1074 1627 1131 quse
1669 1055 1925 1114 defertur
1952 1054 2218 1131 Angelis,
2264 1056 2478 1115 omisso
2507 1057 2754 1132 Christo,

300 1130 462 1206 quia
494 1131 789 1193 dicuntur
814 1155 925 1193 non
953 1134 1192 1191 retinere
1224 1133 1428 1209 Caput,
1460 1134 1557 1191 vel
1597 1153 1727 1210 quae
1754 1134 2033 1193 referatur
2073 1134 2146 1191 ad
2186 1135 2494 1211 Magorum
2535 1137 2756 1213 praesti-

306 1210 473 1285 giaS,
510 1220 581 1271 et
612 1213 807 1272 cultus
848 1212 1292 1289 superstitiosos,
1378 1213 1450 1271 R.
1494 1213 1645 1287 Quia
1693 1213 1911 1272 Paulus
1959 1212 2193 1272 damnat
2234 1234 2458 1273 omnem
2497 1218 2760 1295 Seno-nutu

308 1288 719 1367 Angelorum
758 1292 1040 1366 absolute,
1070 1311 1187 1349 non
1228 1311 1359 1368 quae
1400 1291 1718 1351 deferretur
1744 1293 1902 1370 ipsiS,
1933 1301 2000 1351 ut
2039 1312 2263 1351 summo
2306 1293 2450 1368 Deo,
2483 1296 2758 1371 Angelici

310 1370 490 1427 enim
520 1372 953 1448 profitebantur
979 1391 1041 1430 se
1072 1372 1260 1429 Deum
1308 1391 1637 1447 agnoscere,
1669 1372 1773 1431 sed
1813 1381 1881 1431 ut
1921 1372 2356 1448 Mediatoribus,
2395 1374 2761 1432 inferioribus

316 1446 483 1524 De0,
520 1452 634 1527 qui
676 1452 809 1509 ideo
856 1451 1127 1509 dicuntur
1168 1470 1285 1508 non
1326 1451 1570 1509 retinere
1600 1451 1802 1528 Caput,
1847 1472 1962 1508 non
1999 1451 2158 1528 quod
2187 1452 2477 1511 Christum
2524 1473 2761 1530 prorsus

317 1528 735 1605 secluderent,
768 1530 872 1589 scd
898 1529 1057 1607 quod
1076 1549 1207 1588 eum
1234 1529 1555 1606 profitendo
1578 1529 1746 1589 factis
1767 1531 2136 1607 abnegarent,
2156 1531 2315 1590 aliud
2335 1541 2543 1608 praeter
2569 1533 2760 1609 ipsum

321 1606 708 1668 adorationis
736 1610 1026 1687 objectum
1055 1610 1485 1683 constituentes,
1516 1616 1584 1668 ut
1614 1609 2108 1686 Pseudoapostoli,
2139 1611 2239 1687 qui
2269 1610 2758 1670 circumcisionem

325 1688 662 1763 urgebant,
695 1689 964 1749 dicuntur
991 1688 1279 1748 excidisse
1310 1708 1345 1746 a
1374 1688 1622 1765 Christo,
1669 1690 1862 1748 Galat.
1893 1710 1950 1747 v.
1981 1692 2037 1765 4,
2087 1690 2224 1747 licet
2253 1690 2543 1749 Christum
2572 1691 2762 1751 adhuc

327 1767 777 1842 profiterentur.

686 1902 697 1915 ,
960 1848 1143 1907 XVI.
1214 1848 1497 1923 Secundo,
1532 1848 1680 1923 Quia
1709 1848 1976 1925 Angelus
2004 1848 2224 1907 cultum
2272 1848 2448 1909 istum
2475 1850 2756 1927 repudiat,

329 1898 381 1944 ²⁶
404 1902 752 2005 oxetAgiifbf'
768 1902 839 1957 10,
882 1927 1125 2004 Apocal.
1154 1929 1278 1986 xix.
1313 1931 1403 2002 10,
1436 1936 1493 1985 et
1520 1929 1667 1986 xxii.
1697 1930 1754 1987 9.
1839 1928 1985 1986 Cum
2004 1928 2307 1988 Johannes
2327 1929 2402 1987 ad
2429 1930 2606 2006 pedes
2635 1931 2763 2007 ejus

878 2007 1251 2083 procumbere
1278 2008 1472 2082 vellet,
1493 2006 1775 2083 'Angelus
1803 2007 1996 2065 statim
2024 2006 2099 2064 ad
2126 2008 2332 2084 ipsum,
2377 2010 2529 2083 Vide,
2554 2009 2759 2085 inquit,

339 2104 418 2143 ne
430 2085 652 2161 facias,
671 2085 876 2144 Adora
902 2088 1089 2144 Deum
1104 2110 1129 2158 ;
1161 2086 1471 2145 Omen-vus
1500 2096 1624 2143 tuus
1649 2106 1789 2161 sum,
1821 2089 2148 2160 etfratrum
2173 2096 2413 2146 tuorum.
2499 2088 2621 2146 Nec
2645 2088 2759 2147 dici

340 2172 551 2241 potest
579 2163 875 2241 Angelum
903 2184 1197 2223 recusasse
1226 2166 1389 2224 illum
1430 2166 1649 2225 cultum
1677 2173 1902 2224 tantum
1943 2165 2240 2223 modestiae
2268 2186 2458 2242 causa,
2488 2174 2548 2225 et
2574 2168 2762 2225 aulico

340 2264 533 2319 more,
562 2253 629 2302 ut
656 2246 901 2302 Lorimoe
942 2251 1000 2303 et
1024 2245 1219 2301 Estim
1244 2245 1467 2319 volunt,
1499 2244 1595 2302 vel
1622 2244 1698 2302 ob
1741 2244 2000 2321 mysterii
2036 2245 2456 2304 Incarnationis
2494 2266 2762 2305 reveren-

344 2323 517 2397 tiam,
550 2323 646 2381 vel
673 2323 747 2381 ob
776 2323 969 2381 lumen
1000 2323 1423 2400 Propheticum,
1454 2333 1514 2383 et
1558 2323 1956 2382 Sacerdotium
1989 2324 2147 2401 quod
2186 2325 2248 2382 in
2275 2325 2319 2385 J
2321 2325 2545 2384 ohanne
2575 2326 2758 2403 suspi-

347 2402 549 2461 ciebat
573 2424 587 2462 2
633 2403 781 2476 Quia
807 2402 1025 2480 duplex
1050 2403 1214 2478 ratio,
1246 2422 1419 2480 quam
1448 2402 1614 2462 affert
1634 2402 1904 2479 Angelus
1932 2423 1968 2461 a
1991 2404 2266 2481 legitimae
2287 2403 2638 2464 adorationis
2659 2406 2760 2464 ob-

342 2482 530 2559 ject0,
560 2490 619 2541 et
647 2482 719 2541 ab
748 2482 929 2559 ipsius
956 2482 1289 2557 ministeri0,
1320 2484 1637 2541 vanitatem
1679 2491 2015 2542 caeterarum
2045 2485 2184 2543 satis
2211 2484 2427 2543 evincit
2451 2505 2464 2543 ε
2509 2493 2568 2543 et
2593 2485 2766 2545 docet
2845 2555 2848 2560 Ι

354 2561 659 2640 Angelum
685 2582 803 2622 non
831 2562 1117 2640 respuisse
1143 2570 1369 2622 tantum
1398 2563 1715 2623 secundum
1742 2563 1884 2641 quid
1911 2564 2129 2624 cultum
2172 2563 2284 2622 sibi
2310 2564 2454 2623 alias
2482 2563 2758 2642 debitum,

356 2643 466 2701 sed
494 2643 756 2702 absolute
784 2651 851 2700 ut
876 2643 1225 2719 indebitum„
1246 2652 1305 2702 et
1332 2644 1442 2703 soli
1471 2645 1598 2702 Deo
1639 2642 2029 2703 deferendum.
2115 2644 2257 2718 Quis
2283 2664 2424 2702 vero
2453 2645 2598 2704 ferat
2626 2646 2760 2704 Bel-

354 2722 465 2780 lar.
496 2729 555 2780 et
584 2723 827 2797 Estium,
849 2723 950 2798 qui
976 2724 1198 2799 volunt,
1223 2744 1341 2782 non
1359 2743 1528 2801 posse
1545 2722 1887 2801 reprehendi
1908 2723 2009 2800 qui
2029 2723 2260 2798 faciunt,
2286 2725 2443 2800 quod
2460 2725 2503 2785 J
2507 2726 2764 2784 ohannes

358 2802 515 2879 fecit,
548 2802 685 2879 quia
710 2811 776 2860 ut
809 2803 1027 2878 Spiritu
1054 2803 1253 2861 divino
1280 2804 1485 2881 plenus
1526 2804 1652 2880 fuit,
1683 2823 1800 2862 non
1843 2803 2120 2879 suspicari
2146 2803 2282 2862 licet
2309 2823 2459 2880 eum,
2489 2813 2590 2863 aut
2617 2805 2761 2862 obli-

358 2882 606 2958 viosum,
639 2889 739 2941 aut
766 2883 1073 2942 indocilem
1100 2883 1278 2942 fuisse
1302 2905 1316 2959 ;
1360 2884 1475 2942 imo
1492 2883 1708 2943 factum
1723 2884 1928 2942 merito
1947 2883 2215 2942 omnibus
2233 2903 2358 2942 esse
2380 2883 2719 2943 imitandum
2736 2887 2766 2943 9

362 2961 421 3018 N
422 2981 514 3019 am
544 2962 593 3020 si
636 2970 791 3021 recte
840 2962 977 3022 fecit
1018 2963 1063 3023 J
1065 2964 1321 3022 ohannes
1368 2964 1615 3023 adorans
1644 2962 1956 3041 Angelum,
1991 2963 2150 3040 Ergo
2187 2964 2450 3040 peccavit
2477 2965 2762 3041 Angelus,

362 3041 583 3099 cultum
612 3040 777 3099 illum
804 3051 872 3100 ut
898 3043 1163 3102 illicitum
1204 3043 1536 3121 rejiciendo.
1619 3043 1743 3102 Nec
1783 3042 1992 3116 obstat,
2024 3042 2178 3120 quod
2213 3042 2257 3102 J
2260 3044 2515 3102 ohannes
2547 3044 2766 3121 Spiritu

361 3119 561 3176 divino
590 3121 795 3196 plenus
823 3122 1087 3197 ignorare
1116 3143 1232 3181 non
1271 3124 1461 3200 potuit
1499 3125 1609 3181 hoc
1636 3122 1904 3183 illicitum
1945 3143 2090 3197 esse,
2120 3122 2258 3199 quia
2303 3123 2550 3201 Spiritus
2591 3124 2768 3183 dabat

365 3198 835 3257 infallibilitatem
884 3201 946 3258 in
994 3201 1255 3261 doctrina
1302 3210 1361 3260 et
1405 3203 1617 3278 verbis,
1671 3203 1774 3262 sed
1820 3223 1936 3261 non
1987 3203 2181 3262 statim
2229 3203 2292 3259 in
2317 3203 2442 3262 vita
2479 3211 2540 3262 et
2579 3205 2765 3280 praxi.

366 3277 645 3352 Quamvis
674 3296 813 3354 ergo
840 3287 1215 3356 cognosceret
1252 3282 1565 3340 theoretice
1594 3279 1863 3358 Angelos
1902 3301 2018 3340 non
2053 3301 2180 3342 esse
2207 3281 2548 3359 adorandos,
2579 3285 2769 3359 potuit

364 3365 560 3416 tamen
587 3376 662 3414 ex
690 3358 867 3416 animi
906 3359 1333 3434 perturbatione
1370 3368 1497 3418 orta
1536 3359 1611 3417 ad
1638 3368 2006 3437 conspectum
2037 3360 2273 3438 Angeli,
2305 3361 2378 3419 ab
2419 3357 2522 3419 illa
2549 3363 2771 3421 theoria

366 3437 429 3494 in
457 3454 561 3495 sua
587 3436 755 3513 praxi
782 3437 1103 3513 deflectere,
1135 3446 1194 3497 et
1222 3457 1545 3497 mensuram
1572 3439 1853 3498 excedere
1873 3440 1934 3497 in
1953 3441 2188 3515 honore,
2211 3458 2384 3515 quem
2412 3440 2468 3497 ei
2494 3441 2768 3500 exhibere

364 3515 616 3591 volebat,
637 3523 703 3574 ut
718 3516 861 3593 quid
886 3516 1099 3576 faceret
1125 3537 1244 3575 non
1270 3517 1411 3576 satis
1436 3517 1791 3594 attenderet3
1819 3527 1888 3576 ut
1913 3517 2100 3576 simile
2122 3517 2264 3594 quid
2283 3517 2596 3594 contigisse
2623 3519 2768 3596 legi-

367 3603 464 3654 tur
491 3595 759 3654 Cornelio
807 3616 947 3673 erga
975 3597 1225 3673 Petrum,
1258 3597 1393 3656 Act.
1430 3618 1493 3655 x.
1522 3599 1617 3672 26,
1663 3597 1763 3673 qui
1809 3596 2010 3655 eadem
2053 3597 2274 3655 ratione
2321 3596 2541 3655 cultum
2583 3598 2695 3656 sibi
2735 3620 2772 3658 a

370 3673 636 3732 Cornelio
686 3675 945 3735 oblatum
990 3677 1226 3755 respuit.
1330 3677 1463 3735 Non
1508 3675 1868 3734 incommode
1915 3676 2151 3753 quidam
2191 3675 2400 3733 volunt
2437 3676 2482 3736 J
2484 3676 2770 3737 ohannem

366 3754 557 3831 magis
583 3773 805 3814 errasse
832 3755 894 3812 in
918 3760 1081 3832 facto
1108 3765 1169 3815 et
1196 3776 1467 3833 persona,
1497 3775 1671 3832 quam
1697 3755 1760 3814 in
1783 3758 1938 3831 jure,
1968 3755 2226 3832 putando
2254 3753 2552 3832 Angelum
2593 3757 2770 3816 istum

366 3853 484 3890 non
532 3832 709 3892 fiiisse
740 3834 1035 3912 Angelum
1084 3844 1355 3911 creatum,
1402 3834 1507 3894 sed
1548 3835 1882 3910 increatum,
1931 3835 2026 3893 cui
2069 3835 2166 3892 ille
2211 3834 2403 3893 cultus
2445 3835 2768 3896 deberetur.

372 3913 543 3972 Unde
573 3913 842 3991 Angelus
870 3935 1000 3975 eum
1041 3914 1294 3975 instituit
1334 3915 1405 3974 de
1434 3935 1539 3973 sua
1583 3921 1790 3972 natura
1829 3923 1890 3972 ct
1915 3913 2261 3990 conditione,
2291 3934 2365 3973 ne
2393 3934 2597 3974 servus
2637 3937 2770 3975 cum

368 4001 538 4069 esset,
569 4013 674 4070 pro
704 3994 956 4054 Domino
984 3996 1273 4054 communi
1299 3995 1596 4072 utriusque
1626 4002 1963 4053 sumeretur.

367 4123 399 4168 3
518 4125 570 4170 M
602 4127 650 4170 tt
689 4125 737 4167 'v
774 4124 833 4170 10
1010 4075 1230 4133 XVII.
1273 4075 1485 4149 Terti0,
1517 4074 1668 4149 Quia
1698 4074 1992 4151 Scriptura
2019 4073 2130 4132 soli
2147 4075 2276 4133 Deo
2302 4075 2523 4134 cultum
2541 4075 2768 4152 religio-

400 4156 412 4170 '
434 4139 495 4170 ⁰¹
573 4139 603 4169 ⁸
653 4156 665 4169 “
687 4139 705 4169 ¹
740 4156 753 4169 ⁹
832 4157 845 4170 '
892 4175 1017 4214 sum
1040 4154 1313 4229 vindicat,
1336 4155 1645 4212 Dominum
1662 4156 1854 4212 Deum
1869 4163 2024 4212 tuum
2049 4155 2317 4213 adorabis
2344 4163 2399 4212 et
2422 4155 2509 4211 illi
2530 4156 2638 4213 soli
2653 4175 2768 4214 scr-

366 4237 496 4312 vies,
541 4237 712 4296 Matt.
743 4237 821 4295 iv.
857 4237 948 4309 10,
980 4234 1137 4311 quod
1152 4234 1367 4310 petitur
1392 4253 1468 4292 ex
1498 4234 1672 4293 Deut.
1701 4234 1780 4292 vi.
1815 4236 1907 4308 13,
1933 4241 1992 4292 et
2008 4254 2068 4292 x.
2097 4236 2194 4310 20,
2224 4233 2326 4293 ubi
2343 4234 2482 4292 licet
2501 4253 2772 4312 expresse

367 4335 485 4374 non
526 4317 809 4375 habeatur
847 4333 967 4372 vox
1006 4314 1127 4387 soli,
1170 4313 1493 4372 necessario
1519 4321 1714 4372 tamen
1741 4313 2072 4388 includitur,
2115 4323 2184 4373 ut
2213 4314 2490 4373 Servator
2515 4316 2771 4391 exponit.

372 4395 617 4454 Frustra
660 4402 969 4455 occurrunt
1011 4392 1381 4466 Adversarii,
1416 4393 1647 4474 λαις-ζωῶν
1689 4392 1785 4450 hic
1827 4392 2016 4452 solum
2059 4394 2186 4451 Deo
2243 4394 2614 4470 appropriari,
2657 4413 2774 4453 non

370 4473 603 4551 δουλείαν,
636 4495 808 4553 quam
836 4472 982 4532 nihil
1010 4472 1200 4532 obstet
1228 4472 1529 4532 Coelitibus
1556 4473 1730 4532 etiam
1759 4473 2184 4531 communicari.
2270 4473 2418 4546 Quia
2454 4473 2631 4531 Satan
2657 4493 2774 4532 non

369 4556 516 4633 petit
545 4557 789 4636 λειτςιίοιν,
823 4553 923 4612 sed
952 4559 1175 4612 tantum
1204 4550 1535 4633 vrgao-nsum»,
1554 4572 1661 4610 nee
1689 4551 1810 4609 ulla
1835 4549 2056 4616 δουλείαις
2076 4552 2171 4609 hic
2192 4551 2258 4610 fit
2275 4552 2506 4613 mentio.
2551 4551 2778 4612 Deinde

370 4633 573 4694 fictitia
600 4644 689 4694 est
717 4645 775 4694 et
803 4633 989 4693 inanis
1018 4632 1330 4709 distinctio,
1362 4653 1491 4692 cum
1521 4641 1637 4691 tam
1668 4632 1822 4710 apud
1851 4651 2044 4692 saeros
2073 4651 2246 4708 quam
2289 4631 2554 4708 profanos
2587 4631 2776 4710 Scrip-
2813 4687 2836 4704 ,
