3300 5225
379 373 600 424 Quas-r.
629 351 750 434 ιιι.]
1233 373 1313 414 nn
1341 373 1632 418 nucams
1660 374 1783 432 nm,
1812 375 1942 416 mc.
2672 357 2802 416 283·

382 516 509 574 sive
547 515 612 572 in
650 512 867 572 bonum
895 511 1020 571 sive
1059 513 1122 570 in
1147 513 1400 591 malum3
1444 513 1578 574 Non
1606 514 1870 592 sequitur
1894 514 2105 575 mutari
2130 511 2423 576 decretum
2462 515 2669 592 ipsum,
2700 515 2801 574 vel

382 595 445 652 in
472 602 729 671 tempore
758 591 990 650 demum
1017 591 1158 668 fieri,
1187 593 1325 670 quia
1348 595 1474 653 haec
1500 594 1630 671 ipsa
1656 594 1899 654 mutatio
1922 595 2047 672 jam
2074 594 2151 654 ab
2177 601 2391 654 aeterno
2412 594 2644 654 decretu
2670 603 2795 670 est3

390 673 509 734 Sed
550 673 664 732 ista
691 675 1076 752 drogum-nuo&
1103 673 1275 748 dicta,
1303 676 1592 769 Suu-gn&
1620 674 1839 734 debent
1876 674 2147 752 intelligi,
2188 693 2309 733 non
2348 675 2569 734 ratione
2609 681 2795 733 muta-

383 753 562 813 tionis
601 753 664 810 in
693 752 840 828 Deo,
881 751 986 812 sed
1022 753 1086 810 in
1112 753 1382 830 operibus
1407 775 1554 834 ejus.
1640 755 1741 816 Sic
1780 754 2043 833 intellige
2083 755 2229 830 loca,
2258 755 2303 814 J
2306 773 2385 814 er.
2414 753 2581 813 xviii.
2614 755 2707 828 10,
2738 761 2800 813 et

385 833 555 892 xxxi.
585 835 700 908 283
746 833 920 893 Deut.
950 832 1158 891 xxviii.
1188 835 1286 893 63.

467 913 555 972 X.
606 911 888 988 Quamvis
930 911 1164 972 decreta
1204 913 1320 972 Dei
1359 921 1689 974 statuantur
1730 921 1981 990 asterna3
2034 931 2153 973 non
2192 914 2453 992 sequitur
2494 913 2801 973 Creuturas

387 1001 633 1053 aeternas
659 991 872 1068 fuisse3
916 991 1178 1068 sequitur
1195 999 1422 1052 tantum
1451 994 1642 1054 Deum
1660 993 1736 1052 ab
1758 1001 1973 1053 aeterno
1999 992 2344 1070 decrevisse,
2374 993 2519 1070 quid
2543 993 2800 1052 futurum
2822 1023 2835 1032 -

385 1080 542 1133 esset
569 1073 723 1132 circa
746 1071 880 1131 illas
905 1071 968 1130 in
993 1079 1286 1149 tempore;
1329 1072 1510 1132 fiiisse
1535 1092 1677 1151 ergo
1704 1072 1977 1133 dicuntur
2000 1080 2225 1132 tantum
2253 1073 2447 1150 quoad
2473 1091 2589 1132 esse
2613 1074 2798 1150 σοφή-

389 1163 508 1212 tum
533 1160 592 1212 et
618 1153 991 1227 inoenfionak,
1015 1158 1248 1229 propter
1273 1151 1673 1213 futuritionem
1698 1171 1897 1212 earum
1915 1152 2225 1227 decretam,
2255 1172 2370 1229 quo
2400 1172 2573 1212 sensu
2600 1152 2801 1212 dicun-

387 1241 484 1292 tur
509 1232 704 1292 omnia
731 1250 907 1310 opera
930 1231 1166 1308 cognita
1191 1230 1370 1292 fuisse
1399 1233 1527 1292 Deo
1554 1233 1630 1292 ab
1658 1239 1893 1308 esterno,
1917 1231 2055 1292 Act.
2083 1251 2185 1290 xv.
2213 1233 2306 1308 18,
2334 1231 2441 1292 sed
2465 1251 2584 1291 non
2610 1231 2805 1310 quoad

387 1331 504 1372 ase
529 1314 702 1370 reale.

467 1392 592 1450 XI.
637 1391 704 1452 Si
743 1391 976 1452 decreta
1017 1409 1056 1450 a
1091 1389 1439 1468 quibusdam
1481 1399 1773 1470 negantur
1815 1409 1944 1452 esse
1981 1398 2197 1451 aeterna
2238 1411 2275 1450 a
2317 1389 2639 1470 posteriori,
2668 1389 2809 1466 quia

386 1470 664 1531 desinunt
687 1487 820 1530 cum
855 1471 984 1548 ipsa
1008 1471 1350 1532 executione
1370 1493 1404 1549 ;1
1428 1473 1542 1532 hoc
1566 1471 2013 1550 intelligendum
2041 1479 2133 1530 est
2155 1479 2383 1532 tantum
2408 1479 2675 1548 respectu
2701 1470 2805 1530 ob-

379 1553 666 1629 jectorum
694 1569 824 1629 quse
851 1549 1248 1629 producuntur
1273 1560 1440 1612 extra
1463 1553 1671 1628 Deum,
1694 1569 1815 1611 non
1840 1559 2108 1630 respectu
2134 1560 2299 1612 actus
2326 1549 2528 1628 divini,
2560 1550 2661 1627 qui
2687 1567 2807 1607 non

386 1638 660 1691 mutatur.
746 1631 840 1689 Ita
878 1639 1013 1709 post
1049 1631 1470 1708 executionem,
1497 1651 1593 1692 res
1625 1631 1865 1710 quidem
1890 1632 2123 1692 decreta
2150 1631 2365 1692 desinit
2390 1649 2521 1692 esse
2558 1631 2621 1687 in
2659 1628 2803 1704 fieri,

387 1709 526 1788 quia
546 1710 672 1788 jam
697 1709 852 1772 facta.
871 1719 976 1786 est,
1001 1710 1106 1770 sed
1131 1729 1248 1770 uon
1269 1712 1484 1774 desinit
1501 1719 1699 1772 tamen
1724 1712 1919 1791 ipsum
1937 1711 2250 1789 decretum,
2280 1709 2419 1789 quia
2437 1709 2807 1770 verissimum

386 1797 478 1852 est
506 1791 698 1850 Deum
724 1787 800 1850 ab
828 1798 1043 1850 aetemo
1069 1791 1186 1850 tale
1213 1792 1356 1867 quid
1383 1792 1733 1853 decrevisse.

469 1870 628 1929 XII.
687 1870 856 1928 Licet
893 1868 1126 1929 decreta
1165 1871 1391 1947 possint
1433 1891 1562 1932 esse
1604 1871 1839 1930 diversa
1878 1878 2149 1948 respectu
2188 1889 2383 1931 rerum
2426 1869 2803 1944 decretarum,

389 1949 554 2008 nulla
577 1957 772 2008 tamen
800 1947 1012 2007 dantur
1037 1967 1168 2026 quse
1195 1949 1310 2008 sibi
1349 1949 1494 2027 ipsis
1528 1947 1910 2009 adversentur
1948 1957 2217 2028 respectu
2256 1949 2571 2009 eorundem
2612 1950 2805 2026 objec-

389 2037 622 2104 torum3
680 2035 749 2086 ut
788 2026 932 2086 velit
972 2025 1226 2104 aliquem
1267 2047 1374 2106 per
1413 2047 1596 2087 unum
1637 2027 1937 2087 decretum
1974 2029 2235 2106 perdere,
2284 2047 2457 2106 quem
2504 2047 2610 2106 per
2645 2027 2808 2088 aliud

392 2106 689 2166 decretum
719 2125 950 2165 servare
975 2106 1138 2165 velit.
1221 2107 1347 2166 Nec
1375 2107 1428 2165 si
1455 2107 1618 2165 Deus
1643 2105 1922 2182 decrevit,
1952 2114 2019 2166 ut
2056 2107 2245 2166 eidem
2285 2107 2523 2183 homini,
2566 2108 2720 2167 bona
2747 2113 2808 2166 et

391 2185 550 2245 mala
583 2185 928 2263 contingant
965 2184 1312 2261 successive,
1356 2185 1618 2263 sequitur
1643 2203 1773 2244 esse
1798 2186 2087 2245 contraria
2112 2187 2377 2262 decreta;
2422 2187 2553 2245 Imo
2576 2193 2645 2245 ut
2670 2194 2809 2246 sunt

393 2266 470 2326 ab
495 2283 613 2325 uno
644 2265 790 2340 Deo,
834 2264 918 2324 ita
955 2264 1132 2324 unius
1170 2264 1548 2343 ejusdemque
1589 2263 1807 2324 decreti
1848 2283 2075 2342 semper
2106 2265 2219 2325 sibi
2258 2264 2577 2325 constantis
2602 2263 2811 2324 effecta

393 2343 620 2405 censeri
664 2343 896 2420 debent,
935 2344 1038 2422 qui
1079 2343 1190 2403 hac
1232 2345 1456 2404 ratione
1498 2342 1721 2404 homini
1762 2351 2133 2421 prospectum
2166 2344 2389 2420 voluit3
2438 2351 2507 2403 ut
2544 2343 2808 2420 ejusdem

394 2423 616 2484 Medici
657 2424 892 2485 decreto
935 2424 1169 2484 diversa
1213 2432 1274 2484 et
1315 2443 1468 2501 saepe
1517 2423 1805 2484 contraria
1851 2423 2107 2484 remedia
2148 2424 2226 2483 ad
2267 2423 2410 2502 aegri
2452 2423 2809 2483 curationem

393 2504 722 2566 successive
748 2503 1114 2564 adhibentur.

474 2585 668 2646 XIII.
712 2584 1040 2646 AEternitas
1070 2585 1450 2647 Decretorum
1479 2582 1594 2645 Dei
1632 2601 1753 2644 non
1786 2581 1945 2645 tollit
1982 2583 2309 2645 libertatem
2344 2583 2475 2663 ejus
2512 2583 2575 2643 in
2612 2581 2807 2644 decer-

393 2666 624 2742 nend03
667 2666 807 2743 quia
844 2665 984 2726 licet
1021 2665 1248 2725 nullum
1288 2674 1644 2726 momentum
1684 2664 1971 2743 assignari
2009 2666 2212 2744 possit,
2244 2685 2364 2743 quo
2394 2666 2555 2724 Deus
2582 2665 2659 2724 ad
2697 2666 2811 2724 hoc

393 2746 494 2806 vel
533 2745 682 2805 illud
707 2744 1134 2805 decernendum
1175 2746 1349 2807 fuerit
1374 2754 1512 2807 actu
1543 2745 1913 2823 indifferen03
1956 2753 2151 2806 tamen
2178 2752 2399 2806 certum
2428 2753 2517 2805 est
2542 2753 2808 2805 naturam

397 2826 512 2885 Dei
537 2826 600 2883 in
627 2844 691 2885 se
727 2825 905 2887 fiiisse
945 2824 1388 2903 indifferentem,
1423 2835 1491 2887 ut
1515 2826 1614 2885 vel
1653 2826 1767 2886 hoc
1792 2826 1893 2887 vel
1930 2824 2079 2887 illud
2106 2825 2457 2901 decerneret,
2484 2825 2624 2902 quia
2648 2825 2811 2883 nulla

395 2904 506 2967 fuit
529 2906 858 2967 necessaria
882 2906 1172 2966 connexio
1195 2907 1348 2967 inter
1375 2906 1567 2968 Deum
1595 2915 1657 2967 et
1684 2906 2009 2983 Oreum-as,
2048 2907 2241 2984 qualis
2282 2912 2375 2967 est
2397 2905 2551 2963 inter
2578 2905 2811 2963 Patrem

393 2994 456 3045 et
483 2986 722 3062 Filium,
748 3004 922 3063 quem
947 3002 1068 3045 non
1106 2987 1297 3065 potnit
1322 3006 1442 3046 non
1469 3006 1765 3065 generare,
1795 3004 1928 3049 cum
1968 2986 2269 3066 potuisset,
2300 2984 2353 3047 si
2376 2984 2679 3061 voluisset,
2709 2985 2809 3043 ab·

395 3066 609 3126 stinere
635 3066 713 3126 ab
739 3066 898 3125 omni
923 3086 1116 3125 rerum
1142 3066 1539 3144 productione.

1323 3304 1716 3380 QUAESTIO
1755 3304 1879 3365 ΙΙΙ.

399 3462 494 3521 An
509 3462 713 3522 deneas·
729 3462 980 3523 Decreta
999 3463 1419 3525 wasconum!
1448 3464 1504 3523 N
1505 3483 1599 3542 eg.
1621 3472 1823 3524 contra
1842 3463 2055 3540 Socim,
2080 3464 2429 3541 Remonstr„
2452 3470 2512 3525 et
2532 3464 2576 3527 J
2578 3464 2811 3525 esuitas.

417 3670 429 3677 .
482 3621 534 3680 Ι.
578 3620 758 3681 Nulla
783 3629 876 3683 est
902 3623 1284 3685 Decretorum
1311 3623 1426 3684 Dei
1452 3622 1768 3699 distinctio,
1798 3639 1929 3703 quse
1956 3623 2315 3701 frequentius
2338 3632 2617 3701 urgeatur
2640 3644 2677 3683 a
2708 3623 2812 3683 Βο-

401 3700 664 3775 cinianis,
695 3701 1258 3782 Remonstrantibus,
1289 3711 1350 3764 et
1375 3703 1506 3763 aliis
1533 3704 1638 3783 qui
1680 3704 1851 3763 liberi
1882 3704 2107 3763 arbitrii
2134 3703 2303 3762 Idolo
2348 3703 2537 3779 litant,
2584 3720 2669 3781 ea,
2699 3722 2815 3781 qua

401 3780 684 3859 distingui
711 3781 901 3842 solent
925 3782 988 3841 in
1013 3784 1270 3844 absoluta
1295 3794 1351 3845 et
1365 3784 1751 3847 conditionata
1764 3807 1791 3857 ,·
1818 3784 1923 3845 sed
1946 3784 2113 3844 nulla
2134 3791 2331 3843 tamen
2358 3792 2449 3843 est
2472 3804 2604 3862 quae
2630 3784 2811 3862 majo-

400 3862 564 3921 ribus
587 3870 883 3939 prematur
909 3863 1194 3939 absurdis,
1233 3872 1294 3924 et
1318 3882 1450 3942 quse
1476 3864 1673 3923 minus
1714 3864 1793 3927 sit
1837 3863 2213 3924 admittenda.
2258 3864 2483 3942 Scopus
2514 3864 2809 3924 Soeiniaen-

402 3958 586 4017 orum,
605 3950 665 4001 et
685 3958 884 4001 eorum
899 3942 1000 4019 qui
1020 3943 1132 4003 hae
1151 3945 1212 4003 in
1237 3952 1402 4021 parte
1426 3944 1564 4003 illos
1591 3952 1931 4023 sequuntur,
1949 3951 2039 4004 est
2063 3943 2331 4003 Scientiae
2346 3944 2553 4003 mediae
2570 3945 2812 4023 figmen-

399 4029 528 4081 tum
539 4020 894 4159 ‹ffnfirmm
909 4022 1270 4084 Elecfionem
1281 4044 1358 4084 ex
1367 4023 1483 4087 fide
1503 4026 1753 4103 praevisa
1766 4024 2083 4101 adstruere,
2097 4032 2159 4084 et
2172 4024 2410 4083 humaui
2426 4023 2647 4084 arbitrii
2656 4024 2813 4084 vires

402 4110 542 4161 exto
589 4120 702 4161 ere.

1010 4183 1096 4242 II.
1139 4184 1274 4244 Non
1299 4184 1580 4263 quaritur
1603 4184 1683 4245 de
1708 4186 1959 4247 Decreto
1998 4185 2249 4244 absoluto
2294 4183 2393 4243 vel
2438 4185 2813 4243 conditionate

474 4244 826 4351 ⁵“2‘2'139mj
928 4283 964 4322 a
981 4264 1294 4341 posteriori
1313 4273 1374 4326 et
1391 4275 1799 4343 consequenter,
1828 4264 1930 4325 vel
1954 4272 2221 4343 respectu
2238 4281 2435 4324 renem
2460 4267 2813 4325 decretarum

621 4318 650 4351 ⁰
728 4339 740 4354 '
927 4351 990 4404 et
1014 4344 1370 4423 objectorum
1396 4346 1709 4407 volitorum
1736 4354 1905 4406 extra
1920 4346 2140 4423 Deum;
2182 4345 2285 4404 An
2310 4344 2521 4404 dentur
2546 4344 2689 4403 talia
2712 4342 2812 4403 de-

403 4430 578 4501 creta,
608 4444 738 4503 quae
765 4424 864 4484 vel
889 4424 1110 4485 nullam
1138 4426 1544 4503 conditionem,
1573 4433 1635 4486 et
1659 4426 1915 4487 medium
1949 4426 2013 4485 in
2052 4425 2395 4487 executione
2420 4424 2688 4499 habeant,
2718 4422 2817 4482 vel

403 4522 536 4580 quse
575 4504 812 4583 aliquod
837 4504 1158 4565 includant.
1201 4506 1336 4566 Hoc
1361 4508 1516 4566 enim
1543 4526 1719 4567 sensu
1750 4527 1869 4567 non
1893 4524 2175 4585 negamus
2200 4507 2365 4565 varia
2388 4504 2620 4564 decretu
2644 4520 2819 4579 posse

404 4586 601 4643 vocari
629 4585 1038 4663 conditionata,
1069 4586 1206 4663 quia
1247 4586 1606 4647 conditiones
1644 4587 1861 4647 habent
1902 4588 2015 4647 sibi
2054 4586 2457 4647 subordinatas
2478 4606 2495 4659 3
2539 4580 2819 4656 Quamvis

406 4662 702 4727 fatendum
731 4665 810 4727 sit
832 4666 1026 4728 minus
1071 4666 1362 4745 propriam
1405 4686 1532 4729 esse
1577 4667 1947 4745 locutionem,
1976 4667 2114 4747 quia
2156 4684 2273 4727 non
2300 4660 2705 4727 confundenda
2729 4667 2821 4720 est
