3300 5225
574 344 689 402 102
1491 357 1675 404 Locus
1702 361 2022 405 sacunnus.
2615 340 2873 423 [qums-r.
2901 362 2990 406 11.

574 503 675 562 An
702 501 1061 561 Anthentica
1084 500 1163 563 sit
1186 508 1446 579 utraque,
1476 520 1607 580 quse
1646 522 1725 563 ex
1751 521 1814 563 se
1839 502 2014 561 fidem
2042 509 2102 562 et
2141 502 2546 562 authoritatem
2573 512 2877 578 mereatur,
2907 502 2987 562 ad

572 602 749 660 quam
776 581 1079 661 exigendae
1106 582 1223 643 sint
1248 581 1564 641 Versiones
1603 600 1823 659 omnes,
1851 580 1916 641 id
1940 582 2090 641 inter
2129 582 2185 641 N
2187 602 2254 643 os
2293 590 2354 642 et
2395 581 2732 643 Pontificios
2757 590 2986 643 contro·

576 662 839 723 vertitur.

836 784 872 819 ‚-
1025 807 1037 818 ,
1184 740 1272 800 11.
1314 740 1482 801 Licet
1505 740 1742 819 quidam
1767 760 1845 800 ex
1874 737 2192 801 Pontificiis
2231 740 2516 819 aequiores
2555 739 2673 801 sint
2711 740 2988 817 fontibuS,

624 808 1059 911 smffgssffimu‘
1100 820 1407 898 puritatem
1434 838 1631 880 eorum
1659 819 1984 895 asserendo,
2013 828 2080 881 ut
2118 828 2290 880 antea
2313 820 2525 898 visum,
2553 828 2615 881 ct
2641 840 2717 879 ex
2741 820 2994 899 puritate

925 895 939 907 '
1103 900 1458 959 authentiam
1496 899 1616 959 illis
1657 900 2053 976 adscribendo,
2081 907 2150 960 ut
2177 900 2490 961 Versiones
2531 918 2732 959 omnes
2759 909 2820 959 et
2844 900 2994 959 Vul-

584 984 723 1055 gata
760 976 935 1038 etiam
972 977 1051 1037 ad
1092 998 1195 1039 eos
1236 978 1495 1039 revocari
1537 979 1804 1055 debeant,
1839 986 1900 1038 et
1931 998 2008 1038 ex
2033 979 2107 1039 iis
2135 980 2348 1057 corrigi
2387 979 2648 1057 possint3
2689 988 2759 1038 ut
2799 980 2996 1039 δίκαιε

585 1059 783 1117 Senen.
806 1057 897 1117 lib.
920 1060 976 1133 8,
998 1059 1135 1118 hoer.
1166 1063 1221 1133 2,
1242 1060 1479 1135 DriedO,
1510 1060 1569 1118 li.
1598 1062 1671 1136 23
1709 1059 2061 1134 Andradius,
2091 1060 2182 1119 lib.
2205 1064 2262 1136 2,
2291 1062 2499 1134 desem.
2526 1059 2695 1119 Cone.
2728 1060 2907 1134 Tria„
2936 1066 2999 1117 et

586 1136 727 1213 alii;
771 1136 1039 1213 Plerique
1078 1146 1273 1196 tamen
1304 1137 1421 1196 illis
1449 1147 1586 1198 sunt
1610 1138 1941 1215 iniquiores,
1971 1138 2074 1215 qui
2101 1138 2302 1199 dicunt
2340 1139 2560 1198 nullam
2588 1157 2714 1197 esse
2757 1146 2998 1197 contex-

586 1224 684 1275 tus
712 1216 989 1295 Hebraici
1015 1216 1433 1293 certitudinem,
1464 1236 1570 1277 nec
1610 1218 1672 1276 in
1711 1218 2198 1296 disputationibus
2223 1218 2362 1277 fidei
2396 1218 2473 1277 ad
2499 1216 2687 1276 fontes
2713 1236 2841 1277 esse
2866 1234 3000 1294 pro-

589 1295 931 1370 vocandum,
953 1296 1052 1354 vel
1068 1296 1144 1355 V.
1166 1296 1508 1356 Versionem
1536 1318 1613 1357 ex
1640 1296 1714 1357 iis
1740 1297 2158 1357 emendandam
2184 1316 2329 1374 csse,
2358 1306 2426 1358 ut
2450 1299 2718 1372 Stapleto.
2747 1300 2817 1356 de
2833 1297 3002 1373 prin·

590 1375 698 1451 cip.
728 1374 827 1433 fid.
848 1377 993 1434 doct.
1020 1384 1231 1435 contro.
1263 1378 1319 1453 5,
1350 1396 1407 1453 q.
1427 1380 1483 1453 3,
1520 1397 1572 1435 a.
1600 1379 1654 1436 1.
1677 1378 1872 1437 Uanus
1897 1378 1990 1437 lib.
2019 1381 2076 1454 2,
2107 1398 2155 1438 c.
2179 1380 2272 1453 11,
2297 1380 2406 1454 13;
2439 1378 2752 1451 Lindanus,
2783 1384 2844 1435 et
2881 1375 3000 1451 alii,

590 1454 694 1531 qui
720 1454 1142 1531 corruptionem
1182 1455 1422 1515 fontium
1466 1464 1730 1516 tuentur.
1804 1458 2034 1517 Hausta
2073 1466 2266 1517 autem
2305 1466 2396 1517 est
2434 1458 2560 1514 haec
2601 1456 2886 1515 sententia
2925 1474 3004 1514 ex

598 1536 845 1593 Decrcto
874 1534 1118 1593 Concilii
1144 1534 1470 1594 Tridentini
1512 1536 1690 1596 Sessi.
1718 1538 1776 1613 4,
1805 1556 1922 1615 quo
1963 1536 2233 1613 sancitur,
2275 1544 2344 1596 ut
2381 1538 2445 1596 V.
2487 1536 2679 1595 Ver-sio
2706 1536 2920 1593 Latina
2947 1535 3007 1593 in

588 1614 824 1690 publicis
878 1614 1205 1689 lectionibus,
1262 1615 1737 1693 disputationibus,
1783 1617 2280 1693 proedicationibtae
2333 1626 2387 1675 et
2430 1616 2857 1691 expositionibus
2891 1634 3010 1691 pro

599 1692 916 1751 authentica
957 1694 1246 1770 habeatur,
1292 1695 1373 1752 ita
1414 1703 1478 1753 ut
1518 1716 1678 1754 nemo
1724 1697 1886 1755 illam
1935 1696 2169 1774 rejicere
2211 1696 2404 1773 quovis
2445 1702 2735 1773 praetextu
2781 1697 3010 1753 audeat.

602 1772 769 1831 Licet
794 1792 934 1831 vero
960 1792 1079 1831 non
1104 1772 1275 1851 pauci
1300 1793 1377 1832 ex
1405 1773 1725 1834 Pontificiis
1752 1795 1899 1853 quos
1925 1777 2100 1853 hujus
2128 1776 2346 1835 decreti
2370 1776 2565 1854 pudet,
2603 1775 2852 1834 alienum
2883 1793 3011 1833 sen·

603 1871 732 1910 sum
759 1851 812 1910 ei
838 1851 1111 1929 affingere
1138 1862 1432 1930 conentur,
1462 1854 1628 1931 quasi
1654 1856 1800 1913 nibil
1827 1864 2027 1915 contra
2052 1856 2344 1915 Textuum
2369 1855 2738 1933 originalium
2771 1854 3012 1913 authen-

602 1931 743 1990 tiam
762 1930 1081 1991 Concilium
1098 1931 1433 2011 decreverit,
1456 1954 1565 1993 nec
1585 1934 1664 1993 V.
1682 1935 2024 1995 Versionem
2041 1934 2297 1995 fontibus
2322 1936 2672 2012 praetulerit3
2704 1934 2806 1993 sed
2827 1934 3016 1992 solum

604 2030 681 2070 ex
710 2010 933 2069 Latinis
960 2010 1361 2089 Versionibus,
1402 2033 1533 2091 quae
1572 2033 1728 2075 nunc
1767 2010 2261 2092 circumferuntur,
2303 2034 2478 2075 unam
2513 2012 2812 2091 delegerit,
2841 2031 3016 2089 quam

602 2090 828 2149 eseteris
854 2098 1243 2167 anteponeret,
1284 2100 1352 2151 ut
1391 2092 1474 2152 ait
1501 2095 1648 2153 Bell.
1675 2095 1778 2154 lib.
1807 2097 1864 2172 2,
1900 2094 1975 2154 de
1999 2094 2078 2153 V.
2109 2095 2185 2153 D.
2226 2114 2278 2154 c.
2326 2097 2418 2172 10,
2447 2110 2578 2171 quse
2621 2092 2905 2155 sententia
2926 2099 3022 2151 est

604 2170 908 2245 Andradii,
938 2171 1299 2246 Salnaeromh,
1326 2173 1565 2249 Serarii,
1596 2181 1657 2234 et
1695 2174 1977 2251 aliorum;
2021 2174 2240 2233 Tamen
2285 2174 2436 2233 hanc
2475 2173 2854 2235 detor-tionem
2892 2190 3022 2230 esse

608 2248 841 2309 Decreti
873 2250 1151 2329 Synodici
1174 2252 1380 2311 merito
1408 2252 1619 2312 clamat
1647 2254 1725 2314 D.
1754 2256 2002 2329 Bannes,
2029 2260 2091 2312 et
2117 2272 2194 2313 ex
2219 2252 2362 2331 ipsis
2387 2252 2605 2313 decreti
2629 2252 2825 2311 verbis
2851 2250 3023 2309 facile

606 2329 917 2407 colligitur.
1000 2330 1150 2389 Nam
1180 2330 1230 2389 si
1255 2350 1359 2408 pro
1386 2332 1718 2392 authentica
1742 2333 1944 2392 haberi
1969 2333 2160 2408 debet,
2187 2344 2255 2392 ut
2281 2352 2450 2393 nemo
2469 2334 2630 2393 illam
2649 2332 2857 2409 quovis
2877 2349 3021 2408 prse-

606 2418 773 2470 textu
800 2408 1039 2487 rejicere
1066 2409 1293 2485 audeat,
1322 2430 1515 2470 nonne
1542 2411 1798 2471 fontibus
1834 2412 1976 2489 ipsis
2003 2420 2279 2489 sequatur,
2307 2412 2425 2471 imo
2453 2421 2511 2472 et
2536 2412 2834 2491 praefertur
2847 2412 2877 2468 P
2915 2428 3026 2467 nec

609 2489 763 2547 enim
792 2490 842 2547 si
869 2488 1117 2549 discedit
1142 2508 1179 2547 a
1204 2489 1461 2549 fontibus
1500 2490 1792 2568 exigenda
1817 2492 1926 2551 erit
1952 2491 2028 2550 ad
2067 2492 2242 2569 ipsos,
2273 2491 2377 2551 sed
2415 2490 2528 2570 ipsi
2553 2491 2745 2569 potius
2774 2489 2849 2547 ad
2875 2506 3021 2547 eam.

614 2568 789 2628 Unde
815 2570 1097 2627 Mariana
1124 2568 1197 2627 de
1240 2568 1318 2629 V.
1347 2569 1424 2629 V.
1451 2589 1586 2648 pag.
1616 2573 1715 2648 99,
1759 2570 2126 2648 conqueritur
2152 2578 2286 2649 post
2324 2570 2846 2650 promulgationem
2874 2568 3022 2627 Con·-

612 2647 734 2708 cilii
760 2648 1101 2725 Tridentini,
1136 2649 1347 2709 Graeca
1372 2659 1426 2707 et
1450 2652 1702 2709 Hebroea
1727 2671 1838 2709 ano
1865 2651 2072 2728 impetu
2103 2653 2416 2711 concidisse.
2497 2652 2713 2710 Nostra
2728 2667 2867 2708 vero
2896 2665 3026 2706 sen-

614 2727 797 2787 tentia
813 2735 919 2804 est,
940 2728 1122 2786 solam
1141 2727 1471 2788 Editionem
1490 2729 1842 2789 Hebraicam
1865 2730 1940 2789 V.
1959 2732 2028 2788 Τ.
2051 2739 2108 2790 et
2131 2731 2396 2790 Graecam
2425 2731 2499 2790 N.
2523 2749 2745 2806 semper
2771 2727 2947 2787 fuisse
2967 2734 3032 2786 et

611 2806 805 2866 adhuc
832 2825 959 2865 esse
988 2807 1392 2884 authenticam,
1422 2808 1497 2867 ad
1524 2827 1698 2885 quam
1726 2829 1924 2868 omnes
1951 2809 2024 2869 de
2051 2810 2165 2869 fide
2187 2820 2246 2870 et
2263 2810 2568 2887 Religione
2591 2805 3028 2882 controversiae,

616 2905 931 2964 omnesque
958 2887 1271 2946 Versiones
1297 2888 1527 2964 probari
1554 2897 1614 2947 et
1639 2888 1957 2948 examinari
1985 2889 2248 2949 debeant.

845 3031 858 3043 ·
1080 3031 1091 3044 ο
1224 2965 1346 3025 III.
1375 2968 1766 3027 Anthenticum
1789 2970 2077 3046 Scriptum
2102 2969 2250 3029 illud
2277 2977 2382 3045 est,
2407 2968 2501 3027 cui
2529 2967 2605 3026 ad
2623 2966 2794 3025 fidem
2814 2965 3025 3023 facien-

622 3030 1141 3147 Αᾛξξζζξξςζίῗξῃῑν
1182 3045 1315 3103 dam
1342 3047 1571 3106 abunde
1600 3048 1794 3106 omnia
1819 3057 2151 3126 suppetunt,
2195 3055 2256 3107 et
2295 3049 2388 3107 cui
2415 3047 2752 3124 plenissima
2776 3045 2922 3103 fides
2963 3044 3026 3102 in

1184 3143 1289 3184 suo
1318 3127 1529 3203 genere
1557 3126 1835 3203 debetur;
1877 3127 1953 3186 de
1979 3147 2096 3205 quo
2137 3135 2295 3187 certo
2335 3135 2564 3187 constat
2602 3125 2760 3203 quod
2799 3132 2858 3182 et
2895 3142 3028 3200 pro-

623 3201 839 3260 fectum
866 3200 942 3260 sit
965 3202 1041 3260 ab
1070 3221 1138 3262 eo
1166 3206 1421 3282 authore,
1452 3207 1621 3284 cnjus
1667 3225 1880 3266 nomen
1904 3227 2024 3284 prse
2053 3227 2114 3266 se
2141 3207 2269 3283 fert,
2315 3216 2374 3267 et
2421 3206 2579 3284 quod
2622 3203 2814 3264 omnia
2858 3201 2919 3260 in
2959 3219 3030 3260 eo

626 3280 842 3356 scripta
868 3281 983 3340 sint
1002 3284 1291 3359 quomodo
1318 3284 1421 3344 illa
1448 3287 1622 3346 scribi
1648 3287 1774 3364 ipse
1795 3286 1997 3346 voluit.
2043 3287 2288 3346 Duobus
2315 3294 2508 3346 autem
2535 3283 2724 3344 modis
2752 3281 3030 3359 scriptum

628 3359 863 3436 aliquod
889 3363 1259 3422 authenticum
1286 3383 1412 3424 esse
1438 3373 1647 3444 potest,
1679 3365 1775 3424 vel
1787 3365 2074 3441 primario
2103 3374 2161 3424 et
2187 3366 2554 3442 mimum,
2574 3364 2670 3422 vel
2697 3360 3034 3420 secundario

628 3448 687 3499 et
712 3440 1033 3500 derivative.
1116 3442 1397 3504 Primario
1440 3445 1835 3504 authenticum
1877 3454 1967 3504 est
2011 3445 2075 3503 id
2113 3445 2388 3522 scriptum
2415 3443 2572 3518 quod
2599 3449 2689 3500 est
2713 3440 3031 3514 abtin-mon,

628 3519 724 3578 cui
750 3539 855 3579 sua
881 3541 985 3598 per
1011 3539 1073 3580 se
1101 3522 1245 3583 fides
1272 3533 1515 3601 constat,
1544 3532 1604 3585 et
1630 3524 1727 3584 cui
1753 3525 1828 3582 ob
1847 3525 2098 3602 seipsum
2115 3524 2285 3601 plane
2303 3522 2554 3582 creditur
2573 3541 2643 3579 ac
2661 3518 2822 3578 credi
2842 3519 3033 3593 debet,

627 3619 745 3677 quo
772 3609 940 3678 pacto
970 3609 1105 3660 sunt
1130 3603 1475 3662 authenticae
1501 3604 1716 3664 tabulae
1753 3604 2081 3681 archetypae
2109 3602 2448 3661 Edictorum
2478 3601 2725 3678 Regum,
2759 3599 3034 3658 Decreto-

626 3699 757 3738 rum
806 3678 1273 3758 Magistratuum,
1303 3684 1821 3758 Testamentorum,
1869 3683 2297 3757 Contractuum,
2343 3689 2404 3740 et
2442 3679 2666 3757 quaevis
2707 3679 3039 3738 Authorum

629 3758 1033 3837 Autographa.
1120 3761 1471 3822 Secundario
1499 3762 1832 3822 authentica
1873 3770 2007 3821 sunt
2048 3761 2240 3820 omnia
2280 3759 2638 3838 Apograpba
2677 3766 2941 3817 accurate
2980 3763 3042 3816 et

630 3837 878 3897 fideliter
904 3857 981 3896 ex
1008 3841 1336 3918 archetypis
1362 3841 1650 3919 descripta
1690 3860 1794 3918 per
1834 3840 2072 3900 idoneos
2111 3839 2391 3916 homines,
2435 3839 2638 3918 quales
2677 3857 2783 3915 pro
2813 3833 3040 3896 Edictis

634 3917 986 3993 Principum,
1037 3917 1282 3996 aliisque
1323 3920 1538 3979 tabulis
1585 3921 1852 3998 Publicia,
1900 3929 2036 3980 sunt
2079 3920 2362 3979 duntaxat
2400 3918 2769 3978 Tabelliones
2807 3916 3041 3994 publica

636 3995 981 4054 authoritate
1008 3996 1083 4055 ad
1110 3997 1172 4055 id
1199 3997 1507 4074 destinati3
1546 4019 1656 4092 pro
1683 3999 1848 4058 libris
1889 4009 2081 4060 autem
2122 4007 2182 4059 et
2207 3999 2336 4058 aliis
2364 3998 2593 4076 scriptis
2633 3997 2828 4075 quivis
2874 3994 3044 4072 probi

636 4081 697 4131 et
724 4073 1033 4150 diligentes
1060 4075 1263 4134 scribae
1291 4084 1350 4135 ct
1377 4077 1779 4155 descriptores.
1839 4079 2034 4138 Primo
2064 4097 2237 4138 sensu
2265 4078 2390 4138 sola
2418 4076 2805 4155 Autograpba
2832 4074 3040 4148 Mosis‚

638 4151 755 4210 Pro
792 4154 1073 4230 betarum,
1104 4164 1165 4215 et
1191 4154 1607 4233 Apostolorum
1634 4165 1772 4217 sunt
1797 4157 2166 4221 authentica:
2211 4158 2330 4218 Sed
2355 4155 2659 4236 posteriori
2686 4151 3046 4234 Apograpba

637 4231 751 4290 fide
779 4233 833 4289 'a
858 4238 917 4289 et
944 4242 1209 4292 accurata
1238 4243 1373 4292 sunt
1399 4236 1572 4296 etiam
1600 4236 1948 4296 authentica.

720 4311 833 4370 IV.
878 4311 1119 4387 RursuS,
1149 4314 1477 4374 Authoritas
1504 4315 1786 4394 cujusque
1818 4315 2029 4394 Scripti
2057 4315 2372 4377 authentici
2415 4315 2633 4393 duplex
2667 4321 2794 4389 est3
2840 4311 3048 4370 Altera

639 4389 699 4448 in
726 4392 889 4450 rebus
930 4393 1065 4468 ipsis
1090 4391 1163 4451 de
1190 4393 1404 4470 quibus
1430 4394 1491 4453 id
1518 4396 1642 4472 agit
1683 4393 1974 4471 fundatur,
2019 4405 2080 4456 et
2125 4395 2388 4454 homines
2433 4402 2655 4471 spectat
2696 4393 2772 4451 ad
2798 4411 2946 4469 quos
2985 4387 3049 4448 id

642 4470 917 4547 scriptum
946 4471 1247 4549 dirigitur:
1290 4473 1498 4532 Altera
1536 4473 1691 4533 circa
1729 4495 2036 4534 sermonem
2075 4475 2264 4554 ipsum
2307 4483 2366 4533 et
2391 4473 2734 4549 scripturam
2760 4479 3046 4543 versatur,

642 4559 699 4608 et
727 4550 803 4608 ad
828 4569 1152 4628 congenera
1180 4553 1548 4630 exemplaria,
1574 4564 1633 4613 et
1659 4556 2065 4614 translationes
2093 4554 2227 4613 inde
2255 4553 2437 4612 factas
2464 4552 2741 4626 refertur3
2775 4553 2952 4626 inque
2981 4568 3052 4607 ea

643 4630 833 4688 omnia
855 4631 955 4708 jus
984 4632 1097 4691 talc
1126 4632 1363 4708 obtinet,
1394 4641 1460 4692 ut
1483 4634 1609 4694 haec
1638 4634 1714 4692 ad
1735 4635 2010 4712 scriptum
2027 4634 2422 4694 authenticum
2439 4631 2756 4692 examinari
2783 4629 3049 4702 debeant,
