3300 5225
394 373 616 425 ounsr.
647 354 781 438 xv.]
1394 376 1475 416 ns
1502 375 1790 418 racemo·
2687 357 2804 416 589

394 518 533 578 bere
562 517 671 578 sub
700 517 879 596 Lege,
910 526 969 579 et
994 519 1057 577 in
1082 517 1156 578 iis
1183 517 1285 596 qui
1312 519 1619 579 veritatem
1657 519 1914 578 nondum
1956 525 2092 578 sunt
2131 517 2394 597 professi.
2481 515 2654 578 Unde
2695 527 2810 576 tres

389 601 612 675 qradus
640 599 767 676 ejus
792 608 1036 676 possunt
1063 601 1354 660 constitui.
1437 602 1668 659 Rimas
1693 601 1754 657 in
1791 601 1881 674 iis,
1912 600 2014 676 qui
2055 600 2163 658 sub
2191 599 2396 658 Veteri
2435 599 2808 657 Testamento

396 677 719 739 doctrinam
747 679 935 738 Mosis
962 688 1028 740 ut
1056 680 1350 740 exitialem
1379 680 1813 756 conculcabant,
1845 687 1902 738 et
1945 679 2248 738 obfirmato
2289 679 2483 738 animo
2525 697 2805 756 conspue-

396 758 557 835 bant,
588 759 664 818 ad
690 779 839 836 quos
866 761 1177 819 accessisse
1206 761 1479 820 videntur
1506 761 1609 836 illi,
1641 760 1744 838 qui
1781 760 2052 820 dicuntur
2079 779 2318 837 peccare
2345 763 2498 818 elata
2525 779 2714 834 manu,
2747 767 2808 818 et

386 860 505 916 per
528 840 864 917 superbiam,
895 849 955 900 et
980 841 1082 917 qui
1113 841 1389 917 Spiritum
1419 841 1744 900 sanctitatis
1773 841 2144 900 contristasse
2171 840 2463 917 leguntur,
2497 840 2614 898 Isa.
2656 839 2806 898 lxiii.

404 922 499 980 10.
584 920 873 979 Secundus
899 921 960 978 in
991 921 1301 980 Pharisaeis
1328 930 1387 980 et
1418 921 1655 996 Scribis,
1687 920 1788 998 qui
1814 921 1952 980 licet
1981 921 2371 997 Evangelium
2399 940 2518 978 non
2558 919 2808 996 recepis-

401 1008 547 1077 sent,
577 1009 774 1060 tamen
802 1001 1095 1060 Christum
1123 1001 1362 1079 ejusque
1401 1000 1722 1060 doctrinam
1753 1009 1812 1060 et
1839 1001 2116 1058 miracula
2141 1009 2208 1059 ut
2236 998 2540 1075 diabolica,
2573 1019 2648 1058 ex
2675 999 2806 1058 des-

398 1081 583 1140 tinata
624 1081 845 1140 malitia
879 1081 1328 1156 insectabantur,
1370 1081 1540 1140 Matt.
1570 1081 1674 1139 xii.
1713 1084 1812 1140 24.
1896 1081 2176 1155 Quamvis
2205 1099 2343 1138 vero
2385 1079 2652 1139 dicantur
2692 1098 2810 1137 non

400 1161 637 1220 novisse
666 1161 977 1239 Christum,
1014 1164 1045 1220 1
1078 1161 1208 1221 Cor.
1240 1161 1299 1220 ii.
1330 1164 1385 1237 8,
1418 1162 1553 1238 quia
1593 1163 1646 1218 si
1683 1162 1842 1219 illum
1881 1162 2170 1236 novissent,
2213 1181 2328 1218 non
2368 1160 2771 1240 cructfimlssent
2786 1184 2811 1234 ;

401 1241 512 1301 hoc
541 1240 614 1300 de
642 1242 972 1320 cognitione
998 1242 1253 1320 practica
1281 1251 1339 1302 et
1368 1242 1606 1300 salutari
1638 1240 2084 1318 intelligendum
2111 1249 2217 1315 est,
2247 1259 2364 1298 non
2393 1238 2467 1298 de
2494 1241 2813 1299 theoretica

397 1329 461 1380 et
503 1322 795 1399 historica,
854 1322 991 1400 quia
1030 1322 1189 1399 quod
1230 1322 1505 1398 sciebant,
1548 1321 1838 1380 malitiose
1877 1321 2172 1398 negabant
2211 1328 2270 1379 et
2312 1318 2809 1378 abominabantur.

406 1403 628 1460 Tertius
656 1411 745 1462 est
771 1404 833 1461 in
860 1403 933 1461 iis
961 1404 1062 1480 qui
1092 1402 1479 1480 Evangelium
1506 1400 1845 1479 aliquandiu
1873 1401 2133 1479 professi,
2165 1407 2366 1459 contra
2401 1400 2598 1460 lumen
2631 1399 2811 1477 Spiri-

401 1490 497 1542 tus
529 1482 589 1541 S.
619 1501 735 1560 quo
764 1483 836 1542 de
864 1483 991 1560 ejus
1020 1483 1365 1542 excellentia
1392 1492 1451 1542 et
1494 1483 1782 1542 suavitate
1825 1482 2263 1557 convincuntur,
2313 1479 2462 1539 illud
2508 1487 2710 1557 postea
2737 1499 2814 1538 ex

398 1559 537 1620 odio
565 1571 624 1621 et
652 1562 1037 1622 obstinatione
1065 1571 1459 1640 aspernantur,
1490 1563 1660 1639 eique
1704 1581 1780 1620 ex
1821 1560 2080 1639 professo
2117 1561 2336 1620 bellum
2379 1560 2660 1635 indicunt,
2713 1560 2812 1618 Fi—

402 1642 549 1701 lium
578 1643 691 1701 Dei
720 1651 780 1702 et
808 1643 1149 1721 sanguinem
1178 1644 1306 1723 ejus
1334 1643 1765 1718 conculcand03
1810 1649 1869 1701 et
1897 1642 1980 1700 sic
2007 1649 2195 1700 totum
2237 1640 2349 1700 Dei
2390 1640 2581 1700 foedus
2620 1639 2813 1717 rejici-

402 1731 526 1798 unt,
558 1723 715 1800 quod
736 1723 797 1782 in
826 1724 1084 1802 insignes
1134 1724 1497 1802 potissimum
1546 1722 1792 1800 quadrat
1836 1720 2154 1800 Apostatas
2181 1721 2254 1780 de
2301 1721 2514 1799 quibus
2559 1720 2819 1797 loquitur

407 1802 643 1880 Paulus,
677 1803 861 1863 Hebr.
890 1804 969 1862 vi.
1001 1812 1059 1863 et
1086 1825 1145 1862 x.

488 1883 647 1942 XX.
692 1884 825 1942 Hoc
855 1884 1045 1942 scelus
1069 1883 1289 1942 nemini
1328 1891 1543 1942 temere
1586 1891 1677 1943 est
1717 1882 2172 1960 impingendum,
2217 1889 2278 1942 et
2317 1880 2546 1940 facilius
2591 1878 2819 1939 definiri

406 1971 600 2042 potest
626 1964 689 2021 in
716 1963 1024 2038 abstracto,
1076 1982 1249 2038 quam
1296 1960 1495 2040 detegi
1540 1965 1602 2020 in
1652 1971 1938 2036 concrete,
1989 1970 2114 2023 tum
2163 1962 2238 2020 ob
2287 1961 2644 2021 internorum
2693 1960 2818 2019 sive

404 2043 818 2122 principiorum
867 2042 991 2100 sive
1019 2051 1251 2100 actuum
1291 2042 1695 2118 ignorantiam,
1739 2050 1862 2100 tum
1891 2042 1966 2101 ob
2009 2042 2270 2100 diversas
2311 2042 2514 2118 gratiae
2553 2040 2820 2100 vocantis

404 2123 597 2182 horas.
683 2123 816 2182 Non
842 2122 1176 2200 negandum
1203 2120 1439 2199 quidem
1466 2122 1858 2199 cognoscibile
1885 2141 2030 2196 esse,
2063 2121 2200 2198 quia
2239 2121 2302 2178 in
2348 2121 2645 2198 Scriptura
2687 2139 2818 2179 cum

404 2204 675 2262 omnibus
702 2202 1149 2262 circumstantiis
1177 2202 1537 2278 describitur,
1568 2210 1627 2260 et
1654 2202 1792 2279 quia
1820 2201 1964 2260 alias
1997 2201 2294 2278 Scriptura
2332 2220 2451 2260 non
2490 2200 2820 2278 prohibuis-

407 2293 497 2343 set
524 2303 686 2342 orare
712 2303 819 2362 pro
845 2283 1079 2342 talibus
1164 2283 1433 2359 Cognitio
1484 2290 1676 2341 autem
1725 2282 1852 2356 ista,
1903 2281 2002 2340 vel
2049 2289 2138 2340 est
2185 2281 2401 2356 divina,
2452 2300 2582 2358 quae
2609 2279 2676 2338 fit
2715 2300 2820 2357 per

410 2364 524 2423 Dei
570 2363 1000 2439 revelationem,
1052 2371 1113 2422 et
1155 2362 1611 2422 extraordinarie
1653 2382 1759 2440 per
1807 2361 2022 2421 donum
2071 2360 2436 2420 discretionis
2492 2359 2816 2438 spirituum,

408 2444 567 2523 quod
594 2443 894 2504 obtinebat
919 2444 981 2502 in
1010 2444 1277 2502 Ecclesia
1322 2443 1697 2520 Apostolica3
1742 2443 1838 2501 vel
1886 2451 1976 2501 est
2017 2441 2287 2518 humana,
2335 2461 2467 2518 quse
2512 2440 2695 2500 oritur
2741 2459 2816 2498 ex

407 2524 627 2584 effectis
676 2532 735 2584 et
783 2524 1265 2601 circumstantiis3
1313 2523 1470 2601 prior
1512 2523 1686 2582 hodie
1741 2523 2008 2597 cessavit,
2067 2522 2250 2581 altera
2290 2521 2480 2580 adhuc
2536 2529 2818 2598 superest.

409 2606 495 2667 Ut
520 2626 661 2665 vero
688 2605 905 2683 petitur
930 2614 1156 2665 tantum
1186 2626 1261 2664 ex
1296 2603 1480 2683 signis
1524 2603 1800 2679 externis,
1847 2624 1922 2662 ex
1963 2602 2176 2681 quibus
2215 2623 2332 2661 non
2375 2609 2568 2681 potest
2605 2599 2816 2660 infalli-

405 2685 542 2745 bilis
570 2687 697 2765 ejus
723 2686 929 2746 notitia
956 2686 1189 2763 haberi3
1223 2684 1367 2745 Ideo
1394 2693 1559 2744 caute
1590 2684 1901 2743 admodum
1930 2684 1992 2741 in
2019 2704 2088 2743 eo
2114 2682 2558 2761 procedendum,
2587 2690 2654 2741 ut
2686 2701 2818 2759 pro-

404 2767 598 2860 niores
627 2767 807 2827 simus
848 2766 923 2826 ad
963 2767 1111 2826 bene
1154 2765 1502 2846 sperandum
1544 2785 1619 2825 ex
1662 2764 1960 2841 charitate,
1989 2784 2162 2842 quam
2207 2763 2282 2822 ad
2323 2762 2715 2822 damnandum
2743 2782 2820 2821 ex

406 2866 619 2926 rigore.

1328 3087 1718 3164 QUAEs‘rlo
1761 3086 1906 3147 xv.

838 3248 933 3307 An
962 3250 1259 3307 Peccatum
1275 3250 1459 3325 possit
1484 3269 1599 3307 csse
1620 3268 1792 3325 poena
1810 3248 2039 3325 peccati
2050 3250 2078 3307 ,ἲ
2161 3246 2388 3307 Affirm.

490 3406 541 3467 I.
587 3405 961 3467 Occasionem
1019 3406 1339 3481 Quaestioni
1386 3405 1674 3465 dederunt
1718 3406 2020 3483 Pelagiani
2064 3406 2329 3481 Veteres,
2376 3406 2476 3483 qui
2519 3412 2819 3482 peccatum

407 3506 536 3546 esse
564 3506 794 3565 poenam
822 3488 1044 3565 peccati
1071 3486 1371 3564 praefracte
1410 3487 1719 3565 negabant,
1750 3494 1816 3545 ut
1844 3494 2072 3544 constat
2114 3505 2188 3543 ex
2232 3484 2394 3561 Aug.
2443 3496 2624 3544 contr.
2670 3486 2819 3545 Juli.

410 3567 511 3626 lib.
541 3568 624 3626 iii.
656 3588 782 3645 cap.
814 3571 869 3644 3,
894 3576 1017 3627 tum
1034 3575 1100 3626 ut
1126 3567 1341 3626 nudam
1371 3576 1431 3626 et
1458 3568 1704 3626 otiosam
1733 3565 1846 3623 Dei
1873 3564 2310 3641 permissionem
2338 3564 2491 3623 circa
2517 3573 2818 3641 peccatum

408 3656 749 3725 assererent,
780 3656 903 3708 tum
931 3656 999 3709 ut
1026 3648 1359 3707 evincerent
1372 3655 1675 3725 peccatum
1703 3645 1986 3723 originale
2011 3664 2130 3703 non
2157 3664 2285 3703 esse
2325 3643 2542 3721 proprii
2569 3644 2820 3703 nominis

409 3736 729 3806 peccatum,
762 3728 867 3787 sed
905 3736 1130 3788 tantum
1157 3747 1387 3807 poenam
1415 3725 1825 3801 antecedentis,
1871 3725 2156 3784 defectum
2186 3732 2244 3783 et
2282 3724 2624 3801 languorem
2649 3732 2819 3783 natu-

410 3828 508 3868 rae.
594 3808 740 3868 Illos
790 3816 1108 3886 sequuntur
1155 3807 1328 3866 hodie
1377 3806 1421 3867 J
1424 3808 1642 3881 esuitae,
1697 3805 2007 3882 Sociniani‚
2055 3812 2114 3864 et
2159 3804 2672 3880 Remonstrantes3
2719 3803 2820 3863 Ad

409 3908 559 3967 quos
588 3889 871 3949 accedunt
898 3909 973 3947 ex
1003 3889 1249 3964 Nostris,
1280 3887 1381 3965 qui
1411 3887 1643 3946 Peccati
1689 3886 1861 3965 primi
1905 3884 2342 3963 imputationem
2377 3892 2610 3962 negant,
2640 3893 2708 3944 ut
2735 3883 2818 3943 fa-

411 3969 580 4028 cilius
620 3969 757 4029 inde
786 3969 1081 4047 colligant,
1129 3970 1439 4028 Peccatum
1468 3968 1748 4046 originale
1777 3967 2064 4025 inhaerens
2091 3984 2209 4024 non
2235 3984 2364 4025 esse
2390 3985 2621 4044 posnam
2648 3965 2820 4043 primi

410 4048 571 4110 illius
596 4049 839 4128 peccati,
870 4059 935 4109 ut
962 4050 1037 4108 ab
1066 4048 1422 4109 Orthodoxis
1448 4048 1631 4127 vulgo
1659 4047 1950 4107 asseritur.

910 4172 913 4175 .
1018 4129 1103 4189 II.
1149 4129 1205 4188 N
1207 4149 1282 4188 on
1320 4130 1612 4207 quaritur,
1659 4128 1760 4187 An
1790 4128 2098 4187 Peccatum
2127 4127 2459 4204 formaliter
2485 4135 2544 4186 et
2568 4127 2820 4204 redupli—

472 4183 823 4290 stntggsszaes-
940 4210 1117 4269 cativc
1143 4230 1258 4287 qua
1275 4218 1586 4286 peccatum,
1618 4218 1678 4270 et
1703 4208 1884 4269 relate
1911 4206 1988 4267 ad
2013 4210 2222 4285 chem
2263 4208 2356 4267 cui
2399 4215 2700 4285 repugnat,
2747 4207 2823 4266 sit

937 4310 1147 4367 poena3
1192 4290 1329 4367 quia
1357 4290 1440 4349 sic
1467 4298 1557 4349 est
1592 4293 1806 4349 malum
1849 4298 2012 4365 turpe
2057 4289 2204 4366 Legi
2252 4288 2638 4348 contrarium:
2685 4286 2820 4362 Sed,

414 4368 517 4429 An
547 4370 858 4431 Peccatum
886 4372 1257 4430 materialiter
1284 4377 1343 4429 et
1367 4371 1731 4451 speczficativc
1768 4378 2106 4448 spectatum,
2138 4370 2200 4427 id
2245 4370 2466 4428 scilicet
2505 4371 2661 4445 quod
2688 4388 2820 4444 pec·

414 4460 603 4510 catum
623 4461 718 4528 est,
750 4451 971 4510 ratione
999 4459 1164 4510 actus
1193 4450 1486 4525 substrati,
1516 4458 1575 4509 et
1600 4451 1781 4509 relate
1809 4449 1885 4509 ad
1911 4452 2208 4526 subjectum
2249 4449 2406 4527 quod
2446 4448 2644 4523 inficit,
2688 4467 2818 4526 pos-

415 4531 494 4591 sit
520 4551 647 4591 esse
673 4551 880 4610 poena3
926 4531 1083 4608 quod
1110 4538 1328 4609 negant
1356 4530 1717 4607 Adversarii,
1749 4530 2037 4589 affirmant
2065 4529 2416 4605 orthodoxi„

497 4612 619 4672 ΠΙ.
653 4612 964 4672 Peccatum
994 4618 1187 4671 autem
1213 4630 1387 4690 poena
1408 4610 1523 4669 dici
1549 4610 1828 4670 trifariam
1858 4617 2065 4689 potest,
2097 4611 2194 4669 vel
2220 4616 2487 4687 respectu
2511 4608 2604 4667 sui
2628 4607 2818 4685 ἱρείας,

414 4693 515 4753 vel
540 4700 808 4772 respectu
825 4693 1055 4771 peccati
1077 4692 1449 4754 antecedentis
1473 4691 1535 4751 in
1564 4711 1633 4752 eo
1661 4692 1764 4771 qui
1803 4692 2093 4771 plectitur,
2126 4688 2222 4749 vel
2261 4698 2528 4768 respectu
2568 4689 2820 4749 alterius.
