3300 5225
364 411 584 462 Quffisr.
616 387 796 469 xvn.]
1227 406 1305 446 m:
1335 405 1920 449 rnaennsrmnrroun.
2662 395 2776 452 367

361 571 495 611 nem
542 557 801 610 nostram
842 546 1083 621 institui,
1128 555 1187 606 et
1225 549 1515 606 neminem
1556 549 1668 607 hoc
1711 565 1884 608 sensu
1925 547 2071 606 velit
2119 545 2338 608 servari
2386 549 2562 626 DeuS,
2609 571 2780 628 quem

360 633 538 692 etiam
566 649 683 689 non
711 627 856 688 velit
882 646 1129 687 servare.

448 703 777 770 XXXIX.
824 708 973 767 Cum
1002 707 1225 782 Petrus,
1267 723 1317 765 c.
1360 705 1442 800 iii:
1486 711 1566 766 2oe
1609 725 1670 766 v.
1715 708 1771 783 9,
1813 715 2061 766 testatur
2100 709 2288 766 Deum
2331 727 2445 768 esse
2474 709 2782 784 patientem

362 809 512 928 ffi
532 798 717 927 '1:223
740 790 901 944 3ξὲῑὲ
930 789 2785 945 ⁹0“a⁶m'²²⁹'‘“ffifflffissffi‘ussssi’ssaeffiffiidoepssssfflffi

363 949 723 1008 voluntatem
742 945 1032 1024 praecepti,
1054 955 1113 1004 et
1138 947 1435 1026 ιῦιιςιστίις,
1454 965 1559 1024 per
1578 965 1754 1024 quam
1771 947 2092 1006 invitantur
2115 947 2379 1006 homines
2400 947 2476 1005 ad
2501 949 2784 1024 poeniten-

370 1027 512 1087 tiam
538 1027 828 1105 praeconio
856 1026 1185 1118 Evangelii,
1217 1034 1275 1084 et
1302 1045 1405 1103 per
1422 1027 1820 1103 poenitentiam
1847 1026 1924 1086 ad
1949 1027 2148 1100 vitam,
2171 1045 2347 1104 quam
2365 1027 2518 1086 male
2539 1027 2785 1087 traxeris

366 1107 445 1166 ad
472 1107 766 1166 decretum
783 1113 843 1164 et
862 1105 1239 1164 intentionem
1263 1105 1409 1182 Dei;
1442 1105 1557 1165 Vel
1578 1105 1629 1164 si
1653 1105 1868 1164 referas
1885 1105 1962 1164 ad
1982 1105 2291 1182 decretum,
2317 1106 2476 1184 quod
2501 1106 2631 1165 aliis
2655 1107 2780 1184 pla-

364 1186 505 1261 cuit,
535 1194 597 1244 et
620 1185 797 1244 latius
823 1184 1071 1260 videtur,
1100 1203 1218 1242 non
1244 1185 1489 1243 ulterius
1516 1203 1585 1243 ea
1612 1183 1979 1244 extendenda
2005 1185 2130 1259 erit,
2161 1205 2334 1262 quam
2363 1185 2439 1244 ad
2467 1185 2684 1246 electos
2725 1195 2786 1246 ct

367 1265 591 1340 fideles,
638 1264 699 1321 in
724 1281 967 1342 quorum
1017 1263 1263 1340 gratiam
1314 1264 1475 1323 Deus
1521 1261 1716 1323 differt
1759 1265 2308 1323 consummationem
2354 1265 2550 1340 seculi,
2597 1265 2784 1324 donec

370 1341 691 1420 completus
716 1341 890 1402 fuerit
918 1361 1115 1402 eorum
1142 1361 1415 1402 numerus
1443 1366 1459 1420 ;
1502 1353 1561 1403 et
1586 1344 1799 1421 quibus
1827 1343 2168 1420 colligendis
2195 1363 2272 1402 ex
2311 1353 2558 1422 quatuor
2583 1345 2784 1404 mundi

368 1423 561 1501 plagis
590 1421 979 1500 Evangelium
1020 1430 1145 1482 toto
1186 1422 1323 1482 orbe
1362 1422 1664 1502 praedicari
1689 1423 1884 1482 debet.
1967 1423 2056 1481 Eo
2085 1431 2276 1483 autem
2303 1431 2560 1500 spectare
2590 1423 2782 1500 Apos-

366 1503 553 1563 tolum
620 1511 756 1576 atet‚
787 1511 911 1562 tum
940 1521 1017 1560 ex
1032 1502 1370 1580 pronomine
1398 1505 1523 1562 Nos
1550 1502 1709 1579 quod
1735 1501 2044 1580 praecessit,
2069 1503 2225 1580 quod
2253 1503 2393 1562 satis
2419 1511 2614 1580 aperte
2633 1503 2784 1562 elec-

366 1593 459 1642 tos
486 1592 547 1643 et
571 1523 789 1658 fideles,
836 1590 903 1641 ut
948 1581 1089 1640 alibi
1134 1601 1255 1640 non
1298 1581 1477 1641 semel
1519 1581 1805 1660 designat,
1851 1589 1912 1640 et
1955 1581 2030 1639 ad
2057 1583 2224 1659 cujus
2265 1583 2560 1660 exegesim
2601 1582 2779 1656 addit,

364 1665 557 1722 nolens
598 1680 914 1738 quenquam
958 1662 1173 1736 perire,
1216 1661 1295 1720 id.
1336 1681 1413 1720 ex
1448 1663 1605 1721 nobis
1623 1685 1647 1734 ;
1687 1669 1756 1722 ιιι
1795 1679 2109 1738 pronomen
2149 1661 2524 1739 repetendum
2564 1661 2642 1720 sit
2680 1667 2782 1720 ἀπὶ

367 1749 540 1817 κοινοῦ,
571 1749 639 1800 ιιι
664 1759 819 1818 saepe
846 1741 1010 1814 solet,
1061 1749 1185 1800 tum
1212 1759 1287 1800 ex
1316 1759 1384 1800 eo
1413 1741 1571 1820 quod
1616 1741 1826 1800 Petrus
1871 1741 2152 1800 rationem
2193 1741 2433 1800 reddere
2459 1741 2590 1800 vult
2625 1741 2787 1800 illius

367 1820 679 1900 patientiae,
707 1840 813 1898 per
839 1839 1013 1899 quam
1043 1821 1203 1880 Deus
1244 1819 1437 1881 differt
1478 1820 2029 1880 consummationem
2057 1821 2252 1897 seculi,
2282 1841 2413 1899 quse
2439 1839 2556 1879 non
2595 1828 2790 1898 potest

368 1901 584 1960 arcessi
608 1900 685 1959 ab
710 1901 843 1978 ejus
883 1909 1188 1979 praecepte,
1240 1899 1345 1959 sed
1372 1902 1445 1960 ab
1474 1901 1604 1979 ejus
1650 1899 1896 1978 sapienti
1938 1899 2180 1959 consilio
2207 1901 2270 1959 in
2298 1901 2542 1978 gratiam
2569 1901 2781 1961 electo·

368 1979 1347 2137 &Affivxmssmflsszzffffl
1374 1979 2517 2137 ἱξῗεῖἓῗᾶὲῗςῖῗῗέἵέἶίἐὲῗῃὼᾲῑῖἳη
2541 1981 2786 2119 Ρζὲἒῗέ·

368 2137 613 2217 Apocal.
644 2138 724 2196 vi.
758 2141 851 2198 11.
904 2103 921 2137 ’
936 2139 1059 2198 Nec
1106 2139 1333 2214 mirum,
1382 2139 1432 2198 si
1456 2146 1694 2218 propter
1719 2137 1956 2214 electos,
2005 2157 2252 2215 quorum
2293 2081 2581 2198 nemindiii
2625 2105 2788 2198 Deus

366 2219 499 2278 vult
545 2217 748 2296 perire,
778 2217 1077 2278 differatur
1102 2218 1237 2277 finis
1262 2218 1498 2295 mundi;
1544 2237 1678 2278 cum
1703 2217 1919 2297 pariter
1945 2217 2212 2277 Christus
2239 2216 2523 2294 observet,
2568 2218 2781 2277 Matth.

368 2299 536 2357 xxiv.
564 2301 663 2374 22,
692 2301 847 2376 quod
868 2299 980 2357 mhi
1002 2298 1280 2357 decurtati
1302 2298 1550 2372 ficissent
1595 2298 1714 2357 dica
1757 2298 1845 2355 illi
1881 2297 2026 2355 mali
2065 2297 2172 2356 toti
2200 2296 2244 2357 J
2243 2297 2426 2356 udaeae
2455 2297 2779 2372 obventuri,

360 2378 583 2456 periret
606 2380 780 2437 omnis
806 2397 945 2437 caro
964 2401 989 2451 ;
1028 2380 1132 2437 scd
1157 2387 1400 2453 propter
1426 2380 1637 2453 electos,
1667 2375 1873 2454 inquit,
1901 2377 2345 2436 decurtabantur
2371 2377 2488 2435 dies
2515 2377 2615 2435 illi.
2701 2377 2788 2436 Ut

369 2477 509 2536 ergo
536 2457 633 2515 hic
661 2457 988 2517 abbreviari
1015 2458 1339 2516 debuerunt
1366 2455 1491 2516 dies
1517 2457 1656 2515 mali
1682 2465 1917 2534 propter
1942 2455 2158 2516 electos
2184 2475 2260 2516 ex
2287 2456 2330 2515 J
2331 2455 2530 2532 udaeis,
2573 2475 2648 2515 ne
2677 2455 2788 2516 sub

368 2555 543 2596 onere
571 2536 961 2596 calamitatum
1008 2535 1377 2613 fatiscerent3
1424 2538 1519 2596 Ita
1565 2534 1828 2596 differtur
1869 2533 1996 2595 dies
2039 2535 2280 2596 ultimus
2307 2543 2543 2615 propter
2567 2535 2783 2596 electos

370 2618 603 2676 Christo
632 2618 1018 2693 adducendos,
1066 2615 1251 2677 donec
1292 2617 1613 2695 completus
1661 2617 1740 2675 sit
1785 2636 1984 2675 eorum
2029 2636 2321 2677 numerus.
2407 2616 2673 2695 Denique
2715 2617 2788 2676 de

377 2696 499 2755 illis
524 2696 796 2773 loquitur,
826 2716 973 2774 quos
1003 2697 1164 2757 Deus
1190 2696 1322 2756 vult
1345 2697 1545 2756 venire
1573 2697 1649 2756 ad
1687 2696 2101 2775 poenitentiam,
2149 2714 2268 2755 non
2311 2704 2535 2756 tantum
2562 2696 2638 2755 ad
2665 2716 2792 2755 eam

370 2774 672 2838 invitando
697 2777 1001 2856 praeceptis
1044 2784 1103 2835 et
1128 2776 1427 2854 promissis
1454 2776 1655 2852 Verbi,
1707 2775 1812 2835 sed
1859 2796 1986 2835 eam
2029 2775 2322 2853 operando
2369 2776 2624 2835 efficacia
2653 2776 2780 2855 Spi-

372 2855 536 2931 ritus,
566 2875 697 2915 cum
723 2856 995 2935 loquatur
1032 2856 1109 2915 de
1146 2856 1282 2932 illis,
1324 2856 1388 2913 in
1415 2856 1627 2933 quibus
1653 2855 1960 2933 promissio
1989 2855 2102 2915 Dei
2131 2856 2304 2915 debet
2349 2856 2592 2933 impleri,
2639 2876 2699 2915 v.
2730 2857 2785 2932 9,

379 2938 471 3012 13,
502 2935 603 3013 qui
630 2956 746 2995 non
775 2936 873 2995 alii
903 2943 1037 2995 sunt
1064 2954 1238 3013 quam
1266 2935 1454 2995 electi.
1498 2936 1622 2995 Nec
1652 2936 1701 2995 si
1731 2936 1894 2995 Deus
1933 2944 2128 3013 potest
2155 2936 2271 2995 dici
2297 2935 2610 3017 μακςᾶθυμος
2649 2954 2790 3013 erga

372 3014 579 3093 impios
604 3035 710 3093 per
734 3015 1069 3075 dilationem
1106 3034 1424 3093 poenarum,
1456 3015 1652 3075 statim
1693 3015 1954 3092 sequitur
1993 3014 2237 3075 eandem
2280 3035 2406 3075 esse
2445 3016 2790 3097 mgoovpu'aer

375 3094 451 3153 de
478 3114 595 3171 qua
624 3095 833 3154 Petrus
858 3095 1130 3173 loquitur,
1160 3114 1277 3173 qua
1304 3094 1498 3154 differt
1526 3114 1631 3154 sua
1650 3094 1876 3172 judicia
1899 3096 1963 3153 in
1987 3095 2269 3155 mundum
2295 3106 2528 3174 propter
2555 3096 2787 3172 electos,

367 3181 436 3232 et
476 3180 746 3249 expectat
770 3182 998 3251 tempus
1025 3192 1141 3251 qno
1182 3175 1501 3251 completus
1542 3194 1740 3233 eorum
1784 3174 1860 3234 sit
1897 3194 2190 3235 numerus.
2274 3175 2398 3234 Nec
2437 3176 2642 3235 inutile
2683 3175 2793 3235 fuit

372 3252 738 3311 Christianos
785 3252 859 3311 de
906 3272 977 3312 eo
1022 3272 1272 3330 monere,
1323 3254 1460 3313 licet
1502 3254 1613 3313 hoc
1657 3255 1735 3313 sit
1775 3256 2118 3331 mysterium
2145 3254 2484 3315 indubitatae
2509 3254 2790 3330 veritatis,

379 3331 522 3408 quia
546 3331 798 3391 maxime
824 3330 1072 3391 faciebat
1096 3333 1173 3393 ad
1198 3333 1649 3393 consolationem
1675 3333 1950 3410 fidelium,
1975 3344 2033 3393 et
2053 3334 2130 3393 ad
2155 3334 2577 3395 confirmandos
2595 3354 2794 3395 eorum

378 3410 602 3549 fflmos
628 3410 911 3549 {dvorsus
933 3412 1299 3490 tentationes,
1344 3431 1474 3490 quae
1516 3433 1591 3472 ex
1618 3412 1894 3472 dilatione
1921 3414 2325 3492 complementi
2349 3414 2794 3492 promissionum

472 3511 493 3548 1
520 3491 638 3549 orie
680 3499 865 3550 antur.

460 3568 599 3629 XL.
647 3570 732 3630 Ut
759 3570 919 3629 Deus
942 3570 1281 3652 φιλάιοςοκος
1312 3571 1551 3649 dicatur,
1583 3592 1701 3631 non
1727 3590 1964 3631 necesse
1987 3580 2090 3648 est,
2119 3579 2187 3631 ut
2215 3590 2414 3632 omnes
2441 3580 2501 3631 et
2528 3572 2790 3649 singulos

380 3649 644 3709 homines
687 3650 763 3708 ad
810 3650 1051 3710 salutem
1098 3660 1286 3728 amet3
1332 3651 1543 3711 sufficit
1582 3660 1650 3712 ut
1692 3651 1917 3730 aliquos
1957 3658 2183 3710 tantum
2225 3670 2296 3710 eo
2341 3670 2514 3710 sensu
2562 3650 2788 3728 diligat,

378 3728 865 3807 quemadmodum
892 3730 1135 3803 φιλέλλην
1164 3731 1263 3790 ille
1292 3730 1518 3807 dicitur,
1550 3732 1652 3809 qui
1693 3731 1960 3790 Graecam
1985 3730 2278 3789 nationem
2307 3736 2477 3804 amat,
2508 3730 2646 3788 licet
2670 3749 2788 3788 non

380 3808 575 3869 statim
603 3811 796 3869 omnia
823 3811 949 3889 ejus
988 3811 1327 3871 individua:
1371 3811 1467 3871 Ita
1490 3811 1638 3871 bene
1667 3810 1891 3869 dicetur
1917 3810 2277 3891 mahog-mos,
2307 3829 2425 3868 non
2452 3809 2788 3887 φιλάγγιλος,

374 3889 516 3967 quia
556 3910 687 3950 cum
730 3891 1019 3951 neminem
1062 3912 1138 3951 ex
1166 3890 1417 3967 Angelis
1458 3891 1639 3969 lapsis
1680 3890 1968 3967 dilexerit,
2009 3890 2290 3967 quosdam
2334 3908 2410 3948 ex
2455 3890 2790 3949 hominibus

373 3970 630 4030 amavit:
673 3970 798 4031 Nec
838 3970 1007 4029 aliter
1048 3969 1262 4048 exponi
1302 3978 1495 4047 potest
1532 3972 1698 4029 locus
1725 3969 1986 4047 epistolae
2015 3969 2090 4027 ad
2131 3970 2247 4029 Tit.
2277 3968 2358 4027 iii.
2387 3973 2444 4044 4,
2474 3970 2578 4029 ubi
2607 3983 2787 4043 φιλαν-

372 4050 593 4129 Δςοπίοις
622 4049 800 4109 semel
840 4050 1057 4108 mentio
1084 4050 1167 4124 fit,
1214 4068 1345 4107 cum
1370 4058 1593 4109 certum
1622 4050 1698 4109 sit
1739 4050 1822 4109 ibi
1862 4050 1962 4129 agi
2001 4048 2074 4109 de
2115 4048 2250 4125 illis,
2294 4050 2394 4126 qui
2435 4050 2508 4109 de
2549 4050 2702 4110 facto
2729 4059 2790 4109 et

373 4130 569 4262 reipsa
616 4135 921 4219 servantur
966 4147 1073 4206 per
1118 4127 1595 4206 justificationem
1642 4136 1704 4190 et
1745 4129 2256 4208 regenerationem,
2307 4129 2466 4207 quod
2513 4129 2589 4189 ad
2634 4130 2788 4190 solos

382 4224 415 4263 e
440 4214 600 4263 ectos
702 4214 895 4265 rtmet.

460 4225 801 4342 XLIPeEos
824 4284 957 4343 vult
1001 4284 1195 4343 salvos
1224 4284 1353 4343 fieri
1380 4286 1560 4362 Deus,
1606 4306 1754 4364 quos
1779 4288 1912 4347 vult
1947 4287 2179 4349 credere
2213 4296 2273 4348 et
2315 4288 2668 4367 resipiscere,
2720 4307 2790 4347 eo

374 4362 555 4420 modo
582 4382 699 4440 quo
726 4362 857 4422 vult
876 4382 979 4422 eos
1006 4364 1238 4422 credere
1258 4386 1276 4423 ε
1319 4364 1371 4423 si
1394 4366 1525 4424 vult
1552 4365 1844 4425 decretive
1871 4376 1932 4427 et
1974 4368 2239 4428 effective
2283 4388 2384 4427 eos
2427 4368 2676 4443 credere,
2726 4374 2794 4425 ιιι

380 4450 649 4520 respectu
676 4441 1007 4516 electorum,
1042 4441 1170 4500 vult
1197 4442 1371 4501 etiam
1398 4462 1500 4502 eos
1528 4445 1748 4503 servari
1773 4446 1884 4504 hoc
1911 4456 2192 4524 respectu,
2225 4455 2285 4507 et
2321 4448 2404 4507 ita
2429 4467 2632 4506 revera
2673 4464 2790 4504 ser-

380 4530 628 4597 vantur3
658 4520 711 4581 si
728 4520 858 4580 vult
886 4528 1111 4580 tanttnn
1136 4522 1485 4599 praeceptive
1514 4530 1572 4581 et
1600 4524 1992 4601 approbative,
2023 4537 2088 4587 ut
2115 4534 2378 4620 respectu
2400 4526 2788 4603 reproborum,

380 4602 595 4678 quibus
620 4600 883 4681 praecipit
906 4598 1084 4659 fidem
1112 4608 1171 4659 et
1194 4599 1670 4679 resipiscentiam,
1701 4603 1904 4662 eodem
1931 4604 2104 4663 modo
2146 4614 2320 4663 etiam
2360 4605 2490 4664 vult
2529 4620 2630 4662 eos
2671 4620 2786 4659 ser-

381 4682 526 4757 vari,
558 4680 638 4741 id.
666 4689 733 4741 ut
762 4680 1009 4740 salutem
1038 4699 1237 4741 eorum
1265 4682 1543 4759 approbet
1570 4690 1629 4742 et
1666 4702 1736 4743 ea
1779 4682 2132 4743 delectetur:
2175 4684 2280 4743 sed
2323 4702 2441 4741 non
2489 4680 2682 4741 statim
2723 4688 2792 4740 ut
