3300 5225
525 378 638 442 180
1432 395 1616 437 Locus
1644 394 1915 437 ‘rem-ms.
2556 372 2931 459 [qums-1¹:11.

522 546 583 601 et
610 539 895 614 efficaciae,
922 557 1042 603 non
1069 536 1352 598 essentiae.
1436 536 1586 597 Nam
1618 538 1673 596 l.
1701 535 2050 596 contrarium
2078 532 2259 595 verba
2289 534 2417 613 ipsa
2441 532 2668 612 docent,
2699 554 2830 615 quae
2857 537 2934 597 de

525 620 857 697 operatione
884 626 1109 679 tantum
1148 636 1269 677 non
1308 623 1507 695 agunt,
1538 614 1643 677 sed
1670 614 1742 676 de
1769 617 1900 694 ipsa
1937 615 2224 691 essentia;
2267 614 2410 693 quid
2437 616 2591 675 enim
2618 616 2778 676 aliud
2817 617 2936 677 sibi

523 700 732 760 volunt
747 700 927 759 verba
954 700 1081 774 ista,
1100 698 1187 755 Tu
1206 698 1319 756 illic
1339 698 1510 770 ada,·
1540 696 1756 756 C‘oelum
1782 706 1838 755 et
1853 698 2096 755 Terram
2122 716 2222 771 eqo
2243 696 2444 772 impleo
2455 719 2480 768 ;
2512 696 2654 756 Goeli
2669 699 2936 756 calorum

480 829 486 835 .
525 786 579 840 te
602 800 717 840 non
742 780 971 856 capiunt
985 781 1014 840 ‚²
1094 781 1154 837 2.
1196 776 1255 835 A
1281 776 1423 856 pari,
1455 796 1525 835 eo
1552 776 1726 835 modo
1763 775 1937 835 debet
1963 794 2090 835 esse
2130 776 2192 833 in
2233 776 2538 853 sepulchro
2564 777 2664 835 vel
2688 775 2934 852 inferno,

524 859 815 937 quomodo
844 858 1055 919 dicitur
1081 876 1209 916 esse
1234 856 1297 915 in
1324 856 1489 931 coelo,
1518 856 1657 933 quia
1681 855 1988 933 praesentia
2016 854 2128 913 Dei
2147 855 2452 932 utrobique
2480 876 2557 914 ex
2585 875 2749 933 oequo
2778 876 2936 916 asse..

524 940 712 1000 ritur:
793 939 921 999 Aut
947 958 1089 1015 ergo
1114 945 1205 996 est
1228 936 1443 1013 ubique
1472 936 1664 1013 quoad
1692 936 2018 1011 essentiam,
2049 944 2151 995 aut
2175 934 2382 994 nullibi
2403 943 2494 994 est
2520 935 2713 1012 quoad
2738 954 2936 995 essen-

522 1019 685 1079 tiam.
767 1021 825 1079 3.
872 1019 1094 1095 Scopus
1135 1016 1291 1076 Psal.
1334 1023 1424 1075 est
1463 1014 1766 1074 ostendere
1804 1015 2094 1074 neminem
2135 1014 2410 1073 occultari
2436 1035 2473 1073 a
2501 1015 2630 1073 Deo
2659 1035 2830 1094 posse
2871 1024 2942 1076 ut

524 1118 643 1157 non
669 1098 936 1159 videatur
961 1098 1035 1157 ab
1062 1097 1206 1175 ipso,
1236 1096 1373 1175 quia
1410 1095 1677 1173 nuspiam
1717 1102 1908 1173 potest
1948 1114 2074 1153 esse
2101 1093 2204 1154 ubi
2233 1095 2392 1153 Deus
2432 1114 2550 1153 non
2577 1095 2669 1169 sit,
2701 1104 2759 1155 et
2799 1115 2938 1155 nus·

525 1178 683 1256 piam
709 1186 901 1257 potest
941 1198 1003 1237 se
1044 1176 1414 1250 abscondere,
1449 1176 1591 1252 quin
1618 1195 1656 1233 a
1683 1176 1810 1234 Deo
1838 1173 2006 1233 facile
2033 1182 2342 1251 retegatur,
2381 1174 2519 1251 quia
2555 1176 2808 1234 tenebrae
2833 1195 2937 1253 pe-

526 1256 693 1317 rinde
720 1258 807 1316 illi
834 1265 972 1318 sunt
1008 1277 1077 1319 ac
1116 1257 1241 1315 lux.
1323 1258 1381 1314 4.
1426 1254 1812 1333 Opponuntur
1850 1253 2284 1333 componenda:
2325 1254 2633 1331 praesentia
2663 1256 2940 1333 potentiss

525 1356 645 1398 non
672 1337 947 1413 excludit,
979 1335 1084 1396 sed
1110 1334 1380 1413 supponit
1406 1335 1732 1394 necessario
1758 1334 2124 1413 praesentiam
2151 1334 2454 1410 essentiae3
2497 1353 2631 1392 nam
2649 1334 2753 1394 ubi
2776 1335 2940 1395 Deus

526 1436 645 1477 non
672 1425 777 1493 est,
807 1417 891 1476 ibi
917 1416 1141 1495 operari
1165 1434 1285 1474 non
1311 1422 1519 1493 potest,
1550 1415 1690 1492 quia
1714 1422 1986 1493 operatur
2009 1412 2338 1473 immediate
2353 1432 2458 1493 per
2478 1413 2814 1492 essentiam3
2845 1416 2942 1475 Ita

529 1496 583 1559 si
607 1498 823 1575 ubique
850 1504 1134 1575 operatur,
1162 1495 1379 1573 ubique
1401 1513 1527 1553 esse
1555 1493 1748 1553 debet.

613 1576 734 1637 XI.
777 1581 838 1639 2.
880 1576 1047 1635 Idem
1075 1576 1472 1634 demonstrant
1499 1594 1569 1633 ea
1592 1574 1740 1650 loca,
1769 1593 1902 1651 quas
1928 1572 2154 1648 docent,
2187 1572 2377 1632 Deum
2406 1573 2630 1651 operari
2659 1572 2852 1632 omnia
2875 1574 2940 1632 in

531 1658 817 1731 omnibus,
848 1664 908 1717 et
936 1654 1129 1714 omnia
1170 1662 1491 1714 sustentare
1518 1653 1721 1712 Verbo
1761 1672 1867 1713 suo
1893 1653 2132 1731 potenti,
2177 1653 2334 1713 Heb.
2363 1654 2403 1712 i.
2433 1656 2488 1730 3,
2521 1662 2579 1714 et
2605 1673 2722 1713 non
2760 1655 2940 1731 longe

532 1736 735 1796 abesse
763 1736 837 1795 ab
864 1754 1213 1812 unoquoque
1240 1742 1517 1809 nostrum,
1550 1732 1688 1792 Aet.
1717 1733 1861 1791 xvii.
1888 1736 1990 1809 2⁷,
2021 1735 2118 1809 28,
2143 1733 2279 1811 quia
2307 1734 2366 1792 in
2395 1734 2522 1812 ipso
2544 1752 2759 1810 sumus,
2789 1734 2940 1793 vivi-

530 1835 678 1893 mus,
709 1823 770 1876 et
804 1834 1141 1874 movemur:
1180 1832 1317 1871 nam
1364 1812 1612 1891 Spiritus
1656 1813 1980 1891 praesentia,
2025 1831 2142 1871 non
2187 1814 2399 1873 certius
2437 1822 2630 1891 potest
2669 1813 2943 1892 cognosci

573 1916 709 1955 uam
734 1895 811 1955 ab
838 1896 967 1973 eJus
1008 1915 1043 1953 o
1117 1892 1455 1969 rationibus,
1496 1912 1686 1970 neque
1722 1892 1914 1952 minus
1952 1892 2308 1971 impossibile
2350 1902 2440 1954 est
2465 1902 2532 1954 ut
2571 1894 2702 1972 quis
2741 1893 2948 1953 imme-

576 1975 593 1989 ’
630 1983 689 2036 te
728 1973 951 2055 aliquid
990 1994 1021 2035 e
1084 1974 1199 2033 ciat
1242 1971 1347 2033 ubi
1388 1991 1505 2031 non
1532 1980 1639 2047 est,
1668 1992 1843 2050 quam
1881 1992 2060 2051 quum
2101 1992 2220 2032 non
2259 1980 2368 2033 est.
2451 1972 2574 2033 Nec
2615 1972 2734 2034 dici
2771 1972 2947 2032 debet

535 2052 728 2114 Deum
756 2054 980 2134 operari
1008 2051 1201 2113 omnia
1240 2052 1303 2111 in
1342 2052 1625 2127 omnibus,
1673 2051 1777 2111 sed
1813 2072 1918 2131 per
1945 2072 2148 2113 causas
2190 2051 2471 2112 secundas
2501 2054 2626 2113 sive
2671 2054 2948 2131 physicas

534 2135 661 2194 sive
688 2133 1162 2213 hyperphysicas,
1194 2132 1326 2192 ideo
1352 2131 1542 2211 posita
1568 2132 1672 2191 illa
1711 2133 2060 2210 operatione,
2089 2151 2208 2192 non
2235 2133 2431 2192 statim
2469 2132 2668 2192 inferri
2695 2152 2944 2211 praesen-

532 2213 675 2275 tiam
701 2215 1003 2275 essentias:
1086 2212 1253 2289 Nam,
1283 2220 1666 2291 praeterquam
1695 2212 1853 2290 quod
1880 2212 2043 2273 Deus
2067 2232 2186 2272 non
2213 2232 2440 2289 semper
2465 2213 2588 2290 agit
2613 2232 2718 2291 per
2743 2232 2950 2273 causas

534 2294 834 2371 secundas,
879 2292 985 2355 sed
1023 2312 1177 2372 saepe
1220 2291 1549 2352 immediate
1590 2312 1698 2370 per
1733 2292 2003 2372 seipsum,
2047 2300 2116 2352 ut
2142 2292 2204 2349 in
2229 2291 2516 2352 creatione
2557 2293 2774 2369 mundi,
2818 2294 2950 2371 ejus

534 2376 969 2450 sustentatione,
1024 2372 1320 2433 miraculis
1372 2380 1433 2433 et
1474 2372 1746 2449 operibus
1793 2372 1994 2449 gratiae
2037 2371 2098 2431 in
2154 2371 2442 2448 cordibus,
2490 2372 2720 2450 quando
2767 2372 2952 2433 utitur

536 2454 727 2517 causis
754 2454 1042 2529 secundis,
1069 2450 1517 2531 praesentissime
1542 2451 1688 2529 ipsis
1713 2450 1894 2528 adest,
1925 2461 1993 2511 ut
2020 2460 2288 2529 operetur
2311 2472 2416 2530 per
2441 2472 2558 2512 eas.

618 2534 775 2594 XII.
818 2537 876 2595 3.
923 2534 987 2593 Si
1016 2534 1179 2593 Deus
1205 2551 1323 2591 non
1350 2540 1442 2591 est
1466 2531 1782 2591 immensus
1809 2531 2061 2591 essentia
2101 2530 2204 2591 sed
2231 2531 2445 2607 finitus,
2475 2552 2593 2591 non
2633 2532 2954 2610 implicabit

538 2614 1051 2676 contradictionem
1078 2610 1203 2671 dari
1230 2619 1549 2672 creaturam
1592 2610 1722 2671 Deo
1761 2613 2072 2689 majorem3
2115 2620 2183 2672 ut
2208 2613 2363 2672 enim
2389 2612 2613 2672 infinito
2641 2614 2786 2672 nihil
2813 2612 2952 2673 addi

538 2701 746 2774 potest,
777 2694 861 2754 ita
888 2694 959 2753 de
988 2693 1209 2753 ratione
1242 2691 1393 2751 finiti
1420 2698 1509 2751 est
1548 2699 1615 2751 ut
1655 2711 1882 2770 semper
1907 2691 1996 2751 illi
2034 2692 2256 2769 aliquid
2281 2692 2420 2751 addi
2444 2693 2648 2771 possit.
2731 2693 2858 2753 Imo
2900 2693 2954 2754 si

536 2774 795 2836 essentia
823 2774 937 2834 Dei
962 2793 1080 2832 non
1106 2771 1247 2831 alibi
1274 2780 1365 2831 est
1388 2790 1563 2852 quam
1589 2769 1652 2829 in
1669 2773 1836 2847 coelo,
1857 2771 2109 2832 mundus
2130 2773 2240 2832 erit
2257 2775 2445 2851 maj0r
2473 2774 2620 2833 Deo.
2705 2773 2950 2850 Deinde,

540 2855 592 2916 si
618 2853 816 2914 finitus
844 2863 935 2914 est
961 2852 1227 2930 essentia,
1258 2853 1433 2911 etiam
1458 2852 1721 2930 potentia
1745 2851 1971 2932 finitum
2001 2872 2132 2912 eum
2160 2873 2288 2912 esse
2316 2861 2557 2930 oportet,
2589 2853 2726 2930 quia
2749 2863 2950 2932 poten-

538 2934 622 2996 tia
647 2934 874 2994 infinita
899 2953 1019 2993 non
1044 2941 1235 3011 potest
1262 2951 1387 2991 esse
1414 2931 1477 2990 in
1504 2932 1768 3010 subjecto
1793 2932 1977 2991 finito.
2059 2932 2274 3007 Tertio,
2305 2934 2354 2992 si
2383 2932 2545 2992 Deus
2572 2934 2822 2992 essentia
2849 2953 2958 2993 sua

538 3034 793 3094 praesens
820 3034 939 3073 non
966 3021 1056 3074 est
1082 3011 1410 3072 immediate
1439 3013 1733 3089 creaturis,
1765 3012 1869 3072 sed
1895 3021 2120 3072 tantum
2148 3013 2495 3089 operatione,
2513 3013 2662 3072 fides
2683 3013 2952 3072 Incarna-

539 3093 717 3153 tionis
746 3093 884 3152 Filii
914 3093 1029 3153 Dei
1054 3112 1171 3153 non
1181 3093 1394 3171 poterit
1412 3091 1473 3150 in
1500 3100 1627 3152 tuto
1657 3092 1963 3168 collocari,
2007 3092 2196 3169 qualis
2223 3092 2377 3150 enim
2397 3092 2750 3152 intercedere
2767 3095 2956 3170 potuit

542 3193 674 3234 cum
701 3181 909 3234 natura
935 3175 1188 3234 humana
1216 3173 1373 3233 Unio
1397 3173 1783 3250 hypostatica,
1813 3171 1866 3232 si
1891 3171 2142 3233 essentia
2173 3171 2374 3232 divina
2405 3171 2468 3230 in
2493 3173 2641 3232 coelo
2683 3175 2956 3234 conclusa

540 3252 771 3331 mansit,
800 3273 909 3315 nec
935 3253 999 3314 in
1023 3253 1193 3314 terris
1218 3272 1473 3332 praesens
1499 3251 1609 3312 fuit
1623 3257 1654 3313 Ρ
2281 3287 2288 3294 -

1150 3331 1342 3392 ΧΙΙΙ.
1387 3334 1549 3393 Deus
1577 3333 1791 3394 dicitur
1817 3353 1932 3394 esse
1972 3334 2032 3394 in
2071 3337 2221 3411 coelo,
2251 3354 2372 3394 non
2413 3334 2712 3395 exclusive
2739 3333 2816 3392 ad
2841 3342 2954 3394 ter-

1064 3433 1205 3490 ram,
1236 3413 1403 3492 quasi
1431 3413 1579 3474 coelo
1606 3415 1685 3474 sit
1711 3413 1970 3474 inclusus
1996 3415 2189 3492 quoad
2217 3414 2559 3491 essentiam3
2603 3414 2708 3473 sed
2733 3414 2870 3490 quia
2895 3414 2959 3472 in

1068 3495 1217 3554 coelo
1244 3503 1520 3573 tanquam
1549 3494 1776 3554 Palatio
1806 3494 1996 3572 Regio
2025 3494 2304 3572 singulari
2331 3493 2504 3552 modo
2522 3493 2764 3572 gloriam
2793 3513 2958 3552 suam

542 3572 834 3655 patefacit.
916 3573 1042 3634 Nec
1069 3574 1119 3633 si
1147 3583 1377 3634 orantes
1404 3573 1604 3634 oculos
1631 3575 1694 3632 in
1721 3572 1932 3633 coelum
1959 3574 2189 3648 tollunt,
2207 3573 2306 3632 vel
2331 3583 2552 3633 naturae
2567 3573 2845 3634 instinctu
2861 3573 2960 3632 vel

542 3674 619 3715 ex
648 3655 831 3714 Verbi
856 3653 1209 3734 praescripto,
1238 3655 1350 3714 hoc
1376 3653 1509 3715 ideo
1534 3654 1604 3714 fit
1628 3654 1789 3732 quod
1818 3654 1979 3713 Deus
1997 3655 2074 3714 sit
2093 3655 2241 3714 coelo
2269 3653 2543 3730 inclusus,
2562 3653 2720 3731 quod
2748 3653 2958 3731 Apost.

544 3734 754 3814 arguit,
786 3734 923 3795 Act.
950 3735 1096 3794 xvii.
1126 3739 1223 3810 24,
1256 3734 1359 3794 sed
1390 3737 1442 3811 1,
1470 3741 1541 3795 ut
1565 3733 1854 3795 accessuri
1879 3733 1957 3793 ad
1985 3735 2175 3793 Deum
2203 3733 2582 3812 cogitationes
2610 3753 2810 3793 omnes
2824 3753 2958 3792 nos—

542 3821 667 3875 tras
691 3814 766 3873 ab
792 3814 953 3874 hisce
980 3813 1215 3874 caducis
1242 3823 1303 3874 et
1328 3815 1570 3874 terrenis
1596 3833 1987 3890 amoveamus,
2018 3821 2079 3873 et
2103 3814 2250 3872 nihil
2275 3813 2350 3873 de
2380 3814 2508 3874 Deo
2533 3813 2649 3872 nisi
2683 3833 2960 3891 magnum

546 3900 607 3954 et
632 3894 927 3953 excelsum
956 3894 1295 3972 cogitemus.
1378 3897 1436 3954 2.
1482 3895 1568 3955 Ut
1588 3894 1840 3954 sciamus
1862 3894 2073 3953 coelum
2094 3913 2220 3953 esse
2243 3893 2438 3953 sedem
2455 3901 2514 3954 et
2533 3893 2804 3952 thronum
2829 3893 2958 3969 Dei,

545 3971 649 4032 ubi
676 3979 737 4031 et
762 3971 1041 4032 illustrior
1078 3981 1171 4032 est
1209 3971 1534 4051 patefactio,
1580 3982 1639 4033 et
1679 3974 1912 4034 uberior
1951 3973 2394 4034 communicatio
2423 3974 2624 4052 gloriae
2651 3982 2711 4032 et
2738 3973 2958 4052 gratiae,

546 4049 703 4112 unde
742 4051 1174 4111 benedictiones
1218 4071 1417 4111 omnes
1446 4060 1583 4111 sunt
1624 4052 2001 4130 expectandae
2037 4063 2098 4113 et
2137 4053 2496 4132 expetendae,
2538 4061 2607 4113 ut
2646 4054 2755 4112 sub
2783 4053 2860 4112 V.
2890 4053 2960 4112 T.

547 4130 841 4190 adoraturi
868 4131 1073 4190 faciem
1101 4131 1480 4191 obvertebant
1508 4131 1584 4189 ad
1612 4131 1831 4192 Arcam
1852 4142 1912 4194 et
1931 4134 2254 4212 Templum,
2283 4154 2403 4193 non
2423 4133 2582 4212 quod
2601 4134 2762 4194 Deus
2790 4133 2966 4192 Arcae

546 4211 646 4270 vel
673 4210 915 4288 Templo
937 4218 1091 4269 esset
1116 4209 1393 4286 inclusus,
1424 4209 1529 4270 sed
1554 4219 1790 4289 propter
1822 4212 2174 4291 singularem
2201 4214 2404 4292 gratiae
2443 4213 2966 4274 manifestationem

548 4309 680 4369 quse
706 4289 789 4348 ibi
816 4289 942 4348 fieri
970 4290 1211 4349 solebat.
1292 4293 1350 4349 3.
1396 4291 1480 4351 Ut
1518 4291 1948 4352 meminerimus
1977 4295 2150 4354 etiam
2177 4296 2388 4354 coelum
2417 4314 2545 4354 esse
2571 4294 2966 4354 habitaculum

546 4369 718 4429 nobis
738 4389 776 4428 a
803 4369 931 4429 Deo
948 4378 1227 4447 paratum,
1259 4369 1335 4429 ad
1362 4369 1519 4448 quod
1545 4370 1823 4431 debemus
1838 4383 2116 4451 perpetuo
2133 4374 2586 4468 contenderekut
2609 4374 2884 4434 Israe’litae
2905 4373 2970 4432 in

548 4449 791 4510 exilium
816 4450 973 4528 pulsi
1000 4449 1303 4528 Templum
1334 4451 1733 4530 respiciebant,
1764 4461 2040 4531 tanquam
2081 4455 2237 4514 votis
2264 4455 2339 4512 ad
2365 4463 2614 4532 patriam
2647 4463 2708 4514 et
2732 4453 2968 4514 liberta-

546 4538 669 4592 tem
694 4529 1034 4590 anhelantes
1056 4552 1071 4608 3
1116 4531 1200 4591 sic
1226 4550 1333 4590 nos
1362 4531 1527 4590 exilii
1554 4540 1612 4591 et
1639 4533 2119 4612 peregrinationis
2147 4534 2575 4610 admoneamur,
2618 4543 2687 4594 ut
2731 4534 2968 4594 liberta-

548 4619 667 4671 tem
697 4611 1071 4690 suspiremus,
1101 4619 1162 4672 et
1186 4609 1495 4672 indefessis
1522 4612 1746 4674 viribus
1773 4614 2018 4692 patriam
2045 4621 2391 4692 repetamus.
2475 4617 2534 4674 4.
2580 4616 2666 4676 Ut
2701 4614 2970 4674 ostenda·

550 4711 681 4752 mus
707 4711 909 4771 preces
927 4700 1157 4753 nostras
1182 4711 1299 4752 non
1326 4692 1575 4773 amplius
1602 4693 1681 4753 ad
1705 4703 1928 4755 certum
1954 4693 2148 4754 locum
2167 4694 2230 4754 in
2257 4703 2410 4755 terra
2431 4695 2812 4756 constitutum
2831 4693 2969 4753 din·

577 3398 761 3447 Fontes
784 3399 995 3447 Solutio-

718 3473 853 3505 num.
