3300 5225
364 351 591 400 cumr.
622 331 761 413 xia]
1352 351 1429 392 na
1456 326 1816 394 rusonoeu.
2701 341 2780 400 39

360 494 613 570 quentiae
638 513 757 552 non
786 501 923 552 suut
948 491 1023 552 de
1050 491 1165 552 fide
1192 513 1269 554 cx
1294 501 1457 570 parte
1484 495 1706 570 onyas-i,
1745 513 1864 572 quo
1889 492 2214 570 eliciuntur,
2257 513 2374 554 non
2401 495 2556 556 enim
2585 497 2776 574 credo,

358 573 499 650 qnia
523 573 609 631 sic
636 573 965 648 ratiocinor,
994 571 1101 632 sed
1124 573 1263 650 quia
1288 573 1397 632 hoc
1424 572 1567 632 dicit
1594 571 1856 633 Verbum
1885 573 2032 650 Dei;
2075 583 2212 634 sunt
2239 583 2432 634 tamen
2457 575 2532 634 de
2559 575 2674 636 fide
2701 599 2780 638 ex

358 663 521 730 parte
550 653 849 730 princpr’a',
876 672 955 710 ex
982 672 1099 730 quo
1124 653 1467 729 eliciuntu1;
1514 653 1720 730 quales
1745 653 1902 714 enim
1927 663 2066 716 sunt
2089 653 2422 734 premissa,
2463 655 2612 716 tales
2639 677 2774 717 con·

358 732 645 791 clusiones
672 731 811 792 inde
838 731 1121 792 deducta.

442 811 763 870 XXVIII.
808 811 1055 888 Aliquid
1080 819 1349 872 censetur
1372 809 1694 890 profectum
1719 832 1758 870 a
1787 811 2008 890 Spiritu
2037 813 2268 888 Sancto,
2299 813 2396 873 vel
2435 813 2688 876 mediate
2715 825 2778 878 et

358 891 421 949 in
446 893 635 967 ramis,
684 891 847 969 quod
884 911 1093 969 nempe
1132 911 1211 950 ex
1252 891 1549 968 Scriptura
1572 891 1802 952 elicitur
1826 891 2146 952 ministerio
2173 893 2644 970 ratiocinationis,
2675 897 2774 958 vel

358 971 687 1032 immediate
710 981 777 1064 et
802 972 865 1030 in
890 971 1101 1046 radice,
1119 970 1287 1064 ‘quod
1304 971 1547 1032 totidem
1564 969 1760 1030 verbis
1785 971 1846 1030 in
1873 971 1976 1030 illa
1999 973 2360 1034 continetur:
2401 975 2580 1053 priori
2597 975 2772 1037 modo

355 1051 1832 1208 mfflffffiiii‘piosffiffmsfeffinissmm‘
1739 1061 2010 1190 ⁰⁸²²&
2001 1131 2078 1192 sit
2103 1131 2450 1210 habenam,
2493 1135 2654 1212 quoa
2693 1157 2770 1196 οι

352 1209 609 1287 ipsorum
650 1209 1123 1272 confessionibus
1162 1209 1682 1288 quomodocunque
1720 1210 1964 1286 elicitur,
2007 1220 2068 1272 et
2105 1212 2224 1272 illis
2265 1213 2616 1291 imputatum
2657 1234 2766 1274 nec

350 1309 455 1368 pro
496 1291 783 1352 sententia
826 1289 1285 1350 Lutheranorum
1328 1289 1525 1348 statim
1564 1289 1724 1382 quod
1763 1309 1840 1350 ex
1879 1309 2078 1350 eorum
2124 1291 2398 1370 dogmate
2437 1291 2766 1370 colligitur;

347 1388 467 1508 ἓξὲξ
494 1370 755 1448 seqnitur
780 1390 899 1429 non
923 1389 1095 1462 posse
1122 1369 1323 1428 haberi
1350 1389 1455 1448 pro
1486 1369 1597 1428 Dei
1626 1369 1842 1462 Verbo,
1885 1369 2044 1462 quod
2069 1389 2146 1432 ex
2172 1389 2244 1432 eo
2269 1371 2532 1465 legitime
2557 1381 2618 1432 et
2643 1373 2764 1478 ev‘i·

346 1536 445 1622 «a.
462 1450 1145 1622 &mmm
1164 1449 2768 1622 ffwmmmzpmmwffixffim

344 1610 625 1686 quicquid
646 1630 725 1669 ex
752 1610 927 1670 dicus
952 1628 1075 1670 suis
1098 1629 1225 1668 erui
1250 1617 1361 1670 rite
1384 1617 1647 1687 poterat;
1689 1609 1794 1670 sed
1821 1609 2100 1687 hommes,
2131 1609 2232 1689 qui
2257 1629 2366 1670 nec
2392 1619 2528 1672 sunt
2548 1613 2760 1674 omnis·

344 1689 421 1750 cii
462 1709 570 1748 nec
610 1689 963 1766 infallibiles,
1012 1688 1161 1750 scire
1200 1707 1319 1748 non
1342 1697 1658 1768 potuerunt
1693 1689 1838 1768 quid
1875 1708 1954 1750 ex
1993 1689 2166 1752 dictis
2203 1689 2328 1752 suis
2363 1689 2428 1752 in
2465 1701 2762 1772 posterum

340 1789 467 1830 erm
492 1779 707 1847 posset.

614 1901 627 1912 .
952 1847 1175 1908 XXX.
1220 1847 1413 1924 Quum
1458 1847 1668 1908 Petrus
1709 1857 1888 1926 neg-at
1939 1849 2296 1942 Scripturam
2339 1869 2466 1912 esse
2515 1851 2758 1932 privata

428 1899 463 1944 ²
482 1901 589 1946 ¹³⁹²·
610 1915 644 1946 ¹·
662 1900 739 1946 ω·
868 1927 1357 2008 interpretationis
1382 1949 1433 1988 c.
1462 1928 1501 1987 i.
1552 1931 1635 1987 2·
1653 1972 1672 2002 ,
1695 1947 1812 1988 non
1837 1928 2114 2008 intelligit
2143 1930 2436 2008 privatam
2451 1933 2756 2010 subjectnbe,

340 2027 473 2085 quse
500 2026 537 2066 a
562 2005 791 2084 privato
830 2009 1027 2086 aliquo
1064 2017 1257 2086 potest
1298 2006 1557 2085 legitime
1592 2025 1670 2067 ex
1715 2007 2026 2086 Scriptura
2065 2009 2372 2070 collatione
2413 2011 2570 2086 erui3
2615 2013 2760 2072 alias

339 2105 459 2146 non
490 2087 727 2165 juberet
770 2087 1021 2167 Spiritus
1049 2087 1299 2148 Sanctus
1332 2087 1527 2165 legere
1565 2095 1627 2147 et
1667 2087 1909 2148 scrutari
1949 2087 2294 2166 Scripturas,
2339 2099 2400 2150 et
2437 2090 2760 2168 spiritualia

340 2187 473 2226 cum
516 2167 911 2245 spiritualibus
956 2166 1215 2228 conferre
1260 2169 1289 2226 1
1323 2165 1453 2226 Cor.
1482 2165 1543 2226 ii.
1590 2167 1684 2240 13,
1733 2167 2076 2244 prophetare
2115 2167 2192 2226 ad
2231 2167 2400 2227 analo
2445 2169 2558 2228 'am
2597 2169 2754 2246 fidei,

340 2247 513 2306 Rom.
536 2247 639 2307 xii.
670 2249 725 2322 6,
755 2257 817 2308 et
844 2247 1131 2386 aplp'licare
1156 2266 1259 2308 eas
1284 2245 1363 2306 ad
1387 2244 1812 2306 convictionem
1839 2254 1898 2306 et
1924 2247 2354 2322 correctionem,
2443 2269 2492 2308 c.
2537 2252 2574 2306 2
2604 2249 2754 2309 Tim.

336 2327 419 2387 iii.
458 2329 551 2386 15.
638 2326 757 2388 Sed
782 2327 903 2387 inte
952 2327 1129 2404 ‘gitur
1153 2325 1549 2404 interpretatio
1578 2325 1820 2402 privata
1847 2326 2218 2402 oriqinaliter,
2247 2335 2308 2386 et
2333 2335 2398 2386 ut
2425 2325 2600 2387 habet
2627 2337 2752 2388 tex·

332 2415 433 2466 tus
460 2405 565 2466 Bia
594 2408 833 2483 ἔπ’λυσις,
878 2406 941 2466 id
979 2415 1071 2468 est
1107 2407 1339 2486 propria
1374 2413 1435 2466 et
1477 2405 1808 2483 singularia,
1847 2423 1978 2484 quae
2019 2423 2108 2466 ex·
2123 2405 2404 2484 cujusque
2432 2406 2668 2466 cerebro
2695 2417 2756 2470 et

332 2487 577 2547 arbitrio
604 2489 801 2563 oritur,
842 2495 905 2546 et
930 2506 1105 2564 quam
1132 2505 1249 2546 non
1274 2485 1647 2564 suppeditant
1677 2483 1989 2564 Scriptum
2015 2483 2196 2546 verba
2235 2505 2548 2564 eorumque
2576 2487 2750 2548 colla-

330 2566 431 2643 tio,
478 2567 651 2645 quale
690 2575 785 2629 est
814 2565 917 2646 jus
956 2565 1115 2645 quod
1140 2565 1253 2627 sibi
1277 2565 1481 2627 tribuit
1508 2565 1672 2645 Papa
1713 2565 2070 2645 Scripturam
2114 2585 2221 2645 pro
2261 2565 2430 2627 libitu
2471 2566 2749 2647 interpre-

326 2647 497 2785 {andi
518 2648 837 2709 secundum
858 2646 1121 2725 spiritum
1140 2646 1305 2707 illum
1326 2646 1706 2723 infallibilem,
1729 2666 1902 2725 quem
1923 2644 2036 2705 sibi
2053 2646 2347 2727 proprium
2374 2656 2434 2707 et
2459 2648 2750 2727 privatum

348 2728 487 2787 acit.

406 2806 676 2867 XXXI.
722 2806 809 2869 Ut
836 2806 1133 2885 Scriptura
1160 2824 1263 2885 per
1292 2804 1647 2885 scripturam
1675 2812 2014 2885 exponatur,
2045 2802 2254 2865 sufficit
2273 2813 2340 2865 ut
2363 2804 2659 2885 Scriptura
2685 2807 2748 2869 in

322 2885 779 2947 circumstantiis
798 2886 1287 2962 antecedentibus,
1316 2884 1820 2963 consequentibus,
1849 2883 2158 2963 parallelis,
2187 2904 2380 2963 scopo,
2409 2882 2518 2945 &c.
2541 2884 2744 2947 funda·

320 2975 527 3026 menta
564 2976 629 3027 et
664 2967 918 3027 rationes
946 2964 1257 3045 Interpreti
1296 2964 1642 3043 suppeditet,
1685 2964 1896 3042 quibus
1935 2964 2036 3023 ille
2075 2964 2390 3043 genuinum
2435 2964 2746 3044 Scriptura

320 3063 563 3107 sensnm
590 3046 803 3122 eliciat,
844 3045 1089 3125 aliisque
1121 3045 1200 3106 ad
1225 3043 1635 3105 conscientiam
1661 3062 1860 3103 eorum
1887 3042 2276 3107 demonstret:
2341 3044 2462 3105 Sed
2499 3056 2616 3105 non
2644 3066 2742 3107 ne·

320 3144 487 3185 cesse
514 3135 611 3185 est
634 3134 703 3187 ut
730 3124 1043 3204 Scriptura
1069 3124 1238 3187 ullibi
1264 3124 1461 3185 dicant
1484 3124 1678 3187 locum
1705 3125 1880 3183 istum
1905 3142 2010 3202 per
2035 3124 2278 3185 alterum
2300 3144 2426 3184 esse
2447 3124 2740 3204 explican-

320 3203 479 3281 dum,
510 3216 575 3266 et
604 3214 669 3265 ut
694 3205 757 3265 in
787 3206 1083 3284 Scriptura
1108 3206 1337 3283 legatur
1356 3223 1627 3283 expresse
1647 3202 2058 3281 consequentia
2076 3212 2134 3265 et
2154 3202 2548 3283 interpretatio
2567 3224 2742 3282 quam

316 3302 623 3363 propon03
665 3294 733 3347 ut
758 3304 936 3363 quum
962 3286 1007 3347 J
1010 3284 1429 3349 uiisconaultus
1452 3284 1645 3362 legem
1672 3302 1804 3343 cum
1831 3282 1962 3361 lege
1989 3282 2306 3361 conserens,
2350 3292 2412 3345 et
2448 3302 2624 3345 unam
2663 3304 2740 3345 ex

316 3364 503 3426 altera
528 3365 853 3444 explicans,
900 3364 1043 3425 dicit
1069 3364 1485 3445 Imperatorem
1512 3371 1573 3423 et
1600 3362 2020 3441 Legislatorem
2061 3362 2316 3443 seipsum
2354 3364 2736 3443 interpretari,

316 3460 439 3583 epil:
458 3464 620 3524 opus
645 3454 737 3585 εει
760 3452 829 3507 ut
855 3445 1177 3585 ζωὲἒηιοι·
1215 3443 1430 3505 alicubi
1450 3442 1625 3583 ddicat
1664 3461 1936 3522 expresse
1976 3442 2126 3503 hanc
2167 3442 2388 3521 Legem
2425 3462 2532 3521 per
2555 3442 2736 3521 illam,

314 3541 347 3581 e
440 3544 669 3585 aeever
706 3544 927 3585 sexis
1028 3542 1259 3585 esseex
1336 3542 1449 3585 nen
1490 3542 1543 3581 a.

394 3604 706 3667 XXXII.
748 3604 917 3665 Licet
960 3544 1399 3683 Soripmrapszfon
1428 3600 1660 3681 judicet
1685 3599 1760 3663 de
1786 3600 2042 3663 bonitate
2079 3600 2504 3679 consequentia
2544 3600 2738 3679 quoad

314 3684 629 3745 veritatem
656 3682 1051 3760 connexionis,
1092 3684 1232 3762 quia
1269 3683 1381 3744 hoc
1406 3680 1621 3760 pendet
1648 3700 1686 3741 a
1709 3681 2028 3741 ministerio
2063 3678 2322 3755 rationis,
2365 3698 2484 3738 non
2523 3679 2739 3741 desinit

313 3780 439 3823 esse
466 3764 603 3825 sola
628 3764 675 3825 J
678 3765 837 3825 udex
870 3763 1387 3823 contraversiarum
1428 3760 1567 3821 fidei
1604 3760 1798 3839 quoad
1837 3761 2140 3821 veritatem
2179 3759 2627 3837 sententiarum3
2669 3769 2739 3821 ut

315 3840 440 3903 Lex
466 3863 595 3905 non
622 3844 839 3905 desinit
864 3862 993 3903 esse
1018 3844 1063 3905 J
1064 3842 1221 3905 udex
1248 3843 1435 3903 litium
1476 3861 1607 3919 quae
1648 3841 1910 3901 oriuntur
1949 3838 2011 3899 in
2053 3838 2142 3901 Re
2183 3837 2390 3915 ublica,
2440 3838 2578 3900 licet
2617 3859 2736 3900 non

310 3920 469 3985 dicat
494 3923 963 4001 consequentias,
1006 3942 1137 4001 quse
1176 3942 1251 3982 ex
1288 3922 1416 3999 ipsa
1442 3920 1806 3981 deducuntur
1831 3918 1908 3979 ad
1932 3918 2088 3979 hunc
2113 3939 2150 3981 a
2191 3917 2530 3981 solvendum
2560 3928 2620 3981 et
2659 3920 2736 3981 ad

310 4000 485 4061 istum
512 4002 932 4078 damnandum,
976 4002 1157 4063 bonas
1198 4020 1325 4063 esse
1365 4010 1425 4063 et
1464 4001 1611 4061 bene
1648 4000 1956 4061 formatas:
2039 3998 2162 4059 Nec
2188 4016 2442 4077 unquam
2471 3999 2734 4061 auditum

308 4080 599 4160 principia
626 4082 1060 4160 disciplinarum
1088 4080 1327 4143 realium
1360 4078 1625 4157 judicare
1654 4078 1727 4139 de
1753 4078 2010 4139 bonitate
2039 4078 2576 4157 consequentiarum
2601 4099 2733 4157 quas

310 4158 441 4220 inde
482 4162 831 4237 formantur,
874 4162 1140 4239 quamvis
1179 4180 1257 4220 ex
1296 4160 1413 4220 illis
1454 4160 1858 4219 controversiae
1899 4157 2306 4237 dijudicentur,
2347 4157 2616 4237 Physica
2655 4178 2733 4221 ex

314 4238 601 4319 Physicis,
636 4241 867 4301 Ethieae
892 4261 967 4301 ex
998 4240 1239 4301 Ethieis.

386 4320 733 4381 XXXIII.
781 4321 867 4381 Ut
890 4320 1123 4381 auditus
1148 4338 1267 4379 non
1292 4316 1431 4379 facit
1458 4336 1682 4393 sonum,
1726 4325 1786 4379 et
1810 4316 1971 4379 visus
1999 4336 2116 4377 non
2143 4314 2282 4379 facit
2315 4315 2530 4393 lumen,
2573 4317 2732 4395 quod

310 4398 561 4463 videndo
590 4400 879 4479 percipit3
924 4399 1019 4459 Ita
1042 4418 1151 4459 nec
1177 4397 1504 4459 intellectus
1532 4397 1672 4457 facit
1696 4396 1986 4475 objectum
2015 4416 2183 4457 suum
2212 4415 2313 4455 scu
2341 4396 2644 4455 veritatem
2671 4403 2732 4455 et

312 4479 569 4541 Verbum
600 4479 725 4541 Dei
762 4478 921 4557 quod
960 4478 1353 4541 ratiocinando
1381 4477 1674 4554 intelligit,
1725 4476 1830 4537 sed
1869 4474 2142 4554 supponit
2181 4474 2430 4553 pariter:
2519 4473 2636 4533 Sed
2651 4483 2728 4563 ‘ut

310 4558 639 4624 intellectus
668 4558 1065 4621 ratiocinando
1093 4558 1231 4619 facit
1257 4568 1321 4619 ut
1344 4556 1559 4619 veritas
1586 4577 1689 4617 seu
1715 4556 1972 4617 Verbum
1997 4554 2110 4615 Dei
2133 4554 2208 4616 sit
2236 4554 2604 4629 conclusum;
2646 4560 2730 4611 ita
