3300 5225
417 336 642 391 otifflsr.
672 318 787 402 1v.]
1391 342 1468 381 nn
1497 340 1853 383 rammam.
2745 328 2816 385 13

417 482 684 542 Ethnieis
725 486 1090 559 competeret,
1137 482 1188 541 si
1231 500 1334 558 per
1375 481 1733 560 impossibile
1776 483 1923 542 bene
1964 490 2263 545 uterentur
2304 483 2521 544 lumine
2564 492 2818 561 naturae3

413 564 553 641 quia
577 562 716 621 licet
741 562 996 619 actiones
1021 580 1158 621 suas
1183 570 1452 621 externas
1479 562 1586 621 rite
1627 572 2035 640 componerent
2064 585 2114 643 ‚a
2154 566 2405 642 peccatis
2450 565 2823 642 sequentibus

413 640 776 715 abstinendo,
819 660 936 699 non
974 648 1210 717 possent
1245 648 1438 701 tamen
1464 641 1695 701 veniam
1721 643 2167 720 praecedentium
2193 652 2559 722 peccatorum
2585 663 2821 723 praeser-

415 723 522 782 tim
539 720 838 798 originalis
859 719 1132 797 obtinere,
1163 740 1231 779 ac
1253 728 1466 779 statum
1481 729 1542 780 et
1555 728 1821 781 naturam
1840 732 2165 800 corruptam
2185 725 2527 801 reformare;
2570 724 2827 783 actiones

416 801 572 861 enim
613 820 758 878 quas
801 799 1070 876 facerent,
1117 810 1377 861 externae
1411 807 1635 859 tantum
1662 810 1857 860 essent
1898 810 1959 861 et
1998 803 2167 862 bonae
2210 802 2403 881 quoad
2445 804 2825 863 substantiam

419 881 626 959 operis,
657 899 775 937 non
801 879 940 939 item
967 878 1161 956 quoad
1187 878 1423 937 modum
1449 887 1509 937 et
1534 880 1893 956 principium,
1930 881 2148 959 Spiritu
2169 883 2381 943 Sancto
2408 884 2621 961 quippe
2648 882 2825 942 desti·

418 968 578 1034 tutae,
621 968 680 1018 et
707 960 758 1018 si
783 958 1004 1017 homini
1029 957 1386 1036 prodessent,
1415 957 1755 1034 prodessent
1780 968 2004 1019 tantum
2037 961 2231 1038 quoad
2267 982 2523 1040 praesens
2550 963 2645 1022 vel
2672 962 2825 1021 futu-

419 1059 564 1114 rum,
607 1058 726 1097 non
753 1057 893 1096 vero
921 1037 1113 1114 quoad
1139 1037 1508 1115 praeteritum,
1539 1036 1616 1095 ad
1641 1038 1961 1097 tollendum
1986 1048 2209 1101 reatum
2248 1042 2684 1119 praecedentem,
2728 1041 2826 1100 ab·

419 1138 564 1196 sque
593 1138 709 1195 quo
735 1126 930 1177 tamen
957 1116 1119 1175 nulla
1145 1116 1272 1175 dari
1297 1124 1490 1193 potest
1514 1117 1736 1175 homini
1763 1118 1938 1178 salus.

505 1198 627 1255 XI.
658 1198 968 1273 Perperam
989 1195 1200 1255 dicitur
1217 1196 1280 1255 in
1299 1199 1506 1272 qvam?
1521 1203 1611 1257 τοῦ
1638 1204 1769 1257 Θεοῦ
1794 1197 2171 1257 sufficientem
2191 1198 2317 1258 dari
2338 1201 2592 1275 objectiva
2612 1200 2832 1260 Gratiae

424 1286 486 1337 et
514 1275 918 1353 Redemptoris
944 1276 1358 1335 revelationem
1386 1274 1462 1334 ad
1489 1277 1753 1351 salutem,
1784 1278 1837 1335 si
1862 1296 1979 1335 non
2006 1278 2221 1336 claram
2248 1288 2307 1338 et
2336 1279 2687 1355 explicitam,
2719 1280 2830 1337 sal-

423 1366 544 1416 tem
572 1356 874 1415 obscuram
903 1363 962 1415 et
987 1354 1359 1433 implicitam3
1403 1364 1691 1432 quatenus
1728 1356 1791 1414 in
1830 1356 1933 1415 illo
1966 1357 2128 1416 Deus
2168 1358 2536 1435 cognoscitur
2560 1366 2627 1418 ut
2656 1357 2831 1417 Mise-

425 1436 621 1513 ricors,
645 1454 714 1494 ac
741 1434 981 1511 proinde
1008 1433 1221 1512 alique,
1250 1434 1389 1494 licet
1415 1435 1656 1496 confuso
1674 1435 1848 1495 modo
1869 1436 2241 1514 Redemptor,
2260 1437 2363 1514 qui
2388 1436 2835 1497 satisfactionem

427 1515 818 1655 “affieffiiii’me‘
843 1513 1470 1653 ffiffiffi‘tffl
1485 1515 2840 1657 3:202‘tzfamsszsszrffiffizfffissssfflt

427 1615 1126 1749 msericordiapqeneinalg
1169 1692 1302 1750 quae
1433 1614 2255 1753 bonuirioaliquofflntemporale
2283 1683 2342 1735 et
2368 1696 2667 1753 poenarum
2694 1676 2838 1735 dila-

430 1754 648 1813 tionem
675 1764 916 1831 vergat3
961 1752 1147 1813 Aliud
1185 1762 1253 1813 ut
1289 1754 1720 1815 misericordem
1754 1755 2145 1816 misericordia
2170 1756 2407 1832 speciali
2428 1764 2487 1815 et
2516 1756 2753 1816 salutari
2780 1755 2843 1813 in

403 1834 678 1909 christo,
710 1842 770 1893 et
795 1832 986 1910 posita
1013 1832 1420 1894 satisfactione.
1492 1833 1679 1893 Aliud
1703 1854 1873 1911 posse
1902 1836 2174 1913 cognosci
2203 1835 2394 1894 Deum
2418 1844 2487 1895 ut
2504 1836 2846 1912 placabilem

431 1922 492 1974 et
535 1913 887 1990 benignum3
938 1910 1124 1973 Aliud
1169 1921 1236 1973 ut
1281 1913 1472 1991 reipsa
1509 1916 1819 1989 phcatum,
1865 1914 1964 1973 vel
2009 1923 2167 1974 certo
2206 1918 2575 1991 placandum.
2676 1914 2848 1973 Prius

429 1992 637 2051 damus
682 1991 962 2051 Ethnicos
1005 2011 1083 2051 ex
1124 1992 1342 2051 lumine
1381 2001 1602 2055 naturae
1641 1993 1855 2051 habere
1895 1993 2187 2070 potuisse3
2234 1994 2339 2053 sed
2377 2015 2495 2053 non
2540 1994 2845 2071 posterius,

427 2072 590 2149 quod
629 2079 823 2131 tamen
861 2071 1186 2136 necessario
1227 2070 1534 2147 requiritur
1573 2071 1650 2130 ad
1688 2073 2173 2149 tranquillandam
2210 2074 2653 2149 conscientiam
2697 2073 2853 2148 Quid

435 2151 588 2209 enim
610 2151 846 2227 juvaret
873 2150 1020 2209 scire
1048 2150 1239 2210 Deum
1270 2169 1441 2226 posse
1467 2151 1699 2227 placari,
1729 2150 1845 2209 nisi
1872 2160 2161 2213 constaret
2186 2172 2319 2211 eum
2346 2151 2519 2212 etiam
2546 2152 2699 2211 velle
2727 2153 2848 2229 pla·
2872 2224 2879 2229 ·

437 2231 573 2305 cari,
603 2239 664 2289 et
689 2228 943 2290 medium
969 2228 1105 2289 talis
1130 2229 1471 2307 placationis
1497 2238 1650 2289 esset
1750 2238 2040 2307 rspectum
2055 2234 2085 2291 P
2148 2232 2293 2291 Cum
2321 2230 2475 2289 enim
2502 2230 2854 2290 conscientia

436 2318 735 2388 prematur
773 2308 995 2386 peccati
1034 2317 1216 2384 reatu,
1267 2316 1328 2368 et
1368 2308 1628 2370 Justitiae
1712 2308 1883 2366 'vinae
1924 2328 2115 2384 sensu,
2158 2329 2454 2387 nunquam
2494 2310 2856 2387 tranquillari

437 2389 665 2467 poterit,
708 2388 822 2447 nisi
863 2396 924 2449 et
963 2387 1117 2448 bona
1158 2388 1272 2447 Dei
1299 2389 1590 2464 voluntas,
1633 2396 1695 2447 et
1729 2387 1937 2447 modus
1963 2388 2267 2451 ‚Iustitiam
2294 2391 2423 2466 ejus
2448 2386 2717 2467 placandi
2740 2388 2857 2466 ipsi

437 2470 795 2543 innotescat3
835 2467 967 2545 quis
994 2476 1187 2529 autem
1215 2468 1430 2527 dixerit
1448 2468 1560 2527 hoc
1586 2486 1664 2527 ex
1688 2466 1840 2526 libro
1866 2475 2104 2545 naturae,
2122 2469 2231 2528 'ubi
2258 2488 2321 2527 se
2344 2468 2505 2528 Deus
2528 2468 2856 2527 Creatorem

437 2557 665 2608 tantum
692 2556 752 2607 ct
781 2548 1258 2607 conservatorem
1283 2546 1540 2624 exhibet,
1569 2566 1741 2624 posse
1773 2546 1973 2605 haberi
1987 2550 2017 2607 P
2086 2546 2229 2624 Quis
2254 2567 2373 2607 non
2400 2555 2601 2614 contra
2627 2567 2703 2606 ex
2730 2547 2856 2607 solo

441 2629 640 2688 Verbo
669 2627 980 2704 Evangelii
1019 2628 1179 2705 quod
1219 2626 1669 2686 misericordiam
1700 2627 1813 2685 Dei
1848 2627 1910 2685 in
1940 2627 2169 2688 Christo
2196 2629 2367 2688 nobis
2392 2629 2631 2704 revelat,
2656 2636 2853 2706 peten-

442 2708 582 2768 dum
636 2727 763 2768 esse
809 2707 1058 2767 fateatur
1071 2711 1102 2766 2
1182 2707 1352 2766 Alias
1393 2725 1573 2785 quare
1616 2705 1835 2766 Paulus
1876 2707 2225 2784 Mysterium
2270 2707 2382 2768 hoc
2422 2716 2657 2768 vocaret
2700 2708 2858 2784 quod

442 2787 709 2848 omnibus
750 2787 1018 2846 aetatibus
1058 2785 1416 2865 incognitum
1457 2786 1584 2862 fuit,
1630 2786 1801 2846 Rom.
1836 2787 1959 2846 xvi.
1988 2789 2087 2849 25.
2172 2786 2363 2861 Quare
2390 2786 2607 2846 diceret
2635 2787 2857 2846 Gentes

442 2869 660 2930 alienas
687 2866 865 2926 fuisse
892 2885 929 2926 a
954 2865 1283 2940 foederibus,
1315 2875 1374 2925 et
1400 2874 1567 2925 extra
1587 2865 1897 2942 Christum,
1930 2865 2081 2943 Eph.
2108 2866 2171 2926 ii.
2205 2869 2297 2942 12,
2328 2865 2381 2926 si
2406 2867 2681 2926 suberant
2708 2885 2855 2926 sem-

443 2967 547 3025 per
589 2946 952 3024 aliquatenus
994 2945 1198 3004 foederi
1240 2945 1458 3022 gratiae,
1498 2945 1560 3002 in
1599 2965 1717 3022 quo
1761 2945 1898 3006 data
1932 2944 2043 3006 fuit
2082 2946 2293 3024 aliqua,
2336 2946 2474 3008 licet
2520 2944 2760 3006 confusa
2798 2954 2859 3006 et

445 3027 740 3104 implicita,
769 3024 1176 3084 misericordias
1204 3025 1473 3085 salutaris
1498 3025 1560 3082 in
1589 3025 1819 3085 Christo
1844 3024 2053 3085 notitia
2066 3029 2097 3084 2

530 3106 687 3165 XII.
731 3105 866 3164 Non
905 3104 1112 3164 melius
1154 3123 1280 3164 sese
1307 3102 1626 3182 expediunt
1652 3104 1754 3182 qui
1780 3103 1941 3163 aliud
1966 3105 2479 3168 incrustamentum
2505 3113 2772 3184 quaerunt
2798 3113 2859 3166 et

448 3185 815 3261 distinguunt
853 3185 1236 3258 sufficientiam
1273 3185 1579 3244 mediatam
1619 3193 1674 3242 et
1697 3185 2094 3262 immediatam,
2126 3185 2293 3264 quasi
2322 3185 2585 3245 Gentiles
2612 3185 2713 3263 qui
2740 3203 2859 3244 non

447 3273 760 3342 potuerunt
797 3264 1012 3324 habere
1053 3263 1466 3323 revelationem
1505 3263 1884 3324 sufficientem
1924 3264 2270 3342 immediate,
2312 3265 2620 3326 habuerint
2664 3273 2859 3324 tamen

449 3343 826 3404 sufficientem
871 3344 1155 3420 mediate;
1197 3351 1484 3422 quatenus
1531 3351 1881 3422 supponunt,
1928 3344 1980 3402 si
2022 3344 2233 3422 aliquis
2278 3344 2427 3405 bene
2472 3363 2615 3405 usus
2656 3343 2862 3404 fixisset

447 3424 665 3484 lumine
692 3432 930 3499 naturae,
963 3424 1156 3484 Deum
1182 3423 1684 3501 superadditumm
1710 3423 1889 3483 fuisse
1913 3422 2113 3482 lumen
2140 3423 2374 3502 gratiae3
2417 3425 2528 3482 hoc
2570 3424 2723 3484 enim
2760 3422 2859 3482 de-

449 3524 579 3564 cere
605 3503 1056 3564 misericordiam
1093 3504 1238 3581 ejus,
1269 3509 1328 3563 et
1353 3523 1431 3564 ex
1457 3501 1613 3564 dieto
1642 3502 1875 3578 Christi,
1907 3503 2079 3562 Matt.
2112 3503 2237 3563 xiii.
2270 3506 2363 3578 11,
2392 3504 2617 3562 habenti
2639 3501 2865 3561 dabitw

449 3583 648 3660 colligi
687 3603 876 3661 posse.
961 3585 1112 3642 Nam
1152 3591 1534 3660 praeterquam
1571 3582 1729 3659 quod
1764 3581 2013 3641 absurde
2041 3579 2252 3642 dicitur
2277 3581 2379 3639 illa
2404 3580 2681 3640 revelatio
2710 3579 2863 3642 suffi—

453 3663 629 3736 ciens,
660 3682 791 3739 quae
819 3670 955 3740 eget
981 3663 1096 3722 alia
1121 3662 1474 3722 revelatione
1503 3659 1907 3737 superaddita;
1950 3678 2069 3736 quo
2109 3678 2284 3718 sensu
2310 3658 2597 3735 carpimus
2626 3657 2863 3718 Pontifi-

455 3741 675 3798 ciorum
703 3743 1063 3817 sententiam,
1093 3740 1194 3818 qui
1235 3739 1586 3817 pertendunt
1620 3737 1975 3815 Scripturam
2004 3736 2119 3795 dici
2144 3756 2317 3814 posse
2342 3736 2718 3798 sufficientem
2746 3757 2863 3798 me-

455 3818 628 3894 diate,
658 3820 796 3896 quia
834 3820 971 3881 licet
1010 3819 1204 3879 omnia
1238 3836 1356 3879 non
1397 3817 1707 3893 contineat,
1736 3836 1844 3876 nos
1870 3816 1947 3875 ad
1973 3815 2366 3876 Traditionem
2391 3817 2664 3877 amandat
2688 3837 2727 3876 a
2750 3837 2868 3895 qua

456 3895 2864 4038 {saturis„fammaris1325>33¹¹³⁰affi22303332222

455 4056 534 4116 ad
561 4056 878 4134 quidquam
919 3996 1308 4131 adstrinxerliz
1337 4063 1440 4116 aut
1463 4055 1684 4114 homini
1710 4055 2018 4134 quicquam
2045 3995 2269 4132 deffit,
2298 3997 2409 4117 du}
2426 4057 2653 4135 uspiam
2678 4077 2866 4118 nexus

457 4136 556 4195 ille
585 4157 662 4196 ex
703 4134 1015 4212 Scripturis
1054 4136 1345 4213 probetur.
1429 4135 1558 4196 Imo
1583 4135 1696 4196 hoc
1722 4155 1755 4194 e
1785 4135 2011 4213 Pelagii
2036 4135 2293 4196 sontibus
2319 4137 2550 4198 videtur
2574 4137 2866 4211 haustum,

447 4215 562 4293 *qui
589 4215 880 4276 statuebat
895 4216 1141 4291 facienti
1163 4218 1316 4292 quod
1339 4216 1398 4274 in
1423 4234 1482 4274 se
1509 4225 1590 4274 eat
1612 4217 1803 4274 Deum
1829 4236 1943 4275 non
1969 4217 2374 4292 denaqaturum
2394 4217 2665 4294 qratiam.
2751 4216 2865 4276 Lo·

461 4314 565 4354 cus
595 4295 806 4354 Matth.
836 4295 960 4388 xiii.
996 4297 1088 4370 11,
1117 4295 1232 4390 huc
1271 4294 1422 4356 trahi
1461 4313 1579 4354 non
1618 4301 1827 4372 potest,
1857 4294 1995 4373 quia
2021 4297 2214 4388 agitur
2239 4295 2322 4354 ibi
2349 4295 2423 4355 de
2450 4295 2619 4358 donis
2645 4294 2865 4373 gratioe,

462 4375 982 4517 Ψῗξιῖῗῗῗὲἑᾝ
1003 4374 1177 4514 ἓὲἶίἳ
1203 4393 1476 4516 Ἑᾞῗὶῗ
1503 4393 1568 4530 {2³
1568 4373 2505 4536 ¹gtzu¹3¹¹2122305230232330e
2530 4459 2593 4520 ,ες
2616 4451 2872 4529 ms...-

466 4533 620 4606 ἅμα,
650 4535 1038 4612 beniqnitatem
1062 4534 1184 4602 Dei
1205 4537 1291 4596 ad
1312 4534 1699 4612 poenitentiam
1725 4535 1983 4612 invitare,
2012 4555 2129 4597 non
2156 4537 2271 4598 huc
2296 4534 2563 4616 pertinet,
2592 4533 2729 4610 quia
2754 4551 2871 4592 non
