3300 5225
556 366 707 432 xviii
1372 378 1710 427 nrlsrom
1745 378 2250 429 nnch'ronrA.

561 566 759 610 rorem
793 562 933 608 cum
963 541 1584 607 Samosatenianismo
1617 548 1685 605 et
1716 540 2099 625 Arianist
2123 543 2190 605 id
2212 550 2309 607 est
2342 547 2621 605 monstra
2647 540 2960 623 monam-is,

562 643 950 723 copularunt.
1055 639 1220 717 Quos
1269 640 1679 705 Decessorum
1715 638 2085 704 Vestrorum
2136 640 2481 704 authoritas
2521 639 2769 703 fortiter
2801 660 2967 703 com·-

561 738 822 823 pescuit,
857 747 923 805 et
951 738 1214 803 feliciter
1244 738 1506 819 fugavit,
1542 744 1618 801 ut
1652 758 1895 829 semper
1922 758 2146 820 magna
2177 760 2315 803 cum
2350 738 2550 813 laude,
2584 748 2875 802 strenuos
2904 745 2967 800 et

564 839 866 903 cordatos
887 838 1022 921 pioe
1054 856 1263 901 causae
1306 836 1599 901 Vindices
1647 857 1714 900 se
1738 837 2101 919 probarint,
2159 836 2324 917 quod
2370 856 2641 901 summus
2675 835 2797 899 Vir
2843 835 2966 900 Dei

565 934 856 999 Calvinus
883 934 1038 1016 ipsis
1071 934 1216 997 olim
1241 934 1643 998 honorificum
1672 932 1935 1015 elogium
1962 934 2207 1001 tribuit.

665 1032 848 1097 Hanc
895 1033 1082 1097 etiam
1111 1032 1485 1113 praecipuam
1513 1052 1649 1097 esse
1678 1038 1947 1097 vestram
1978 1032 2473 1107 sollicitudinem,
2509 1033 2805 1095 PATRIAE
2836 1028 2967 1093 PA-

565 1146 740 1195 TRES
765 1130 1264 1213 Vigilantissimi,
1295 1131 1463 1193 zelus
1487 1137 1554 1194 et
1583 1131 1785 1211 pietas
1818 1137 2027 1195 vestra
2056 1131 2343 1194 dubitare
2371 1150 2483 1194 nos
2538 1150 2658 1193 non
2715 1129 2969 1209 patiun-

565 1244 709 1293 tur:
763 1228 1006 1309 Nempe
1035 1227 1404 1292 meministis
1435 1228 1669 1291 Solium
1693 1229 1929 1308 pietate
1961 1233 2028 1293 et
2043 1228 2297 1308 justitia
2330 1228 2692 1291 firmandum
2724 1246 2859 1290 esse
2886 1244 2967 1289 ex

566 1324 808 1409 Regum
838 1326 1276 1407 sapientissimi
1307 1326 1588 1403 Oraculo,
1620 1346 1734 1390 nec
1763 1346 2031 1407 unquam
2073 1326 2224 1390 felix
2272 1333 2337 1389 et
2364 1328 2520 1388 bene
2566 1324 2971 1404 compositum

566 1444 702 1490 esse
734 1445 916 1505 posse
941 1424 1246 1505 Regimen
1273 1430 1570 1499 vestrum,
1606 1424 1729 1487 nisi
1759 1424 2008 1499 curetis,
2043 1430 2117 1486 nt
2148 1422 2359 1487 Verbo
2409 1424 2533 1487 Dei
2574 1444 2687 1486 sua
2728 1442 2973 1503 semper

567 1524 735 1603 apud
764 1522 900 1586 Vos
931 1528 1176 1586 constet
1203 1522 1564 1599 authoritas,
1597 1527 1664 1584 et
1686 1528 1762 1583 ut
1794 1521 2076 1587 Christus
2105 1522 2239 1601 ipse
2279 1542 2392 1602 per
2422 1520 2557 1585 Vos
2585 1528 2845 1602 regnet:
2898 1528 2971 1583 ut

567 1620 672 1684 hic
701 1640 823 1683 non
855 1627 987 1682 tam
1017 1618 1462 1695 Aristocratia,
1497 1640 1681 1699 quam
1714 1619 2095 1683 Theocratia
2126 1620 2211 1683 sit
2258 1620 2554 1702 quaedam,
2586 1640 2723 1699 quae
2767 1618 2969 1683 Deum

568 1715 904 1781 Praesidem
949 1723 1015 1780 et
1065 1714 1402 1781 Rectorem
1449 1736 1693 1797 semper
1746 1717 2009 1781 habeat:
2062 1716 2127 1788 N
2130 1738 2197 1782 ec
2244 1718 2462 1782 melius
2508 1718 2741 1783 consuli
2788 1736 2968 1797 posse

570 1815 836 1879 censetis
882 1814 1268 1894 Reipublicae
1318 1814 1524 1890 saluti,
1583 1834 1719 1895 quae
1783 1834 2071 1895 suprema
2115 1815 2251 1879 Lex
2302 1836 2543 1896 semper
2596 1836 2730 1879 esse
2764 1815 2969 1887 debet,

571 1933 756 1993 quam
789 1912 1025 1977 invicta
1053 1912 1174 1975 duo
1200 1911 1326 1975 ista
1352 1911 1813 1993 propugnacula
1838 1914 2088 1988 tuendo,
2120 1934 2290 1993 purae
2341 1914 2689 1995 Religionis
2736 1912 2969 1977 cultum

567 2014 638 2074 et
665 2010 831 2089 piam
865 2009 1163 2073 Ecclesiae
1195 2010 1472 2072 fovendae
1499 2030 1729 2086 curam,
1766 2031 1951 2090 qnam
2005 2012 2179 2074 Deus
2226 2012 2341 2075 alis
2373 2014 2597 2076 vestris
2644 2009 2972 2093 tegendam

570 2106 895 2172 commisit.
999 2106 1176 2184 Quod
1205 2107 1299 2169 ita
1325 2108 1624 2171 hactenus
1675 2128 1715 2169 a
1746 2107 1947 2172 Vobis
1992 2109 2359 2189 praestitum,
2400 2117 2475 2173 ut
2515 2130 2638 2173 non
2668 2110 2847 2172 modo
2875 2108 2975 2170 in-

570 2211 878 2269 temerata
911 2207 989 2270 ab
1021 2205 1186 2269 omni
1217 2205 1444 2268 erroris
1469 2212 1536 2269 et
1576 2206 2035 2287 superstitionis
2075 2208 2213 2271 labe
2241 2208 2489 2288 Religio
2527 2208 2629 2271 hic
2676 2204 2971 2287 singulari

569 2302 692 2367 Dei
720 2303 1018 2367 beneficio
1049 2304 1498 2385 permanserit3
1551 2304 1662 2369 sed
1715 2304 1870 2369 nihil
1922 2304 2176 2385 insuper
2225 2306 2291 2368 in
2337 2313 2591 2385 recepta
2634 2304 2822 2369 semel
2872 2302 2973 2365 hic

572 2402 812 2481 puriori
843 2400 1146 2477 doctrina,
1175 2422 1356 2481 quam
1385 2402 1671 2483 religiose
1699 2421 1942 2481 semper
1967 2403 2357 2466 retinendam
2389 2403 2703 2477 sanxistis,
2754 2402 2973 2464 immu-

570 2502 773 2559 tatum
823 2498 1035 2562 fuerit.
1137 2496 1408 2577 Pel-gite,
1445 2497 1744 2571 DOMINI,
1799 2505 2160 2561 constanter
2206 2500 2273 2561 in
2315 2500 2433 2562 hoc
2475 2505 2695 2563 sancto
2749 2517 2971 2579 propo-

573 2593 717 2669 sito,
749 2600 816 2657 et
841 2591 1030 2657 facite
1058 2592 1164 2673 pia
1191 2600 1404 2656 vestra
1433 2600 1501 2656 et
1549 2593 1857 2658 indefessa
1885 2593 2221 2676 vigilantia,
2262 2603 2335 2660 ut
2380 2603 2561 2660 tanta
2596 2599 2759 2661 bona
2798 2594 2975 2660 nobis

573 2691 702 2755 sint
729 2697 1070 2772 perpetua;
1125 2696 1200 2752 ut
1252 2691 1367 2753 sub
1395 2691 1620 2755 vestris
1665 2691 1955 2771 auspiciis
2006 2692 2243 2773 pietate
2296 2696 2519 2758 florens
2569 2701 2636 2758 et
2681 2695 2831 2758 felix
2888 2695 2973 2758 sit

571 2807 814 2868 semper
847 2789 982 2852 haec
1007 2787 1392 2868 Respublica
1419 2788 1500 2850 ad
1531 2808 1703 2853 seros
1727 2809 1921 2868 usque
1949 2797 2228 2869 nepotes,
2290 2793 2469 2868 Quod
2516 2792 2761 2872 quidem
2804 2793 2972 2855 haud

572 2886 758 2950 dubie
792 2905 1043 2968 sperare
1075 2885 1340 2965 potestis
1375 2905 1414 2947 a
1454 2885 1612 2961 Dee,
1649 2886 1755 2966 qui
1804 2906 1871 2950 se
1912 2888 2102 2950 fidum
2154 2890 2470 2953 custodem
2506 2892 2639 2953 fore
2688 2891 2973 2970 promisit

571 3003 784 3048 earum
813 2983 1100 3058 Urbium,
1151 3002 1286 3063 quae
1332 2984 1510 3046 sedes
1556 2982 1886 3060 Veritatis,
1936 2991 2001 3048 et
2046 2984 2296 3049 Piorum
2342 2987 2677 3068 hospitium
2725 2991 2971 3061 forent3

573 3081 861 3158 Quandiu
895 3080 973 3143 de
1017 3099 1091 3143 eo
1131 3080 1418 3161 religiose
1473 3080 1728 3144 colendo
1774 3088 1841 3144 et
1888 3083 2232 3160 retinendo,
2278 3092 2343 3149 et
2392 3085 2589 3167 gloria
2640 3087 2773 3166 ejus
2824 3093 2972 3152 ante

571 3179 779 3242 omnia
811 3177 1227 3258 promovenda
1256 3197 1496 3258 semper
1528 3179 1704 3242 eritis
1734 3179 2020 3255 solliciti3
2072 3181 2359 3257 Quandiu
2402 3183 2717 3260 curabitis,
2757 3191 2829 3246 ut
2875 3185 2969 3247 in-

571 3283 672 3339 ter
731 3275 912 3340 Cives
970 3281 1210 3339 vestros
1267 3275 1476 3339 Pietas
1529 3281 1595 3339 et
1649 3275 1694 3339 J
1694 3276 1931 3354 ustitia,
1984 3277 2327 3362 Religionis
2376 3295 2443 3344 et
2495 3282 2724 3345 Patriae
2779 3303 2970 3358 amor,

571 3373 856 3436 Charitas
885 3380 952 3436 et
992 3381 1210 3436 sancta
1242 3373 1583 3436 animorum
1612 3374 1957 3439 Concordia
1982 3376 2253 3458 vigeant,
2288 3385 2354 3442 et
2382 3380 2555 3456 vitia,
2591 3379 2729 3460 plus
2784 3381 2968 3445 nimis

571 3470 1040 3550 corruptissimo
1067 3471 1184 3534 hoc
1231 3469 1436 3535 seculo
1467 3471 1533 3534 in
1565 3470 1850 3536 Ecclesia
1877 3473 2069 3537 etiam
2101 3476 2487 3556 pullulantia,
2516 3497 2726 3542 severe
2764 3480 2967 3558 repri-

569 3575 860 3643 mantur3
915 3567 1200 3644 Quandiu
1253 3568 1460 3631 studio
1507 3574 1717 3634 vestro
1764 3569 1935 3635 Urbs
1980 3572 2106 3636 ista
2158 3584 2269 3638 su'o
2314 3576 2545 3638 nomini
2588 3577 2967 3656 respondens

569 3664 937 3730 Reformata
965 3685 1110 3731 vere
1137 3666 1368 3742 audiet,
1403 3672 1534 3730 tam
1564 3668 1767 3747 quoad
1794 3690 2031 3732 morum
2072 3671 2479 3751 honestatem,
2511 3693 2694 3754 quam
2736 3674 2966 3739 doctri-

569 3783 666 3826 nae
701 3765 1076 3844 puritatem3
1129 3770 1196 3828 et
1245 3771 1319 3827 ut
1359 3767 1549 3828 verbo
1595 3764 1813 3842 dicam,
1862 3767 2103 3832 Oivitas
2132 3769 2256 3834 Dei
2286 3777 2353 3833 et
2391 3791 2538 3836 vera
2592 3787 2833 3848 mutan,
2894 3773 2967 3835 in

567 3879 702 3944 qua
723 3862 810 3923 sit
836 3861 960 3924 Dei
989 3863 1490 3943 Beneplacitum.

667 3956 830 4035 Quia
855 3977 1002 4021 vero
1033 3977 1156 4020 non
1210 3958 1510 4022 Rectores
1550 3959 1935 4040 Reipublicae
1988 3969 2057 4028 et
2090 3947 2297 4030 ‘Viros
2352 3965 2671 4048 Principes
2715 3973 2959 4031 tantum

566 4055 700 4120 haec
733 4075 885 4119 cura
915 4060 1202 4134 spectat3
1258 4055 1368 4118 sed
1395 4055 1648 4136 propius
1678 4061 1882 4140 tangit
1916 4081 2019 4125 eos
2049 4062 2154 4141 qui
2183 4061 2392 4127 Sacris
2422 4071 2775 4145 operantur,
2808 4084 2959 4144 quos

568 4151 652 4216 ad
683 4172 838 4233 opus
871 4172 1050 4216 snum
1092 4152 1348 4217 adhibet
1379 4173 1653 4218 summus
1680 4173 1887 4220 rerum
1916 4157 2227 4244 Arbiter3
2260 4160 2326 4225 N
2328 4182 2407 4224 on
2435 4182 2758 4242 possumus
2804 4161 2959 4226 satis

568 4249 780 4313 mirari
819 4251 1138 4330 providam
1171 4251 1304 4330 ejus
1354 4271 1502 4333 erga
1552 4271 1667 4316 nos
1700 4273 1930 4331 curam,
1974 4257 2080 4336 qui
2120 4263 2193 4322 ut
2230 4257 2537 4322 Veritatis
2584 4259 2789 4322 sedem
2838 4260 2958 4323 sibi

566 4346 670 4411 hic
703 4347 928 4428 eligere
953 4347 1189 4421 voluit3
1235 4347 1342 4410 Ita
1367 4368 1680 4428 nunqnam
1711 4350 1908 4415 defuit
1936 4354 2129 4434 Operi
2156 4375 2284 4432 suo,
2308 4356 2519 4420 fideles
2549 4361 2963 4438 strenuosque

567 4445 902 4524 operarios
943 4445 1010 4508 in
1051 4465 1324 4524 messem,
1358 4465 1530 4510 suam
1588 4447 1915 4527 mittend0,
1972 4452 2077 4533 qni
2130 4453 2377 4519 dotibus
2426 4453 2665 4517 eximiis
2704 4455 2955 4534 praediti

565 4541 836 4606 divinum
870 4544 1272 4624 repurgandae
1306 4543 1650 4627 Religionis
1680 4566 1834 4626 opus
1872 4548 2183 4631 intrepide
2217 4551 2596 4628 inchoarent,
2640 4559 2706 4616 et
2744 4553 2955 4616 incho-

565 4646 734 4704 atum
762 4648 1190 4721 promoverent
1218 4647 1284 4705 et
1315 4644 1701 4721 perficerent.
1806 4645 2135 4712 Neminem
2185 4650 2341 4713 latet
2371 4655 2665 4730 quantum
2704 4650 2957 4716 Geneva
