3300 5225
617 314 737 372 364
1559 326 1742 368 Locus
1770 326 2061 376 eclimus.
2584 304 2851 386 [Qums‘r.
2882 322 3062 364 xvn.

613 472 776 530 Deus
803 469 956 529 velle
989 474 1186 533 cufim
1229 468 1306 527 id.
1335 468 1570 543 servari,
1617 468 1721 527 sed
1760 486 1879 525 non
1912 466 2076 543 σ-όζω
2104 467 2182 526 id.
2216 487 2463 541 sev-mre,
2492 466 2629 544 quia
2654 485 2690 524 a
2717 465 3049 523 voluntate

609 549 868 611 revelata
893 549 1336 627 approbationis,
1367 547 1443 606 ad
1470 548 1829 608 voluntatem
1857 567 2123 606 arcanam
2164 546 2511 623 beneplaciti
2550 566 2668 603 non
2695 545 2860 603 valet
2890 564 3047 603 con·

612 630 912 707 sequentia
933 652 946 687 ε
987 628 1122 687 Sive
1145 628 1538 704 intelligamus
1554 627 1915 687 voluntatem
1934 626 2280 705 beneplaciti
2296 636 2355 685 et
2372 626 2589 685 decreti
2610 645 2743 684 cum
2766 626 3043 699 Calvisw,

602 720 672 769 'et
699 710 828 767 aliis
851 731 866 784 ;
910 707 1068 785 quod
1094 706 1530 767 convenientius
1557 707 1805 783 videtur,
1836 708 1974 785 quia
2000 706 2282 783 particula
2307 726 2509 781 omnes,
2540 724 2658 763 non
2678 705 3047 763 dismbutive

611 808 717 867 pro
743 790 974 865 sinqulis
995 808 1265 863 ymerum
1304 786 1399 845 hic
1443 787 1704 861 sumitur,
1736 786 1841 846 sed
1882 789 2155 845 collective
2195 806 2299 863 pro
2336 786 2627 861 qenersbus
2652 786 3039 861 singulm-um,

609 868 708 944 id„
739 876 806 927 ut
817 870 973 927 Beza
999 867 1190 942 vertit,
1215 886 1319 943 pro
1348 868 1622 943 quibusvis
1647 887 1726 925 ex
1752 866 1909 925 omni
1938 876 2128 943 gente,
2161 866 2505 941 conditione,
2536 872 2725 941 aetate,
2756 884 2827 923 ac
2858 883 3039 937 sexu,

609 956 676 1007 ιιι
704 968 907 1007 sensus
935 947 1027 1021 sit,
1060 947 1250 1005 Deum
1278 947 1430 1005 velle
1457 966 1575 1005 non
1605 965 1805 1005 omnes
1832 946 2135 1025 sigillatim
2167 946 2447 1021 homines,
2480 944 2582 1003 sed
2610 964 2687 1003 ex
2714 944 3041 1020 quibusvis

611 1028 908 1087 hominum
953 1027 1294 1103 generibus,
1333 1026 1456 1084 sive
1505 1026 1823 1101 ordinibus,
1855 1027 2081 1103 aliquos
2129 1026 2323 1085 salvos
2370 1025 2513 1101 fieri,
2560 1032 2621 1082 et
2666 1033 2732 1082 ut
2780 1024 3039 1100 exponit

610 1110 845 1183 Anqust.
873 1107 1076 1165 Enchi.
1107 1108 1190 1165 ad
1213 1108 1396 1163 Laur.
1426 1126 1476 1164 c.
1510 1109 1644 1181 103,
1681 1108 1717 1139 “
1740 1106 1923 1166 Omne
1950 1125 2135 1183 genus
2162 1107 2477 1164 humanum
2517 1124 2621 1182 per
2646 1122 3038 1181 quascunque

612 1186 964 1245 differentias
993 1186 1380 1261 distributum,
1412 1205 1597 1263 reges,
1641 1186 1933 1265 primates,
1963 1186 2205 1261 nobiles,
2252 1185 2556 1263 ignobileS,
2588 1184 2886 1258 sublimes,
2917 1183 3033 1241 hu-

611 1267 795 1341 mile-⁶3,
841 1266 1058 1341 doctos,
1099 1265 1384 1342 indoctos,
1417 1264 1524 1325 &Q
1567 1266 1629 1324 in
1670 1265 1888 1343 linguis
1915 1266 2199 1341 omnibus,
2244 1266 2305 1322 in
2345 1264 2604 1323 moribus
2631 1264 2922 1338 omnibus,
2966 1264 3037 1320 in

609 1346 878 1405 aetatibus
905 1346 1189 1419 omnibus,
1232 1345 1293 1402 in
1333 1344 1789 1423 professionibus
1830 1346 2113 1422 omnibus,
2156 1346 2219 1403 in
2245 1344 2610 1404 voluntatum
2638 1352 2699 1402 et
2724 1342 3031 1401 conscien-

609 1428 819 1485 tiarum
847 1426 1125 1484 varietate
1165 1425 1573 1483 innumerabili
1612 1425 1958 1501 constitutis,
1991 1434 2051 1484 et
2090 1425 2141 1484 si
2182 1424 2326 1503 quid
2364 1424 2526 1483 aliud
2564 1421 3029 1481 differentiarum

610 1515 701 1566 est
739 1506 802 1564 in
833 1505 1225 1579 hominibus,’'
1258 1502 1366 1563 Sto.
1452 1504 1532 1563 Et
1570 1506 1697 1563 haec
1724 1504 2011 1582 expositio
2052 1505 2238 1581 primo
2266 1504 2637 1563 confirmatur
2662 1522 2739 1561 ex
2764 1522 2837 1561 eo
2864 1502 3031 1579 quod

611 1584 1076 1663 frequentissime
1113 1584 1178 1641 in
1221 1584 1520 1661 Scriptura
1560 1593 2036 1661 syncategorema
2076 1583 2233 1644 istud
2274 1604 2343 1643 eo
2386 1602 2559 1643 sensu
2600 1590 2931 1660 usurpatur,
2962 1589 3033 1641 ut

608 1684 791 1743 quum
821 1666 858 1697 “
879 1682 1049 1723 omne
1091 1662 1352 1721 animal''
1383 1663 1594 1724 dicitur
1625 1666 1661 1698 “
1682 1663 1861 1723 fuisse
1900 1664 1964 1721 in
1992 1664 2168 1739 Arca,
2214 1664 2539 1723 Pharisaeos
2566 1682 2735 1721 omne
2760 1661 2895 1721 olus
2926 1662 3029 1721 de·

611 1746 874 1818 cimasse,
906 1744 1198 1802 Christum
1241 1762 1475 1813 sanasse
1516 1762 1744 1802 omnem
1786 1743 2049 1803 morbum
2090 1745 2153 1802 in
2194 1744 2424 1822 popu10,
2458 1762 2685 1801 omnem
2715 1741 2759 1801 J
2760 1741 3029 1819 erosoly-

613 1844 768 1883 mam
795 1831 855 1882 et
882 1823 926 1883 J
927 1823 1152 1881 udaeam
1179 1822 1432 1882 exivisse
1461 1822 1536 1880 ad
1577 1822 1621 1883 J
1623 1824 1927 1899 ohannem,
1972 1844 2202 1883 omnem
2235 1843 2465 1883 carnem
2492 1823 2745 1881 visuram
2774 1822 3031 1881 salutem

615 1904 744 1979 Dei,
777 1902 969 1961 omnia
1001 1901 1395 1979 quadrupedia
1435 1901 1613 1961 fuisse
1654 1903 1717 1961 in
1756 1904 1937 1963 linteo
1967 1904 2143 1979 Petri,
2178 1904 2367 1963 Deum
2395 1902 2713 1961 effusurum
2742 1901 3031 1979 Spiritum

612 2003 782 2043 suum
821 1982 884 2041 in
911 2002 1140 2041 omnem
1168 1983 1456 2056 carnem,''
1487 1992 1546 2041 et
1574 1983 1721 2060 sim.,
1753 2003 1882 2059 quae
1924 2002 2041 2043 non
2083 1984 2160 2043 ad
2200 1984 2431 2061 singula
2470 2001 2763 2060 generum,
2796 1981 2903 2040 sed
2948 1982 3027 2044 ad

612 2082 826 2141 genera
854 2062 1212 2140 singulorum
1245 2062 1530 2139 pertinere
1557 2082 1727 2121 nemo
1754 2083 1871 2122 non
1898 2064 2077 2123 videt.
2120 2068 2177 2123 2.
2222 2063 2281 2121 A
2320 2063 2463 2140 pari,
2488 2063 2625 2140 quia
2668 2061 2921 2139 Spiritus
2962 2061 3027 2120 S.

607 2144 765 2203 hunc
793 2162 1028 2202 sensum
1055 2141 1195 2200 alibi
1235 2141 1404 2201 nobis
1432 2142 1777 2220 suppeditat,
1812 2143 1998 2220 Apoc.
2028 2164 2085 2203 v.
2118 2146 2173 2219 9,
2205 2143 2306 2203 ubi
2345 2142 2547 2202 fideles
2588 2142 2805 2219 gratias
2838 2150 3029 2218 agunt

612 2224 863 2298 Christo,
891 2222 1045 2300 quod
1089 2221 1396 2281 redemerit
1427 2222 1575 2298 ipsos
1603 2242 1678 2280 ex
1703 2223 1858 2281 omni
1896 2224 2058 2299 m'bu,
2091 2225 2300 2301 linqua,
2332 2232 2387 2282 et
2413 2225 2648 2299 populo,
2680 2243 2751 2281 ac
2774 2223 3021 2297 natione,

609 2303 688 2363 id.
718 2323 836 2362 non
864 2322 1064 2361 omnes
1091 2311 1151 2361 et
1191 2302 1470 2379 singulos,
1517 2301 1620 2363 sed
1660 2302 2161 2363 indiscriminatim
2190 2324 2265 2362 ex
2293 2303 2565 2362 omnibus
2593 2301 3027 2360 conditionibus

605 2392 670 2443 et
709 2384 956 2461 populis.
1001 2386 1057 2441 3.
1107 2382 1328 2459 Scopus
1373 2382 1540 2440 Pauli
1579 2383 1691 2441 hoc
1731 2382 2003 2460 postulat,
2050 2383 2152 2460 qui
2192 2392 2281 2443 est
2308 2382 2610 2442 ostendere
2638 2380 3024 2459 Magistratus

607 2464 782 2523 etiam
812 2462 1094 2521 Ethnicos
1123 2463 1230 2521 sub
1260 2462 1488 2538 objecto
1527 2481 1763 2539 precum
1792 2462 2090 2540 contineri,
2122 2471 2183 2522 et
2212 2464 2403 2524 Deum
2441 2482 2547 2541 pro
2591 2461 2708 2519 illis
2738 2460 3023 2519 orandum

609 2563 756 2618 esse,
787 2542 1054 2620 quamvis
1081 2550 1220 2601 tunc
1242 2550 1436 2600 essent
1461 2542 1661 2601 hostes
1691 2541 1987 2620 Ecclesiae,
2017 2543 2175 2622 quod
2204 2544 2401 2604 multis
2429 2542 2761 2621 scrupulum
2789 2560 3026 2600 movere

610 2632 854 2702 poterat,
885 2642 1058 2700 quem
1098 2631 1358 2681 removet
1400 2622 1636 2698 Paulus,
1682 2643 1860 2699 quum
1901 2624 1983 2683 ait
2013 2625 2202 2684 Deum
2229 2625 2383 2684 velle
2409 2642 2610 2682 omnes
2638 2622 2832 2681 salvos
2872 2620 3020 2697 fieri,

610 2703 690 2762 id.
721 2723 796 2761 ex
824 2702 980 2760 omni
1009 2702 1210 2761 ordine
1235 2701 1551 2777 hominum,
1581 2710 1756 2780 atque
1774 2703 1919 2762 adeo
1945 2723 2116 2781 posse
2144 2703 2319 2764 etiam
2346 2725 2422 2764 ex
2450 2703 2714 2780 Regibus
2741 2711 2802 2762 et
2828 2701 3023 2779 Impe-

609 2783 898 2842 ratoribus
926 2782 1152 2859 aliquos
1179 2801 1504 2858 assumere;
1549 2801 1681 2841 cum
1703 2801 1842 2841 vero
1864 2803 1971 2842 nos
1998 2783 2194 2861 lateat,
2224 2785 2467 2862 quinam·
2488 2783 2576 2841 illi
2604 2783 2735 2857 sint,
2760 2789 3025 2840 nostrum

607 2883 737 2924 esse
764 2883 874 2941 pre
897 2862 1164 2921 omnibus
1193 2880 1373 2921 orare.
1417 2865 1474 2920 4.
1490 2861 1950 2923 Circumstantiae
1977 2863 2092 2922 loci
2118 2865 2229 2924 hoc
2257 2865 2623 2938 confirmant;
2656 2862 2865 2939 Apost.
2892 2862 3027 2921 vult

609 2951 677 3005 ut
705 2963 935 3003 oremus
975 2942 1038 3000 in
1065 2942 1218 3000 omni
1243 2944 1378 3016 loen,
1409 2961 1466 3000 v.
1498 2943 1553 3016 8,
1598 2961 1717 3000 non
1757 2941 1818 2999 in
1845 2943 2115 3003 omnibus
2156 2953 2216 3004 et
2255 2943 2519 3022 singulis,
2564 2943 2626 3001 in
2652 2942 2865 3019 quibus
2890 2962 3023 3002 esse

608 3043 728 3082 non
771 3041 1094 3101 possumus,
1145 3021 1250 3080 sed
1289 3020 1787 3080 indiscriminatim
1828 3021 1892 3080 in
1939 3023 2165 3101 quovis,
2215 3024 2290 3083 ad
2334 3024 2644 3083 discrimen
2671 3022 2747 3081 V.
2788 3022 2875 3097 T„
2916 3022 3025 3080 ubi

610 3103 802 3161 cultus
829 3101 1294 3179 adstringebatur
1320 3101 1396 3159 ad
1424 3101 1727 3177 Templum
1757 3101 1801 3161 J
1803 3103 2313 3181 erosolymitanum
2336 3127 2349 3180 ;
2393 3104 2523 3163 vult
2550 3111 2615 3162 ut
2632 3122 2748 3179 pro
2776 3101 3026 3161 omnibus

609 3201 926 3261 precemur,
957 3201 1076 3240 non
1103 3180 1260 3258 quod
1301 3181 1613 3241 debeamus
1654 3201 1759 3258 pro
1800 3182 2047 3262 singulis
2081 3204 2260 3260 orare,
2306 3205 2438 3244 cum
2478 3203 2596 3242 non
2638 3183 2715 3241 sit
2740 3181 3021 3240 orandum

609 3283 716 3341 pro
743 3263 814 3322 iis
843 3263 944 3339 qui
983 3269 1226 3341 peccant
1252 3261 1328 3320 ad
1367 3269 1628 3336 mortem,
1666 3264 1695 3319 1
1727 3262 1772 3322 J
1774 3263 1984 3322 ohannL
2014 3284 2073 3322 v,
2108 3267 2199 3339 16,
2232 3263 2336 3323 sed
2375 3262 2875 3323 indiscriminatim
2914 3282 3022 3340 pro

613 3342 933 3419 quibusvis,
964 3351 1029 3401 ut
1056 3341 1279 3401 nullum
1319 3341 1617 3400 hominum
1645 3342 1907 3402 ordinem
1934 3352 1994 3403 et
2020 3352 2234 3402 statum
2260 3343 2641 3404 excludamus
2681 3362 2716 3400 a
2754 3342 3024 3419 precibus

611 3423 843 3498 nostris,
875 3442 1007 3481 cum
1034 3441 1110 3481 ex
1137 3421 1398 3499 quolibet
1423 3429 1580 3481 statu
1619 3423 1805 3500 possit
1846 3443 1983 3484 suos
2024 3424 2240 3483 electos
2279 3424 2571 3502 colligere.
2616 3425 2673 3482 5.
2719 3421 2809 3481 Eo
2848 3422 3023 3481 modo

611 3503 742 3562 vult
769 3522 968 3562 omnes
997 3501 1227 3579 salvari,
1258 3500 1546 3580 quomodo
1573 3505 1695 3560 vult
1719 3505 1803 3562 ad
1832 3505 2194 3580 coquitionem
2220 3503 2469 3563 veritatis
2495 3503 2700 3578 venire,
2731 3501 2891 3580 quod
2915 3521 3023 3561 nec

614 3583 831 3643 factum
859 3602 986 3643 esse
1013 3590 1282 3660 respectu
1306 3582 1755 3658 innumerorum,
1786 3603 1893 3641 nec
1918 3583 2047 3642 fieri
2071 3583 2361 3660 hodieque
2387 3593 2564 3661 patet.
2636 3583 2764 3642 Imo
2788 3583 2837 3640 si
2860 3581 3023 3641 Deus

611 3664 723 3723 hoc
749 3663 895 3740 vult,
941 3663 1043 3741 qui
1082 3663 1149 3722 fit
1189 3661 1348 3739 quod
1385 3681 1504 3720 non
1550 3661 1670 3738 fiat,
1718 3683 1849 3721 cum
1893 3663 2163 3722 voluntas
2208 3664 2437 3742 proprie
2482 3663 2638 3723 dicta
2678 3663 2755 3722 sit
2800 3681 3027 3739 semper

611 3743 834 3821 efficaX,
865 3751 934 3803 ut
959 3751 1227 3820 operetur
1253 3741 1413 3820 quod
1439 3741 1586 3818 vult,
1617 3762 1725 3801 nec
1753 3742 2070 3821 quidquam
2096 3743 2185 3801 illi
2210 3744 2477 3804 resistere
2506 3744 2689 3821 possit
2704 3745 2735 3801 P
2776 3743 3018 3816 Rursus,

612 3823 712 3883 vel
753 3823 1016 3882 absolute
1059 3822 1222 3881 Deus
1248 3822 1380 3880 vult
1419 3841 1522 3881 eos
1562 3841 1763 3881 omnes
1804 3822 1880 3880 ad
1920 3823 2275 3900 agnitionem
2300 3824 2564 3884 veritatis
2590 3822 2807 3898 venire,
2840 3831 2900 3880 et
2938 3822 3023 3881 sic

613 3922 814 3961 omnes
841 3903 916 3960 ad
944 3921 1071 3960 eam
1091 3901 1374 3975 venirent,
1405 3900 1564 3978 quod
1588 3900 1816 3978 falsum,
1847 3902 1945 3960 vel
1972 3904 2081 3962 sub
2110 3903 2474 3964 conditione:
2519 3903 2605 3962 At
2631 3922 2897 3981 quaenam
2922 3902 3027 3960 illa

612 3989 806 4059 potest
833 4000 958 4039 esse
974 3985 1004 4038 P
1045 3980 1146 4038 An
1173 3981 1225 4039 si
1251 4000 1378 4038 eam
1407 3980 1646 4039 audiant
1661 3983 1690 4038 Ρ
1731 3981 1819 4040 Αι
1844 3981 2161 4043 innumeris
2187 4003 2315 4042 eam
2351 3984 2653 4062 praedicari
2678 4001 2797 4041 non
2826 3990 3021 4059 curat;

615 4060 716 4118 An
745 4060 796 4116 si
835 4058 1116 4119 credant?
1157 4059 1244 4117 At
1271 4058 1504 4118 credere
1531 4067 1622 4118 est
1660 4061 1785 4136 jam
1830 4063 2164 4138 pervenisse
2204 4062 2282 4122 ad
2322 4064 2710 4141 cognitionem
2739 4060 3020 4122 veritatis.

616 4142 672 4199 6.
717 4139 838 4196 Eos
875 4157 1074 4198 omnes
1103 4139 1266 4197 Deus
1293 4138 1425 4197 vult
1463 4139 1684 4197 servari
1722 4160 1827 4217 pro
1868 4141 2079 4219 quibus
2122 4163 2183 4202 se
2227 4143 2490 4204 Christus
2532 4143 2693 4203 dedit
2720 4143 3017 4223 dasburgo»,

613 4227 680 4278 ut
714 4219 826 4276 hoc
875 4218 1070 4277 statim
1117 4217 1349 4276 additur
1389 4217 1463 4275 ab
1494 4218 1798 4297 Apost010,
1828 4241 1887 4280 v.
1930 4224 1987 4298 6,
2038 4223 2259 4283 scilicet
2300 4232 2367 4284 ut
2409 4223 2701 4282 Mediator
2741 4223 3014 4300 ipsorum,

613 4298 866 4376 seipsum
915 4316 1112 4356 eorum
1159 4296 1289 4356 loco
1335 4297 1755 4376 substituendO,
1802 4309 1862 4360 et
1906 4321 2109 4380 poenas
2154 4303 2299 4381 ipsis
2346 4303 2571 4363 debitas
2618 4304 2849 4362 illorum
2891 4302 3021 4360 vice

612 4377 846 4437 luendo,
930 4375 1016 4435 At
1053 4377 1168 4437 hoc
1207 4375 1282 4436 de
1323 4377 1591 4438 omnibus
1631 4387 1692 4438 et
1732 4380 1979 4458 singulis
2020 4381 2137 4440 dici
2182 4403 2300 4440 non
2346 4391 2560 4460 posset,
2601 4383 2744 4460 quin
2780 4401 2851 4440 eo
2892 4381 3019 4459 ipso

613 4477 814 4518 omnes
842 4464 900 4517 et
927 4457 1143 4534 singuli
1171 4465 1305 4516 actu
1333 4459 1601 4518 servandi
1629 4469 1839 4538 essent,
1868 4461 2027 4539 quod
2052 4481 2222 4521 nemo
2250 4461 2479 4522 dixerit.

693 4537 979 4596 XXXV.
1024 4537 1304 4612 Quamvis
1331 4537 1592 4599 dicamus
1617 4559 1821 4600 vocem
1850 4561 2036 4601 omnes
2062 4541 2139 4601 ad
2159 4563 2374 4620 ymera
2399 4545 2746 4619 sinyulorum
2772 4539 3021 4600 referen-

564 4653 574 4660 ·
611 4618 746 4676 dam
775 4637 918 4696 esse,
947 4637 1065 4678 non
1093 4617 1169 4677 ad
1193 4618 1416 4695 singula
1439 4639 1723 4696 ymerum,
1766 4640 1885 4681 non
1914 4622 2174 4699 sequitur
2198 4642 2399 4700 preces
2427 4622 2653 4700 concipi
2680 4621 2891 4681 debere
2918 4641 3023 4698 pro
