3300 5225
19 4617 21 4624 “
24 4590 33 4601 ο
19 4535 31 4552 Ί
16 4299 41 4521 ι-Πη

562 383 639 441 60
1484 394 1668 439 Locus
1696 394 2015 440 ssctmnus.
2595 372 2843 455 [ασκεω.
2873 394 2957 437 ιν.

562 540 833 600 dicuntur
851 558 921 599 ea
947 557 1078 614 qnae
1104 536 1186 596 ita
1213 534 1274 595 in
1302 554 1365 596 se
1385 554 1525 595 vera
1545 542 1698 613 sunt,
1727 542 1794 596 ut
1813 555 1917 615 pro
1936 554 2140 594 norma
2158 532 2294 595 fidei
2315 541 2374 593 et
2393 552 2618 593 morum
2638 533 2959 596 tradantur.

563 620 619 678 N
621 639 698 678 on
724 619 916 678 omnia
940 636 1071 694 quae
1100 624 1236 676 sunt
1260 616 1322 674 in
1368 614 1666 692 Scriptura
1707 616 1924 674 habent
1965 614 2320 674 authentiam
2361 629 2594 689 normae,
2623 619 2692 673 ut
2733 632 2804 673 ea
2829 634 2961 691 quae

560 699 637 757 ab
663 698 855 776 impiis
881 697 980 757 vel
1010 696 1257 755 Diabolo
1284 693 1441 754 dicta
1466 692 1822 771 referuntur3
1866 693 1972 754 sed
1997 693 2190 754 omnia
2231 700 2425 753 tamen
2469 692 2685 753 habent
2716 692 2957 754 authen·

560 778 700 838 tiam
726 777 999 838 historiae.

1162 853 1239 914 V.
1282 853 1417 913 Non
1456 853 1766 931 quaeritur3
1827 850 1927 910 An
1978 851 2299 930 Scriptores
2349 849 2512 911 Sacri
2557 868 2674 928 qua
2714 852 2961 912 homines

620 922 981 1027 swam·
1080 932 1418 1010 simpliciter
1448 942 1509 993 et
1550 932 1612 991 in
1636 952 1801 993 sensu
1826 932 2019 1008 diviso,
2049 950 2240 991 errare
2281 928 2607 1008 potuerint3
2647 930 2760 989 hoc
2804 931 2958 991 enim

828 1011 841 1023 '
1079 1012 1248 1072 facile
1300 1011 1704 1071 concedimus:
1759 1029 1880 1087 seu,
1932 1011 2035 1069 An
2087 1030 2204 1089 qua
2255 1010 2501 1069 Ιιωηίηεε
2549 1010 2706 1069 σαι-η’
2754 1010 2870 1071 acti
2922 1031 2962 1071 a

563 1092 783 1171 Spiritu
813 1092 874 1154 S.
902 1102 963 1153 et
1002 1092 1063 1151 in
1088 1111 1251 1152 semu
1276 1090 1589 1168 composito,
1618 1090 1810 1169 reipsa
1834 1090 2109 1167 errarint3
2152 1091 2264 1149 hoc
2288 1088 2442 1149 enim
2468 1106 2638 1148 nemo
2663 1096 2732 1149 ut
2757 1089 2961 1168 opinor

560 1192 639 1231 ex
677 1171 1067 1249 Adversarii&
1114 1170 1227 1231 nisi
1267 1170 1441 1249 plane
1483 1169 1713 1230 Atheus
1755 1168 1948 1229 dicere
1992 1169 2332 1229 sustinebit:
2386 1167 2520 1245 Sed,
2567 1166 2669 1226 An
2711 1168 2774 1226 in
2817 1168 2956 1228 scri-

559 1251 752 1312 bendo
778 1253 860 1313 ita
885 1251 1001 1311 acti
1026 1259 1087 1311 et
1111 1249 1374 1328 inspirati
1418 1248 1631 1309 fuerint
1661 1269 1698 1309 a
1729 1249 1948 1326 Spiritu
1978 1248 2207 1326 Sancto,
2237 1255 2298 1307 et
2321 1246 2515 1326 quoad
2557 1264 2652 1306 res
2693 1246 2868 1325 ipsas,
2897 1256 2960 1309 et

556 1331 751 1408 quoad
776 1332 972 1407 verba,
1004 1338 1071 1391 ut
1096 1330 1170 1389 ab
1198 1329 1355 1389 omni
1380 1348 1573 1389 errore
1614 1329 1900 1389 immunes
1925 1328 2152 1403 fuerint,
2183 1334 2245 1387 et
2285 1327 2498 1405 scripta
2537 1327 2793 1403 ipsorum
2819 1345 2958 1389 vere

559 1410 677 1472 sint
702 1411 1034 1471 authentica
1058 1417 1119 1469 et
1144 1408 1345 1468 divina
1358 1412 1389 1468 Ρ
1468 1408 1812 1467 Adversarii
1839 1414 2088 1485 negant3
2132 1407 2187 1466 N
2189 1424 2256 1467 os
2281 1406 2646 1466 affirmamus.

650 1555 663 1567 ι
1157 1488 1270 1547 VI.
1318 1486 1613 1565 Scriptura
1667 1487 1914 1565 seipsam
1969 1486 2245 1545 Divinam
2309 1485 2534 1563 probat,
2603 1504 2721 1544 non
2782 1485 2955 1546 modo

558 1554 1036 1661 Smptussbffgpnm
1076 1568 1469 1627 audior-itatius
1508 1573 1571 1627 et
1610 1584 1716 1644 per
1756 1565 1992 1625 modum
2045 1565 2370 1644 argumenti
2421 1564 2800 1625 inartificialis
2853 1586 2956 1627 seu
3023 1568 3028 1572 ’

718 1628 751 1671 P
1078 1644 1436 1722 Testimonii,
1466 1644 1699 1723 quando
1741 1664 1802 1705 se
1841 1645 2164 1705 &duva-w
2189 1654 2393 1721 vocat3
2435 1644 2594 1722 quod
2631 1644 2770 1705 licet
2807 1644 2958 1705 bene

556 1731 867 1803 usurpetur
890 1724 1169 1785 adversus
1190 1725 1564 1801 Christianos,
1585 1724 1687 1802 qui
1713 1744 1842 1783 eam
1868 1744 1932 1785 se
1957 1726 2212 1803 recipere
2235 1722 2590 1802 profitentur,
2620 1740 2739 1783 non
2763 1732 2956 1802 potest

557 1812 751 1863 tamen
792 1804 989 1881 urgeri
1033 1804 1314 1865 adversus
1356 1804 1503 1864 alios
1534 1804 1637 1882 qui
1679 1824 1804 1863 eam
1848 1804 2151 1882 rejiciunt:
2198 1802 2316 1863 Sed
2355 1803 2741 1863 ratiocinativa
2782 1822 2952 1881 argu·

556 1890 753 1943 mento
778 1884 1081 1959 artificiali,
1111 1903 1188 1943 ex
1213 1884 1381 1944 Notis
1408 1903 1552 1961 quas
1596 1884 1907 1962 Scripturas
1936 1884 2098 1943 Deus
2136 1883 2442 1961 impressit,
2472 1902 2603 1960 quse
2629 1882 2957 1943 indubitata

557 1982 677 2041 prae
706 1982 769 2021 se
795 1962 986 2023 ferunt
1014 1963 1355 2024 Divinitatis
1382 1972 1738 2041 argumenta.
1823 1964 1974 2022 Nam
1999 1971 2067 2023 ut
2106 1984 2142 2022 o
2183 1982 2282 2023 era
2310 1962 2422 2021 Dei
2449 1962 2953 2041 incomparabilem

559 2041 797 2120 Opificis
824 2042 915 2102 sui
940 2044 1331 2121 praestantiam
1356 2043 1540 2102 veluti
1582 2042 1768 2103 oculis
1809 2042 2138 2120 conspicien
2316 2042 2489 2102 certis
2531 2042 2954 2101 characteribus

558 2121 853 2196 exhibent,
882 2131 942 2181 et
967 2131 1034 2183 ut
1064 2123 1167 2182 Sol
1208 2122 1441 2200 propria
1481 2123 1611 2181 luce
1655 2122 1964 2183 innotescit
1982 2144 2001 2182 ε’
2043 2122 2138 2181 Ita
2161 2122 2349 2181 voluit
2391 2121 2452 2179 in
2484 2121 2794 2200 Scriptura,
2823 2140 2957 2199 quse

556 2208 649 2260 est
673 2205 881 2282 ἆπορῥοιι
903 2202 1093 2263 Patris
1120 2201 1401 2262 luminum
1429 2209 1489 2262 et
1508 2202 1662 2262 Solis
1681 2202 1944 2281 justitie,
1962 2201 2184 2280 fulgere
2201 2202 2394 2261 varios
2415 2200 2736 2261 divinitatis
2761 2200 2954 2260 radios

556 2279 769 2359 quibus
797 2301 859 2341 se
888 2282 1347 2361 cognoscendam
1375 2282 1645 2358 praebeat.

1157 2361 1305 2421 VII.
1347 2364 1517 2421 Notoe
1542 2370 1736 2422 autem
1774 2361 1918 2437 istm,
1948 2361 2046 2421 vel
2089 2369 2225 2421 sunt
2266 2360 2590 2420 extrinsece»
2615 2360 2712 2417 vel
2753 2360 2952 2419 intrin-

615 2426 1035 2532 panfn‘itx’lqm
1074 2460 1229 2500 seeoe.
1313 2440 1442 2499 111ae
1494 2441 1606 2500 etsi
1659 2458 1777 2499 non
1829 2448 2072 2517 possunt
2125 2438 2383 2498 sufficere
2435 2438 2512 2496 ad
2575 2437 2806 2515 plenam
2869 2438 2956 2497 rei

1078 2518 1638 2593 demonstrationem,
1687 2518 1885 2593 magni
1937 2526 2130 2576 tamen
2183 2524 2320 2576 sunt
2369 2515 2642 2593 ponderis
2695 2515 2770 2574 ad
2823 2516 2953 2592 ejus

558 2594 1064 2674 confirmationem,
1112 2605 1171 2657 et
1212 2596 1727 2657 contradicentium
1771 2595 2211 2656 convictionem.
2297 2594 2415 2656 Sed
2467 2594 2528 2654 in
2581 2594 2711 2656 istis
2751 2595 2952 2674 praeci-

557 2694 735 2752 puum
762 2675 938 2735 robur
964 2677 1287 2753 argumenti
1314 2676 1489 2736 situm
1516 2683 1623 2735 est.

1159 2754 1343 2813 VIII.
1386 2755 1664 2815 Externue
1688 2763 1840 2831 sunt,
1875 2757 1929 2814 1.
1957 2773 2034 2814 ex
2059 2761 2221 2832 parte
2249 2754 2514 2832 oriqinis;
2557 2753 2752 2814 Prima
2778 2753 2952 2814 Anti-

731 2811 981 2860 Externa.
1078 2833 1272 2912 quites
1316 2853 1491 2912 supra
1530 2834 1726 2894 omnia
1770 2834 2009 2912 Pagana
2049 2843 2452 2910 monumenta3
2495 2836 2760 2893 Primum
2800 2834 2956 2893 enim

854 2913 1213 2989 verissimum,
1258 2921 1326 2974 ut
1378 2913 1567 2991 inquit
1612 2916 1846 2974 Ter-tull.
1939 2919 1997 2974 2.
2043 2914 2140 2972 Ex
2191 2922 2354 2992 parte
2395 2914 2709 2974 durationis
2718 2938 2743 2988 ;
2801 2914 2956 2973 Mira

560 2991 743 3050 Verbi
773 2990 975 3050 Divini
1002 3013 1105 3070 per
1129 2993 1431 3071 providam
1458 2993 1586 3076 ejus
1612 3013 1826 3071 curam,
1857 3002 2057 3053 contra
2084 2994 2284 3052 hostes
2327 2993 2756 3071 potentissimos
2781 3001 2841 3053 et
2866 2993 2954 3052 in-

557 3071 915 3131 fensissimos
942 3073 1044 3150 qui
1069 3071 1220 3133 ferro
1246 3081 1306 3133 et
1331 3071 1579 3132 flammis
1619 3073 1768 3132 illud
1811 3074 2070 3132 excisum
2096 3074 2422 3148 voluerunt,
2469 3073 2531 3132 in
2571 3074 2728 3132 hunc
2771 3091 2954 3151 usque

558 3149 713 3209 diem
742 3151 1117 3229 conservatio,
1149 3171 1280 3212 cum
1304 3160 1394 3212 tot
1420 3152 1519 3211 alii
1545 3152 1698 3228 libri,
1727 3153 2008 3212 adversus
2031 3172 2178 3230 quos
2221 3152 2367 3211 nihil
2393 3153 2508 3212 tale
2535 3159 2818 3212 tentatum
2845 3160 2953 3228 est,

633 3229 789 3290 nitus
842 3230 1252 3291 interciderint.
1345 3234 1402 3292 3.
1446 3232 1543 3290 Ex
1594 3240 1759 3310 parte
1800 3234 2306 3292 Ivi-strumentorum
2355 3239 2417 3291 et
2459 3232 2952 3307 Amanuensium;

607 3329 835 3370 ummus
862 3310 924 3368 in
952 3311 1253 3371 scribendo
1290 3313 1507 3372 candor
1532 3319 1592 3370 et
1636 3312 1951 3388 sinceritas,
1981 3312 2083 3390 qui
2124 3330 2232 3371 nec
2273 3312 2505 3390 propria
2547 3329 2652 3371 sua
2693 3313 2958 3387 ἑστάμεναι

560 3389 943 3464 dissimulant,
975 3391 1078 3449 sed
1110 3389 1361 3467 ingenue
1386 3389 1666 3470 pandunt.
1749 3392 1806 3450 4.
1851 3391 1947 3449 Ex
1988 3401 2152 3469 parte
2177 3393 2570 3466 ath'unctorum
2578 3415 2604 3463 ;
2645 3391 2952 3466 Numerus,

560 3469 884 3528 constantia
910 3477 969 3528 et
996 3469 1249 3529 conditio
1265 3471 1609 3546 Mar-tynam,
1629 3469 1732 3548 qui
1759 3489 1886 3529 eam
1913 3489 2019 3530 suo
2047 3469 2326 3547 sanguine
2355 3469 2750 3546 obsignarunt.
2809 3471 2954 3530 Cum

559 3549 715 3608 enim
740 3548 887 3607 nihil
912 3549 1133 3608 homini
1176 3549 1252 3609 sit
1277 3549 1401 3608 vita
1442 3550 1646 3625 carius,
1677 3568 1796 3608 non
1836 3549 2159 3627 potuissent
2199 3556 2288 3608 tot
2327 3547 2625 3607 hominum
2664 3549 2958 3624 myriades

559 3629 748 3689 omnis
776 3647 968 3705 sexus,
1000 3628 1203 3706 aetatis,
1234 3637 1295 3688 et
1326 3628 1689 3704 conditionis,
1734 3647 1839 3706 pro
1865 3627 2196 3688 defensione
2229 3627 2538 3705 Scripturae
2565 3635 2684 3686 tam
2709 3628 2960 3687 libenter

561 3718 822 3847 3333„
847 3705 2657 3849 01’1132?‘fiessffffin‘imtffl‘aeamffljdssfflffiffiffi
2697 3707 2957 3846 &5⁶³5

562 3873 737 3941 taque
762 3867 1057 3926 Mer-acula
1081 3867 1363 3945 patranda
1388 3809 1517 3945 (fige
1544 3866 1698 3926 facta
1723 3875 1874 3943 sunt,
1921 3874 2044 3926 tum
2088 3867 2150 3924 in
2179 3866 2337 3942 Lege
2373 3875 2495 3925 tum
2523 3866 2585 3924 in
2615 3865 2957 3944 Evangelio,

564 3942 641 3999 ad
680 3943 855 4002 fidem
898 3945 1219 4003 faciendam
1250 3946 1557 4023 Scripturae
1589 3946 1914 4022 Divinitati,
1959 3946 2010 4004 si
2050 3963 2270 4004 merum
2312 3945 2550 4004 humani
2590 3946 2808 4006 cerebri
2849 3946 2958 4024 fig-

564 4029 821 4080 mentum
846 4021 1068 4081 fuisset.
1150 4023 1459 4083 Accedunt
1476 4023 1958 4083 Adversariorum
1986 4025 2239 4101 ipsorum
2267 4025 2626 4102 testimonia3
2669 4034 2737 4085 ut
2753 4025 2958 4085 Ethni·

565 4117 762 4157 corum
807 4100 879 4158 de
924 4099 1109 4174 Mose,
1155 4101 1200 4161 J
1202 4102 1402 4177 osephi
1446 4112 1506 4160 et
1532 4101 2062 4162 Thalmudistarum
2104 4104 2177 4163 de
2211 4103 2458 4180 Christo,
2504 4112 2564 4164 et
2607 4103 2962 4163 Mahumetis

564 4177 747 4254 ipsius
788 4177 861 4236 de
904 4186 1149 4255 utroque
1175 4179 1562 4254 Testament0‚
1592 4199 1723 4256 quae
1767 4199 1844 4239 ex
1881 4182 2028 4256 Vive,
2058 4184 2317 4258 PlessoeO,
2354 4183 2558 4244 Grotio
2601 4191 2660 4241 et
2687 4182 2817 4240 aliis
2841 4182 2962 4257 peti

564 4264 823 4334 possunt.
895 4257 1160 4335 Denique
1180 4259 1527 4334 qulorum
1542 4277 1849 4332 consensus,
1873 4260 1973 4337 qui
1991 4260 2130 4321 licet
2153 4262 2376 4337 ritibus,
2397 4261 2761 4339 opinionibus
2787 4260 2962 4318 etiam

564 4335 719 4394 circa
746 4354 923 4410 sacra,
956 4335 1132 4410 cultu,
1162 4336 1363 4413 lingua
1406 4346 1466 4396 et
1508 4337 1700 4397 studio
1717 4377 1726 4388 ·
1746 4337 2054 4415 differrent,
2084 4342 2196 4400 hoc
2224 4341 2483 4400 Verbum
2526 4347 2800 4414 tanquam
2832 4356 2958 4414 pre-

562 4415 776 4475 tiosum
804 4413 1017 4473 divinas
1045 4414 1325 4475 Veritatis
1350 4415 1684 4476 thesaurum
1725 4427 2089 4494 exceperunt,
2134 4419 2392 4497 illudque
2419 4437 2522 4495 pro
2552 4415 2876 4492 Religionis
2903 4425 2963 4476 et

566 4492 679 4554 Dei
706 4493 895 4554 cultus
922 4493 1291 4554 fundamento
1317 4495 1676 4555 habuerunt:
1717 4515 1824 4556 nec
1851 4496 2004 4556 enim
2032 4497 2307 4557 credibile
2331 4505 2422 4556 est
2443 4497 2633 4554 Deum
2657 4513 2960 4573 passurum

562 4574 757 4649 fuisse,
788 4582 854 4634 ut
880 4582 1043 4633 tanta
1067 4574 1361 4632 hominum
1388 4573 1716 4651 multitude,
1737 4596 1865 4654 quae
1893 4577 2082 4654 ipsum
2109 4577 2366 4638 studiose
2393 4574 2702 4653 quaerebat,
2725 4573 2958 4634 menda-

562 4653 727 4714 cibus
754 4651 916 4716 libris
945 4651 1163 4714 tamdiu
1191 4652 1567 4733 deciperetur.
