3300 5225
519 366 665 431 xxvi
1247 382 1622 431 raim-Amo
1658 384 1751 429 An
1789 382 2182 431 LECTOREM.

519 546 796 627 palatum
825 543 1178 621 multorum,
1215 565 1473 626 quorum
1500 545 1683 609 nimis
1720 546 1898 610 ferax
1926 552 2027 609 est
2055 547 2170 609 hoc
2204 544 2496 626 seculum,
2552 544 2777 625 quibus
2828 568 2928 612 vc·
3272 546 3295 585 '³

517 652 658 708 tera
683 645 962 723 sordent,
993 649 1059 707 et
1090 642 1244 707 nihil
1275 645 1396 707 nisi
1427 651 1733 708 musteum
1762 649 1827 707 et
1858 663 2073 708 recens
2105 645 2423 725 probatur,
2456 642 2564 722 qui
2607 650 2929 727 δοκησίσοφω
3276 644 3295 667 ³

521 749 589 805 et
622 748 1001 825 ἰδιογνώμονες,
1033 742 1151 805 sibi
1185 740 1331 805 solis
1365 742 1704 824 sapientes,
1734 742 2000 805 rationis
2034 760 2160 804 suae
2186 740 2425 821 judicio
2441 739 2581 820 plus
2610 762 2787 823 aequo
2814 744 2929 805 tri-
3283 744 3295 783 ³

521 842 742 916 buunt,
772 839 949 921 quasi
975 858 1265 904 mensura
1291 848 1456 904 esset
1491 840 1794 916 veritatis,
1826 846 1891 903 et
1918 841 2035 905 sub
2062 839 2341 920 specioso
2366 838 2621 919 majoris
2653 840 2834 922 lucis,
2866 848 2934 907 et

522 937 845 1018 penitioris
879 937 1184 1019 indaginis
1213 938 1495 1003 veritatis
1545 946 1730 1001 antea
1756 938 2080 1018 ignoratae,
2128 942 2460 1018 praetextu,
2517 944 2665 999 ante
2700 958 2766 1001 se
2798 946 2927 1001 tra-

525 1036 659 1099 dita
715 1034 1070 1113 convellere,
1118 1038 1275 1099 beno
1307 1037 1647 1101 constituta
1679 1036 2021 1117 destruere,
2057 1042 2125 1099 et
2158 1042 2302 1105 ἰδίας
2352 1038 2617 1105 ἐπιλύσεως
2646 1042 2713 1098 et
2744 1046 2929 1120 κυρίας

527 1136 694 1217 δόξας
721 1135 922 1198 instar
974 1133 1360 1198 oraculorum
1407 1135 1743 1199 obtrudere
1776 1138 2175 1213 praesumunt,
2226 1138 2295 1197 et
2322 1154 2363 1195 a
2396 1152 2463 1195 se
2490 1132 2928 1197 dissentientes

523 1238 816 1313 tanquam
849 1233 1024 1296 bonae
1045 1232 1269 1295 ment-is
1302 1252 1543 1307 vacuos,
1571 1231 1913 1312 imperitos,
1972 1237 2038 1294 et
2086 1230 2398 1295 veteribus
2424 1231 2706 1293 formulis
2738 1232 2927 1295 servi-

525 1331 672 1395 liter
703 1331 1005 1405 addictos,
1037 1330 1362 1395 traducere
1387 1350 1511 1393 non
1535 1330 1929 1393 erubescunt.
2002 1328 2129 1391 Sed
2150 1328 2314 1408 quod
2346 1327 2437 1391 illi
2469 1328 2621 1391 vitio
2653 1335 2925 1406 vertunt,

525 1430 620 1493 vel
648 1428 911 1492 inscitiae
939 1428 1246 1504 tribuunt,
1279 1429 1346 1491 id
1375 1448 1488 1509 ego
1515 1448 1658 1491 cum
1686 1445 1831 1491 vere
1864 1426 2133 1489 cordatis
2182 1426 2351 1489 laudi
2381 1425 2559 1501 duco,
2612 1432 2679 1489 et
2710 1428 2932 1507 praeci-

522 1547 713 1607 puum
743 1525 1282 1591 commendationis
1315 1532 1742 1607 argumentum
1772 1525 2059 1588 arbitror.
2161 1523 2326 1586 Nam
2384 1543 2521 1587 cnm
2572 1524 2932 1604 antiquissi-

523 1646 690 1687 mum
719 1624 1000 1704 quodque
1033 1623 1118 1685 sit
1149 1622 1550 1698 verissimum,
1581 1622 1751 1685 nulla
1776 1621 2047 1686 melioris
2076 1628 2239 1684 notae
2264 1621 2523 1701 scriptio
2544 1622 2677 1683 dari
2700 1628 2927 1702 potest,

523 1722 590 1785 in
643 1729 1009 1803 argumento
1053 1721 1400 1801 praesertim
1431 1740 1624 1794 sacro,
1683 1740 1865 1801 quam
1898 1740 2034 1799 quae
2086 1719 2290 1782 minus
2321 1719 2669 1783 novitatum
2701 1721 2929 1792 habet3

527 1818 768 1883 Vetera
794 1820 896 1883 hic
922 1821 1176 1899 optima,
1211 1825 1278 1882 et
1306 1839 1444 1899 quaa
1499 1818 1580 1881 ad
1629 1819 1890 1899 primam
1948 1817 2385 1897 antiquitatem
2418 1824 2677 1891 exacta3
2722 1816 2929 1881 tristi-

527 1939 646 1998 que
669 1917 1059 1998 experientia
1085 1917 1268 1980 nimis
1299 1924 1681 1997 compertum
1714 1923 1830 1992 est,
1857 1935 2037 1996 quam
2062 1914 2405 1994 periculose
2430 1934 2593 1994 saepe
2614 1917 2926 1989 aberrent,

523 2016 630 2096 qui
685 2021 864 2079 notos
914 2021 981 2079 et
1011 2014 1197 2077 tritos
1246 2014 1348 2081 hic
1393 2013 1578 2079 calles
1641 2020 1959 2095 spernunt,
2010 2021 2082 2076 ut
2112 2018 2431 2077 sectentur
2460 2033 2667 2089 novos,
2704 2013 2809 2093 qui
2860 2012 2927 2075 in

520 2114 666 2177 avia
693 2121 765 2179 et
799 2112 1145 2193 praecipitia
1171 2118 1244 2175 ut
1271 2113 1600 2193 plurimum
1629 2112 1961 2177 abducunt.

623 2210 877 2293 Fateor,
911 2232 1034 2275 non
1068 2210 1516 2291 aspernandum
1548 2230 1686 2275 esse
1721 2210 2163 2275 Recentiorum
2190 2210 2579 2287 industriam,
2616 2210 2721 2290 qui
2751 2208 2925 2273 lucu·

521 2308 786 2373 lentiore
811 2309 976 2373 dona
1003 2330 1042 2372 a
1075 2308 1212 2372 Deo
1237 2310 1572 2387 consecuti,
1605 2315 1672 2372 et
1690 2309 1989 2390 peculiari
2036 2309 2265 2390 ingenii
2298 2308 2577 2371 acumine
2603 2307 2925 2388 pollentes,

517 2428 658 2471 cum
690 2406 872 2471 laude
897 2414 1282 2487 occupantur
1303 2408 1368 2470 in
1391 2406 1733 2487 Scripturis
1752 2406 2125 2486 scrutandis,
2152 2412 2219 2469 et
2237 2405 2500 2469 veritate
2528 2404 2925 2477 illustranda3

524 2506 615 2567 Et
671 2506 952 2584 ingratus
1001 2512 1168 2567 esset
1223 2506 1291 2567 in
1326 2505 1529 2567 Deum
1578 2504 1797 2567 talium
1848 2503 2149 2565 donorum
2206 2502 2543 2577 authorem,
2578 2501 2683 2581 qui
2718 2500 2928 2565 debita

519 2602 703 2666 laude
756 2600 897 2664 illos
954 2600 1242 2665 fraudare
1274 2600 1476 2676 vellet,
1513 2600 1609 2664 vel
1637 2598 1831 2663 nollet
1860 2619 1940 2662 ex
1968 2598 2090 2663 illis
2122 2600 2437 2679 proficere.
2542 2598 2665 2662 Sed
2685 2604 2760 2661 ut
2808 2600 2925 2664 sub

518 2701 636 2763 hoc
667 2704 982 2780 praetextu
1009 2704 1222 2762 vetera
1255 2696 1645 2778 superciliose
1698 2697 2078 2778 rejiciantur,
2132 2703 2199 2762 et
2250 2696 2485 2762 novitia
2534 2697 2823 2778 dogmata
2860 2699 2926 2760 in

525 2797 867 2861 Ecclesiam
898 2795 1290 2874 inducantur,
1322 2796 1496 2877 quasi
1535 2795 1627 2858 illi
1680 2795 1784 2875 qui
1836 2794 2013 2858 nobis
2046 2794 2422 2874 praeiverunt
2470 2795 2537 2857 in
2570 2795 2826 2876 caligine
2860 2803 2927 2858 et

519 2895 795 2960 tenebris
851 2894 1052 2958 adhue
1103 2894 1330 2956 versati
1379 2894 1528 2970 sint,
1577 2913 1693 2958 uec
1742 2891 2125 2973 Religionem
2160 2894 2238 2957 ab
2272 2893 2583 2957 erroribus
2612 2894 2741 2956 suis
2774 2894 2925 2957 satis

519 2992 1023 3074 repurgaverint:
1077 2990 1212 3055 Hoc
1245 3009 1393 3055 sane
1423 2997 1490 3054 et
1521 2993 1699 3054 famae
1730 2997 2049 3054 tantorum
2079 2989 2375 3053 Virorum
2391 2998 2491 3055 est
2520 2990 2837 3072 injurium,
2860 2998 2927 3055 et

522 3089 834 3171 Religioni
865 3089 1249 3170 probrosum,
1283 3095 1350 3153 et
1380 3089 1501 3170 piis
1535 3089 1786 3153 auribus
1834 3088 2310 3154 intolerandum.
2410 3089 2926 3152 commendentur

523 3208 672 3269 ergo
702 3187 881 3250 Libri
903 3184 1008 3249 alii
1031 3207 1068 3249 a
1093 3187 1392 3268 novitate,
1423 3188 1540 3251 hoc
1567 3186 1830 3268 elogium
1858 3187 2046 3250 nolim
2077 3186 2222 3250 huic
2252 3206 2387 3250 meo
2419 3186 2730 3252 vindicare
2754 3209 2769 3261 3
2803 3187 2926 3250 imo

523 3286 588 3348 id
621 3285 833 3349 sedulo
867 3284 1022 3366 cavi,
1077 3305 1156 3348 ne
1190 3285 1338 3366 quid
1371 3305 1592 3348 novum
1621 3286 1897 3359 haberet,
1950 3290 2017 3348 et
2048 3305 2087 3347 a
2116 3283 2330 3348 Verbo
2362 3285 2502 3362 Dei,
2556 3291 2623 3348 et
2654 3285 2924 3349 formulis

523 3382 788 3464 publicis
815 3401 896 3445 ex
927 3382 1034 3446 illo
1063 3382 1128 3444 in
1163 3381 1457 3448 Ecclesiis
1489 3382 1721 3446 nostris
1770 3382 2039 3462 receptis
2088 3380 2354 3446 alienum
2382 3404 2397 3455 ;
2450 3389 2517 3445 et
2546 3388 2617 3445 ut
2650 3383 2804 3446 nihil
2833 3383 2921 3446 ibi

519 3482 966 3557 adstrueretur,
1005 3480 1165 3559 quod
1186 3480 1759 3559 probatissimorum
1777 3486 1843 3542 et
1858 3479 2107 3560 optimae
2126 3487 2287 3543 notae
2306 3479 2754 3562 Theologorum
2780 3499 2921 3544 nos-

521 3585 757 3641 trorum
781 3577 1022 3642 calculo
1047 3597 1170 3640 non
1205 3578 1691 3642 confirmaretur.
1774 3577 2051 3640 Laudem
2080 3597 2266 3658 porro
2296 3598 2376 3642 ex
2408 3579 2525 3642 hac
2555 3599 2695 3642 mea
2721 3578 2923 3658 opella

521 3697 634 3741 nec
675 3684 956 3756 expecto,
987 3695 1102 3739 nec
1131 3682 1374 3756 expeto,
1395 3676 1504 3740 sed
1535 3674 1688 3738 satis
1712 3675 1870 3738 bene
1896 3693 2135 3738 mecum
2156 3681 2362 3739 actum
2392 3678 2643 3755 putabo,
2688 3676 2742 3740 si
2762 3675 2920 3755 aequi

521 3775 788 3854 bonique
815 3773 1095 3838 consulas
1123 3775 1242 3838 hoc
1276 3774 1695 3855 qualecunque
1724 3793 1926 3836 meum
1944 3773 2021 3836 de
2046 3772 2327 3837 Ecclesia
2361 3772 2482 3836 Dei
2502 3775 2659 3838 bene
2678 3793 2922 3837 meren-

517 3871 588 3932 di
618 3871 906 3944 studium,
954 3878 1024 3934 et
1059 3871 1109 3934 si
1163 3871 1385 3951 aliquis
1435 3872 1580 3935 inde
1611 3873 1876 3952 fructus,
1906 3871 2121 3934 divina
2146 3871 2576 3934 benedictione
2627 3872 2917 3936 acceden-

519 3973 608 4048 te,
677 3967 758 4029 ad
821 3965 1128 4030 Veritatis
1192 3969 1665 4032 illustrationem
1734 3977 1800 4032 et
1858 3969 2114 4032 Piorum
2164 3969 2635 4032 aedificationem
2682 3971 2916 4033 redeat.

519 4064 698 4142 Quod
727 4064 780 4126 si
813 4083 934 4126 non
967 4063 1274 4144 ingratam
1302 4063 1443 4145 tibi,
1475 4085 1591 4128 nec
1640 4065 1820 4144 plane
1868 4065 2147 4130 inutilem
2176 4067 2437 4145 primam
2468 4068 2628 4131 hanc
2660 4065 2920 4129 Laboris

517 4161 639 4225 mei
671 4165 931 4240 partem,
958 4179 1136 4239 quam
1175 4160 1367 4224 solam
1406 4161 1472 4223 in
1521 4161 1717 4225 lucem
1764 4163 2015 4242 prodire
2064 4183 2227 4243 aegre
2254 4162 2479 4243 patior,
2510 4164 2703 4228 fuisse
2733 4161 2922 4228 intel-

517 4259 746 4339 lexero,
777 4257 1040 4322 alacrius
1073 4258 1153 4319 ad
1183 4257 1442 4321 alteram
1469 4277 1740 4340 pergam,
1773 4266 1841 4323 et
1864 4259 2086 4322 faciam
2114 4279 2253 4323 cum
2286 4263 2449 4325 bono
2481 4261 2635 4336 Deo,
2670 4261 2723 4324 si
2755 4260 2919 4324 vires

517 4357 830 4436 vitamque
846 4355 1058 4436 largiri
1075 4355 1384 4436 dignettu,
1408 4364 1481 4419 ut
1505 4363 1735 4436 quanto
1756 4376 1942 4438 ocyus
1972 4357 2154 4420 fidem
2187 4359 2397 4422 datam
2420 4358 2753 4421 exsolvam.
2808 4357 2921 4420 In-

515 4453 698 4518 terim
733 4451 880 4533 quia
908 4453 1088 4516 homo
1117 4473 1271 4529 sum,
1303 4460 1368 4516 et
1401 4453 1555 4518 nihil
1593 4455 1841 4517 humani
1876 4474 1915 4517 a
1945 4475 2044 4518 me
2092 4455 2357 4520 alienum
2386 4461 2557 4535 puto,
2610 4454 2665 4518 si
2698 4455 2846 4534 quid
2880 4475 2919 4516 a.
3260 4500 3283 4567 P

517 4571 616 4614 me
649 4550 748 4614 hic
780 4550 1011 4614 dictum
1044 4551 1247 4625 fuerit,
1302 4551 1464 4630 quod
1513 4572 1653 4616 cum
1708 4551 2033 4632 Scriptura
2058 4553 2241 4617 unica.
2273 4553 2417 4616 fidei
2446 4559 2675 4615 nostrae
2708 4551 2921 4633 regula
