3300 5225
542 317 659 375 566
1542 335 1726 380 Locus
1753 335 1964 379 sonus.
2581 311 2840 394 [Qum-er.
2874 334 2976 372 rx.

543 474 757 551 pariter
783 481 843 534 et
870 482 1111 534 mortem
1138 473 1265 552 ejus
1290 474 1463 534 nobis
1498 475 1772 554 imputari
1812 475 2061 550 debere;
2105 473 2255 549 Quia
2293 478 2476 532 morte
2517 491 2642 548 sua,
2669 489 2808 550 quse
2849 471 2980 532 fuit

544 571 717 629 poena
743 555 872 632 ejus
898 554 1237 630 personalis,
1266 553 1413 614 nihil
1440 555 1609 614 nobis
1636 563 1924 632 procurat,
1953 562 2022 613 ut
2045 551 2438 612 inobedientia
2473 570 2616 627 sua;
2659 551 2798 610 ideo
2839 571 2980 610 non

542 632 732 707 potuit
777 632 947 691 nobis
984 634 1395 692 communicari
1438 633 1732 693 moraliter
1779 643 1838 692 et
1877 652 1980 710 per
2019 633 2456 710 imputationem
2495 631 2644 690 sicut
2683 629 2818 706 ista,
2851 631 2976 690 sed

545 718 773 769 tantum
802 711 945 770 reali
971 721 1031 770 et
1054 713 1299 790 physica
1324 713 1780 772 transmissione.

628 789 957 848 XXXIII.
1002 791 1167 849 Licet
1186 800 1485 868 peccatum
1512 792 1763 869 primum
1787 810 1907 850 non
1935 791 2011 850 sit
2036 788 2427 848 voluntarium
2461 795 2728 864 respectu
2765 789 2972 848 nostri

544 868 792 944 realiter,
823 869 961 945 quia
986 871 1217 946 propria
1242 871 1543 929 voluntate
1570 889 1688 928 non
1707 869 2095 947 peccavimus,
2122 876 2314 946 potest
2339 862 2972 926 tamenvoluntarium

550 946 667 1004 dici
714 948 1021 1022 moraliter,
1066 957 1351 1024 quatenus
1392 949 1669 1008 voluntas
1709 948 1926 1007 Adami
1973 955 2242 1006 censetur
2283 944 2707 1024 quodammodo
2753 955 2974 1005 nostra

547 1035 781 1102 propter
807 1027 991 1084 nostri
1016 1046 1148 1085 cum
1176 1027 1303 1104 ipso
1330 1027 1812 1086 communionem.

628 1103 947 1163 XXXIV.
993 1107 1079 1165 Ut
1104 1103 1361 1182 διωωμα
1388 1107 1622 1181 Christi,
1654 1105 1812 1182 quod
1839 1105 2072 1164 unicum
2089 1111 2194 1179 est,
2213 1111 2406 1180 potest
2425 1111 2618 1162 tamen
2637 1103 2970 1162 innumeris

547 1183 955 1242 communicari
980 1203 1083 1261 per
1108 1183 1580 1263 imputationem
1626 1185 1706 1242 Et
1729 1192 1798 1242 ut
1835 1191 2030 1242 reatus
2067 1190 2434 1260 peccatorum
2471 1189 2792 1258 parentum,
2821 1201 2968 1258 qum

547 1261 902 1338 imputantur
926 1263 1189 1339 posteris,
1222 1283 1373 1324 unus
1400 1272 1491 1322 est
1516 1271 1575 1321 et
1614 1262 1872 1339 aequalis,
1900 1263 2004 1339 qui
2041 1261 2249 1320 transit
2287 1261 2350 1318 in
2391 1279 2630 1320 omnes:
2672 1261 2766 1318 Ita
2805 1259 2965 1318 nihil

548 1341 743 1400 obstat
785 1349 1009 1400 reatum
1056 1343 1279 1418 peccati
1326 1341 1544 1399 Adami
1586 1342 1822 1400 unicum
1868 1360 1996 1400 esse
2043 1347 2102 1398 et
2148 1339 2429 1416 oequalem
2469 1339 2570 1416 qui
2611 1347 2868 1398 nauseat
2893 1339 2965 1398 in

551 1437 753 1478 omnes
780 1439 887 1496 per
912 1421 1369 1497 imputationem,
1399 1421 1536 1497 quia
1562 1439 1681 1478 non
1707 1420 1916 1478 transit
1941 1418 2016 1478 ad
2043 1437 2145 1478 eos
2170 1437 2274 1495 per
2313 1417 2678 1492 divisionem,
2707 1417 2814 1476 sed
2852 1437 2966 1495 per

550 1498 1027 1573 comunionem,
1058 1507 1355 1576 quatenus·
1372 1519 1573 1558 omnes
1593 1499 1804 1576 dignos
1829 1518 2002 1576 poena
2028 1517 2098 1556 ea
2122 1497 2331 1556 reddit.

628 1575 914 1634 XXXV.
945 1577 1110 1636 Licet
1140 1579 1301 1636 Deus
1346 1577 1425 1636 sit
1452 1578 1660 1636 author
1685 1576 1918 1636 foederis
1953 1577 2114 1635 illius
2140 1575 2298 1653 quod
2323 1595 2456 1635 cum
2482 1573 2715 1634 Adamo
2741 1574 2964 1634 initum

548 1663 653 1729 est,
684 1654 760 1712 ad
786 1655 943 1730 quod
970 1655 1230 1731 sequitur
1254 1655 1473 1732 peccati
1502 1654 1776 1713 Adamici
1801 1655 2128 1715 communio
2153 1663 2212 1714 et
2237 1653 2538 1732 imputatio
2559 1675 2576 1730 3
2605 1655 2741 1712 Non
2779 1673 2960 1731 prop-

546 1740 705 1791 terea
742 1740 935 1808 potest
974 1741 1076 1791 aut
1114 1733 1289 1804 debet
1314 1734 1535 1792 censeri
1562 1735 1770 1792 author
1795 1735 2034 1812 peccati.
2116 1733 2266 1808 Quia
2290 1741 2589 1811 peccatum
2615 1751 2735 1792 non
2761 1741 2958 1792 ortum

547 1819 639 1869 est
664 1829 769 1886 per
794 1828 856 1868 se
884 1830 960 1868 ex
986 1810 1091 1869 illo
1116 1811 1347 1885 foedere,
1372 1813 1476 1870 sed
1501 1819 1728 1872 tantum
1753 1832 1856 1890 per
1877 1813 2144 1872 accidens
2169 1819 2402 1889 propter
2425 1811 2676 1870 hominis
2715 1813 2924 1886 ἀνομία
2941 1835 2964 1870 t

552 1889 678 1947 Nec
704 1889 893 1966 magis
919 1895 1111 1965 potest
1136 1890 1357 1949 censeri
1384 1891 1510 1966 ejus
1550 1893 1775 1967 peccati
1817 1893 2040 1967 author,
2071 1911 2242 1967 quam
2285 1898 2551 1950 censetur
2591 1891 2716 1966 ejus
2758 1910 2962 1966 cause,

549 1987 619 2105 stt>
639 1967 798 2104 ἓὲιοᾶ
822 1976 1123 2044 peccatum
1148 1969 1267 2061 fiat,
1298 1969 1397 2028 vel
1422 1969 1498 2027 ad
1524 1988 1631 2028 nos
1659 1978 2026 2047 propagetur,
2053 1969 2189 2046 quia
2215 1969 2402 2029 voluit
2427 1968 2574 2028 illud
2600 1969 2960 2045 permittere,

552 2067 585 2104 e
741 2064 848 2105 nos
916 2066 981 2104 ro
1022 2067 1059 2105 a
1187 2090 1204 2106 .

632 2066 955 2184 XXXVPI.
981 2067 1370 2185 Ilqgilinesadem
1411 2135 1500 2185 est
1540 2127 1688 2186 ratio
1731 2135 2098 2204 peccatorum
2141 2126 2400 2202 aliorum,
2430 2145 2560 2203 quse
2603 2124 2678 2184 ab
2719 2125 2962 2184 Adamo

550 2204 857 2263 commissa
904 2212 1057 2280 sunt,
1088 2214 1147 2265 et
1188 2205 1357 2282 primi
1401 2205 1558 2281 quod
1605 2206 1776 2263 nobis
1821 2205 2172 2282 imputatur;
2221 2205 2370 2279 Quia
2409 2213 2616 2264 eaetera
2655 2203 2812 2264 fuere
2839 2204 2962 2279 ipsi

540 2284 875 2359 personalia
924 2283 1275 2361 simpliciter,
1304 2292 1425 2342 tam
1472 2285 1796 2359 inchoatioe,
1849 2304 2022 2360 quam
2071 2284 2432 2357 ter-minutim,
2488 2291 2620 2359 post
2672 2283 2961 2341 violatum

550 2360 756 2437 foedus,
786 2361 943 2438 quod
972 2363 1135 2422 Deus
1174 2382 1306 2421 cum
1345 2362 1447 2420 illo
1487 2363 1802 2439 pepigerat,
1846 2373 1906 2422 et
1943 2363 2262 2439 depositam
2343 2381 2605 2420 ersonam
2641 2361 2958 2437 publicam,

550 2459 727 2518 quam
756 2439 1094 2499 sustinebat.
1178 2441 1329 2498 Nam
1358 2441 1495 2500 licet
1522 2450 1656 2517 post
1681 2441 1930 2517 primum
1955 2449 2256 2518 peccatum
2343 2440 2548 2500 damus
2573 2459 2692 2497 non
2717 2438 2962 2498 desierit

552 2537 680 2577 esse
712 2517 901 2592 Caput
936 2518 1157 2576 ratione
1200 2519 1449 2595 oriyinn's,
1480 2519 1652 2578 desiit
1692 2527 1886 2578 tamen
1927 2539 2054 2578 esse
2085 2519 2275 2594 Caput
2309 2519 2822 2595 repraesentativum
2862 2537 2959 2575 re-

548 2597 767 2656 latione
780 2598 1037 2671 soederzb.
1125 2597 1241 2657 Sed
1268 2599 1515 2675 primum
1540 2597 1680 2657 licet
1701 2598 1777 2658 sit
1803 2599 2102 2675 personale
2119 2597 2464 2674 inchoative,
2483 2597 2622 2675 quia
2646 2618 2684 2655 a
2707 2614 2962 2673 persona

552 2674 837 2811 singulari
862 2684 1053 2735 ortum
1090 2684 1197 2753 est,
1229 2696 1347 2735 non
1387 2685 1580 2736 tamen
1620 2678 1736 2737 tale
1777 2677 1887 2736 fuit
1931 2679 2290 2753 terminante,
2319 2678 2458 2754 quia
2497 2675 2761 2754 pluribus
2799 2694 2958 2735 com-

551 2772 727 2814 mune
778 2754 883 2814 uit.

634 2833 991 2893 XXXVII.
1031 2834 1302 2907 {larentia
1317 2835 1561 2911 justitiae
1590 2834 1890 2911 originalis
1911 2834 2157 2913 spectari
2173 2842 2380 2912 potest,
2402 2834 2501 2893 vel
2509 2835 2734 2910 passive
2750 2839 2954 2909 quate-

552 2931 663 2972 nus
688 2914 976 2987 subiectam
1002 2922 1091 2971 est
1118 2914 1179 2969 in
1206 2914 1455 2987 homine,
1484 2914 1583 2971 vel
1609 2914 1785 2972 active
1821 2924 2105 2989 quatenus
2117 2914 2472 2989 judicialiter
2505 2932 2542 2971 a
2569 2914 2696 2971 Deo
2735 2912 2949 2969 immit-

552 2992 731 3064 titur;
776 2990 892 3047 Vel
918 2998 1183 3065 respectu
1210 2992 1351 3048 mali
1395 2992 1591 3065 turpis,
1635 2992 1794 3066 quod
1831 2991 2092 3067 includit,
2123 2992 2240 3051 Vel
2279 2999 2543 3069 respectu
2581 2991 2723 3049 mali
2757 2990 2948 3062 ινὺτίε,

551 3068 709 3144 quod
736 3074 870 3143 post
896 3086 958 3124 se
975 3066 1171 3140 trahit,
1194 3067 1465 3126 nimirum
1482 3068 1704 3127 ratione
1727 3068 2156 3128 deformationis
2177 3078 2470 3143 creaturae,
2493 3078 2552 3128 et
2573 3068 2948 3145 separationis

554 3165 591 3202 a
619 3146 765 3202 Deo.
851 3142 1035 3201 Priori
1064 3162 1237 3203 sensu
1263 3154 1561 3222 peccatum
1588 3156 1743 3206 recte
1770 3147 1998 3225 dicitnr,
2027 3148 2164 3225 quia
2189 3156 2279 3207 est
2303 3148 2552 3225 privatio
2590 3146 2954 3207 rectitudinis

552 3222 762 3281 debitae
789 3221 995 3297 inesse,
1024 3238 1155 3299 quae
1182 3232 1467 3300 repugnat
1496 3224 1662 3303 Legi,
1693 3227 1796 3285 sed
1821 3227 2126 3303 posteriori
2143 3246 2328 3303 poenae
2355 3227 2634 3287 rationem
2661 3224 2866 3283 induit.

632 3300 1022 3361 XXXVIII.
1054 3302 1199 3360 Cum
1224 3302 1527 3379 imputatio
1552 3304 1629 3362 ad
1655 3324 1885 3381 poenam
1913 3306 1990 3365 sit
2015 3313 2238 3365 tantum
2263 3314 2422 3363 actus
2445 3306 2695 3378 moralis,
2739 3304 2948 3361 mirum

550 3377 739 3437 videri
765 3397 887 3437 non
914 3377 1105 3456 debet,
1138 3381 1203 3457 si,
1235 3389 1301 3440 ut
1326 3382 1545 3458 primus
1573 3392 1737 3442 actus
1764 3384 2042 3460 peccandi
2067 3383 2236 3441 nobis
2262 3384 2594 3459 imputatur,
2623 3383 2708 3441 ita
2731 3382 2952 3458 primus

550 3466 708 3516 actus
730 3459 1050 3533 generandi
1073 3459 1175 3536 qui
1202 3468 1291 3519 est
1317 3479 1473 3519 mere
1499 3462 1796 3535 naturalis,
1827 3462 2040 3538 pariter
2067 3481 2182 3519 non
2209 3462 2538 3537 imputetur.

632 3536 966 3595 XXXIX.
1011 3537 1177 3597 Licet
1202 3547 1367 3597 actus
1394 3538 1798 3598 inobedientioe
1827 3538 2044 3597 Adami
2068 3540 2235 3598 nobis
2274 3538 2526 3615 potuerit
2565 3536 2836 3614 imputari
2873 3534 2951 3593 ad

550 3615 1087 3675 condemnationem
1110 3638 1124 3691 ;
1177 3636 1295 3674 non
1343 3616 1537 3675 statim
1586 3617 1847 3693 sequitur
1888 3626 2081 3675 aetum
2129 3617 2257 3693 ejus
2297 3616 2638 3676 obedientiae
2682 3614 2968 3673 debuisse

549 3692 717 3753 nobis
742 3694 1019 3771 imputari
1046 3692 1123 3750 ad
1153 3693 1645 3770 justificationem,
1675 3696 1814 3771 quia
1851 3703 2046 3753 reatus
2087 3694 2266 3753 oritur
2305 3714 2380 3753 ex
2421 3714 2538 3754 uno
2577 3703 2714 3753 actu
2751 3692 2950 3751 inobe-

550 3771 797 3844 dientiae,
832 3770 935 3829 sed
969 3771 1199 3846 justitia
1240 3772 1480 3847 requirit
1518 3772 1999 3849 complementum
2041 3782 2100 3833 et
2138 3773 2624 3850 perseverantiam
2663 3774 2950 3847 integram

550 3848 912 3907 obedientiae.
997 3848 1225 3907 Deinde
1252 3849 1469 3907 Adami
1490 3851 1721 3927 justitia
1747 3858 1946 3928 utpote
1987 3851 2166 3925 finita,
2197 3860 2256 3909 et
2295 3852 2372 3911 ab
2408 3851 2536 3928 ipso
2577 3850 2789 3924 debita,
2833 3867 2952 3905 non

548 3925 739 4001 potuit
766 3926 895 3983 aliis
924 3927 1335 3986 communicari
1362 3927 1437 3985 ad
1464 3947 1662 3987 corum
1683 3929 2196 4005 justificationem;
2238 3930 2490 3989 maxime
2518 3949 2649 3989 cum
2690 3947 2810 3986 non
2847 3926 2948 3985 de-

550 4002 738 4059 buerit
766 4002 879 4059 alia
906 4022 1033 4061 esse
1071 4004 1327 4064 conditio
1364 4013 1740 4082 posterorum,
1770 4026 1944 4083 quam
1985 4006 2220 4084 Adami,
2250 4008 2350 4084 qui
2391 4007 2686 4067 mutabilis
2727 4024 2954 4081 semper

548 4080 675 4153 fuit,
706 4088 765 4137 et
791 4080 958 4155 cujus
984 4084 1431 4156 perseverantiae
1452 4091 1683 4141 ‚tantum
1711 4086 1992 4160 promissa
2019 4084 2128 4146 fuit
2147 4087 2488 4164 justificatio
2513 4095 2573 4145 et
2592 4085 2730 4143 vita.

629 4156 769 4215 XL.
813 4156 1098 4215 Caeterum
1137 4160 1287 4218 hanc
1328 4160 1401 4217 de
1441 4160 1820 4236 imputatione
1858 4166 2082 4240 peccati
2107 4164 2258 4224 Adae
2301 4165 2619 4224 doctrinam
2659 4170 2948 4239 receptam

548 4253 677 4294 esse
704 4234 765 4291 in
788 4234 1067 4293 Ecclesiis
1092 4238 1305 4295 nostris
1332 4236 1459 4295 fuse
1479 4236 1943 4301 demonstrarunt
1965 4243 2334 4302 celeberrimi
2355 4244 2485 4301 Viri
2513 4252 2570 4301 et
2591 4242 2663 4301 de
2686 4240 2952 4299 Ecclesia

547 4314 761 4390 optime
788 4313 978 4371 meriti
997 4314 1260 4372 Andreas
1282 4316 1525 4391 Rivctue,
1557 4318 1836 4394 singulari
1863 4328 2110 4379 tractatu
2137 4342 2311 4398 super
2337 4342 2406 4381 ea
2431 4321 2604 4395 edite,
2625 4321 2726 4379 ubi
2742 4320 2948 4395 probat

550 4393 943 4452 Protestantes
970 4410 1169 4449 omnes
1197 4392 1257 4450 in
1283 4394 1433 4451 hanc
1462 4394 1782 4455 doctrinam
1823 4400 2163 4474 consentire,
2195 4408 2254 4459 et
2293 4400 2569 4459 Antonius
2601 4397 2948 4458 Garasoeius

550 4470 846 4530 Professor
876 4468 1357 4546 Podiolaurensis,
1390 4473 1603 4533 eximio
1630 4475 1796 4549 libro,
1826 4496 1998 4552 quem
2025 4478 2100 4535 ad
2141 4478 2532 4537 defensionem
2571 4476 2806 4536 Decreti
2835 4476 2960 4551 Sy-.

548 4549 742 4608 nodici
782 4548 1123 4624 adornavit3
1186 4550 1269 4609 Ut
1309 4551 1403 4609 hic
1444 4572 1561 4611 non
1602 4574 1746 4629 opus
1787 4556 1864 4615 sit
1903 4556 1965 4613 in
2005 4576 2132 4615 eam
2172 4577 2294 4615 rem
2335 4576 2572 4635 operose
2619 4555 2946 4617 testimonia
