3300 5225
1218 388 1482 438 ORATIO
1518 391 1891 440 FUNEBRIS.
2586 401 2761 443 XXXV

336 550 848 627 Hoornbekium,
879 550 1362 617 eruditissimum
1406 554 1774 631 Hottomm,
1807 558 2198 638 πολύγλωπον
2234 553 2506 633 Goliam,
2540 558 2751 621 facun-

337 649 664 715 dissimum
687 650 1051 726 AEmilium,
1081 652 1356 732 aliosque
1382 652 1592 729 Viros,
1623 654 1903 717 dicamne
1935 654 2171 729 heroas,
2205 660 2253 715 ἐν
2286 662 2361 738 τῇ
2390 651 2439 715 τ’
2467 662 2749 741 ἀνθρωπίνῃ

341 757 446 810 καὶ
473 753 602 829 θείᾳ
638 758 798 830 σοφίᾳ
831 756 1172 828 πεντάθλους,
1209 750 1642 815 collabentium
1672 752 1993 816 literarum
2040 752 2507 830 instauratores,
2542 756 2747 818 erudi-

339 846 534 910 tionis
562 847 893 927 principes.
997 846 1251 911 Illorum
1283 849 1542 929 publicis
1576 850 1959 931 privatisque
1987 851 2156 931 pasci
2196 852 2419 915 avebat
2453 854 2745 931 sermoni-

339 944 478 1021 bus,
515 950 581 1009 et
609 944 1080 1010 contubernium
1113 966 1292 1010 omne
1323 948 1689 1013 eruditionis
1706 950 2080 1030 virtutisque
2108 970 2334 1031 expers
2354 948 2745 1016 solitudinem

337 1044 766 1123 appellitabat.
867 1044 1204 1124 Ultrajecti
1251 1066 1374 1108 non
1419 1047 1554 1110 sine
1599 1053 1857 1128 stupor-e
1888 1047 2047 1111 vidit
2079 1046 2411 1130 Virginum
2461 1050 2743 1114 doctissi-

337 1162 522 1217 mam,
576 1143 876 1210 decimam
927 1140 1270 1225 Musarum,
1321 1144 1606 1207 ultimum
1659 1146 1727 1207 in
1780 1148 1897 1210 hoc
1948 1166 2101 1209 sexu
2152 1154 2391 1211 naturae
2435 1157 2741 1225 conatum,

338 1240 612 1304 Annam
629 1242 926 1304 Mariam
953 1262 1002 1303 a
1020 1240 1403 1319 Schuman,
1423 1262 1536 1307 nec
1566 1245 1727 1308 satis
1758 1243 2048 1307 laudibus
2078 1247 2297 1309 efferre
2324 1252 2575 1326 poterat
2608 1248 2743 1327 ejus

340 1344 585 1401 vastum
617 1339 947 1420 ingenium,
969 1340 1362 1420 omniumque
1389 1360 1596 1405 rerum
1621 1362 1839 1424 capax,
1866 1362 1937 1406 ac
1966 1342 2269 1422 imprimis
2292 1343 2591 1424 pietatem
2621 1364 2744 1425 qua

337 1436 396 1501 si
424 1456 547 1499 non
573 1440 926 1517 superabat,
947 1439 1165 1502 saltem
1189 1441 1476 1518 aequabat
1496 1442 1738 1523 Laetae,
1763 1441 2159 1518 Eustochiae,
2180 1441 2439 1517 Furias,
2463 1439 2741 1521 Paulas,

335 1534 699 1618 Priscillae,
743 1535 979 1613 Pellae,
1016 1557 1274 1616 quarum
1303 1538 1685 1602 incredibilis
1713 1539 1859 1603 vitae
1898 1539 2195 1603 sanctitas
2223 1539 2554 1621 multijuga
2602 1562 2741 1605 eru-

335 1632 574 1697 ditione
603 1634 914 1711 decorata,
941 1634 1276 1699 Christiani
1310 1636 1579 1701 nominis
1607 1638 1925 1701 antistites
1952 1656 2265 1718 praecones
2296 1638 2541 1701 meruit.

437 1732 592 1797 CUM
623 1733 718 1795 ita
747 1733 1028 1815 Belgium
1077 1735 1535 1815 perlustrasset,
1565 1756 1929 1817 congressus
1968 1756 2110 1799 cum
2138 1736 2255 1813 his,
2292 1756 2444 1816 quos
2474 1736 2572 1800 vel
2602 1756 2743 1800 eru-

337 1830 499 1893 ditio
527 1830 624 1894 vel
653 1831 982 1912 integritas
1007 1852 1246 1896 morum
1275 1833 1638 1897 reddiderat
1664 1834 1956 1915 insignes,
1986 1841 2054 1898 et
2102 1834 2497 1914 undiquaque
2524 1835 2741 1898 nonni-

333 1928 423 1991 hil
453 1930 805 2009 decerpens,
818 1931 982 2009 quod
1012 1931 1091 1993 ad
1114 1930 1532 1995 Christianum
1561 1932 1919 1997 institutum
1946 1934 2151 1997 facere
2179 1933 2521 2009 videbatur,
2546 1933 2739 1997 Anno

333 2026 429 2088 45
467 2029 672 2091 tendit
697 2028 765 2091 in
799 2027 1064 2091 Galliam
1093 2050 1230 2109 quae
1279 2050 1522 2111 semper
1571 2030 1832 2095 eminuit
1863 2029 2229 2093 claritudine
2261 2031 2737 2111 Praeceptorum,

333 2131 404 2186 ut
437 2132 820 2206 agnoverunt
847 2127 1054 2206 Ιιηρρ.
1105 2127 1226 2208 ipsi
1279 2128 1535 2203 Valens,
1569 2129 1927 2191 Gratianus
1976 2136 2043 2191 et
2082 2129 2593 2204 Valentinianus,
2624 2148 2737 2191 nee

334 2242 604 2302 unquam
631 2224 980 2288 fortissimis
1013 2224 1168 2289 viris
1195 2232 1264 2289 et
1297 2225 1813 2305 eloquentissimis
1845 2225 2065 2301 caruit,
2103 2232 2177 2287 ut
2205 2232 2477 2288 testatur
2511 2224 2735 2289 Hiero-

337 2339 576 2400 nymus,
613 2322 716 2402 qui
747 2322 1108 2386 Galliarum·
1129 2322 1338 2386 studia
1385 2324 1820 2387 florentissima
1851 2324 2132 2386 vocabat.
2234 2322 2510 2385 Primum
2543 2322 2734 2386 Lute-

335 2418 490 2481 tiam
540 2420 797 2500 appnlit,
853 2422 1124 2502 Europae
1161 2422 1336 2503 quasi
1384 2422 1795 2502 metropolim,
1826 2440 2011 2501 quam
2045 2419 2413 2483 Franciscus
2463 2420 2518 2483 I.
2569 2421 2737 2485 inter

333 2515 692 2583 Provincias
727 2518 944 2583 Galliae
973 2522 1360 2602 numerabat,
1393 2527 1458 2583 et
1491 2540 1673 2601 quam
1709 2518 2189 2583 Academiarum
2222 2526 2483 2582 matrem
2514 2539 2735 2584 vocare

329 2616 571 2681 solebat
599 2618 869 2698 Lipsius.
972 2620 1051 2682 In
1072 2621 1188 2684 hac
1213 2619 1648 2684 florentissima
1670 2619 1843 2683 Urbe
1866 2619 2172 2700 degebant
2194 2617 2334 2681 Viri
2364 2619 2529 2682 omni
2553 2619 2734 2682 laude

329 2716 616 2798 majores,
647 2718 741 2780 rei
769 2718 1062 2781 literariae
1085 2719 1420 2795 antistites,
1439 2717 1669 2800 ingenii
1698 2707 2012 2793 miracula,
2032 2717 2396 2780 eruditionis
2419 2723 2729 2798 portenta,

331 2813 616 2880 Μ’ἱοήαὲῑ
641 2816 1003 2890 Εαῐσανὶαε,
1033 2817 1368 2881 «Iohannes
1415 2819 1859 2892 Mestrezatus,
1914 2815 2191 2879 Carolus
2236 2816 2729 2890 Drelincurtz‘us,

325 2914 660 2978 «Iohannes
692 2913 1006 2990 Dalloem,
1042 2915 1428 2980 Edmundus
1465 2915 1863 2990 Albertinua,
1899 2914 2119 2979 David
2149 2913 2550 2989 Blondellus,
2585 2933 2725 2994 quo-

321 3031 462 3074 rum
487 3012 768 3094 ingentia
797 3012 1022 3076 merita

1520 3203 1663 3261 Non
1685 3211 1921 3262 ventura
1945 3203 2181 3262 silebunt

835 3286 1069 3360 Lustra,
1099 3303 1200 3344 nec
1223 3285 1418 3361 ignota
1441 3285 1630 3360 rapiet
1653 3284 1755 3344 sub
1780 3285 1921 3346 nube
1944 3292 2203 3344 venetae.

315 3466 832 3534 Commorabatur
859 3475 1074 3533 noster
1102 3469 1508 3534 Tur-rettinus
1539 3469 1605 3530 iu
1635 3468 1873 3532 aedibus
1899 3467 2112 3550 Magni
2135 3467 2399 3544 Dalzaei,
2432 3469 2596 3548 quod
2617 3489 2725 3532 no·-

319 3586 460 3630 men
495 3567 736 3647 quoties
768 3569 1031 3649 profero,
1061 3588 1316 3632 cernere
1346 3567 1499 3630 mihi
1534 3566 1745 3628 videor
1794 3573 2213 3647 assurgentem
2262 3573 2461 3628 totam
2493 3566 2726 3628 Docto-

319 3685 456 3728 rum
489 3673 819 3728 catervam.
922 3666 1100 3730 Illius
1133 3666 1354 3730 summi
1388 3663 1533 3725 Viri
1567 3683 1854 3738 amorem,
1888 3671 1963 3724 ut
1996 3669 2062 3724 et
2095 3661 2375 3736 aliorum,
2411 3661 2529 3724 sibi
2560 3681 2722 3724 com-

319 3761 585 3840 paravit.
686 3762 1080 3828 Mirabantur
1111 3783 1325 3827 omues
1358 3761 1425 3824 in
1457 3762 1574 3822 hoc
1598 3759 1815 3837 juveni
1842 3757 2001 3820 Viro
2029 3777 2165 3820 eam
2196 3757 2387 3822 animi
2416 3757 2722 3840 magnitu-

321 3857 549 3933 dinem,
581 3880 688 3924 eos
721 3860 1024 3935 stimuloS,
1059 3867 1126 3924 et
1149 3858 1374 3940 judicii
1393 3855 1825 3934 memoriaeque
1844 3855 2245 3932 foelicitatem,
2272 3855 2513 3936 aliaque
2532 3855 2723 3924 animi

320 3959 488 4020 bona
519 3977 657 4019 cum
689 3957 1028 4021 sanctitate
1056 3977 1292 4020 morum
1329 3961 1395 4020 et
1431 3961 1686 4038 εὐκρασίᾳ
1716 3954 2067 4034 conjuncta.
2192 3953 2259 4018 N
2260 3974 2340 4018 on
2371 3961 2613 4018 tantum
2652 3955 2721 4022 in

319 4057 440 4120 hac
491 4061 755 4136 augusta
806 4061 874 4117 et
923 4055 1168 4136 potenti
1201 4054 1376 4119 Urbe
1405 4052 1755 4134 Theologiae
1784 4055 2061 4130 vacabat,
2097 4053 2205 4120 sed
2255 4065 2321 4120 et
2378 4055 2493 4118 sub
2546 4053 2721 4118 Petri

319 4154 637 4218 G'assendi
668 4151 979 4232 auspiciis,
1012 4153 1282 4236 Sphaerae
1312 4159 1380 4218 et
1412 4151 1905 4235 Cosmographiae
1940 4171 2189 4219 cursum
2217 4152 2505 4234 absolvit,
2536 4171 2610 4218 ac
2638 4173 2719 4218 ex

313 4260 494 4317 tanto
524 4251 900 4334 Philosopho
930 4251 1260 4330 intellexit,

760 4445 952 4512 Quam
976 4442 1156 4503 varice
1181 4443 1379 4504 mundi
1391 4451 1608 4526 partes,
1637 4463 1750 4522 quo
1776 4441 1989 4500 semina
2013 4461 2209 4502 rerum

754 4527 994 4583 Foedere
1021 4523 1350 4582 conveniant
1374 4523 1675 4600 dzkcordia,
1708 4521 1845 4581 lucis
1872 4531 1926 4580 et
1948 4525 2159 4581 umbrat

757 4607 1043 4681 Tempora
1070 4605 1192 4681 quis
1219 4612 1400 4661 motus
1424 4613 1602 4681 regat,
1634 4611 1825 4662 oestum
1838 4603 2067 4680 frigore
2092 4609 2277 4677 mutet,

757 4687 1033 4746 Obucuret
1051 4685 1202 4747 ‚Sola
1223 4685 1438 4744 vultum
1462 4686 1751 4762 Lwnaeqwe
1778 4683 2028 4743 terebris.
