3300 5225
640 282 756 341 516
1422 306 1427 311 ·
1558 296 1743 339 mous
1771 293 2060 339 ocnvus.
2701 274 2971 357 [QoAEsr.
3001 296 3072 337 11.

638 440 700 497 in
730 436 1022 497 Christum
1049 444 1139 495 est
1164 456 1298 515 pars
1324 445 1385 497 et
1410 437 1647 515 species,
1678 458 1808 515 quse
1837 436 2161 496 continetur
2187 433 2296 493 sub
2323 434 2557 494 notione
2599 437 2862 513 generali
2903 437 3066 497 fidei.

642 518 957 594 Accepisse
1002 525 1193 576 autem
1232 518 1387 576 vires
1414 517 1688 576 credendi
1714 518 1872 575 omni
1899 517 2012 575 Dei
2040 515 2254 588 Verb0,
2285 522 2444 591 patet
2470 536 2546 573 ex
2571 515 2930 593 perfectione
2959 537 3062 575 na-

640 606 801 673 turae,
823 598 884 655 in
912 616 1027 672 qua
1043 597 1311 656 conditus
1338 604 1455 656 est:
1498 598 1648 655 Nam
1668 597 1769 673 qui
1796 595 2046 673 perfecte
2075 601 2308 653 sanctus
2335 603 2441 670 est,
2463 595 2854 654 omnimodam
2879 596 3062 655 fidem

640 686 699 736 et
726 676 1113 736 obedientiam
1164 677 1291 734 Deo
1336 686 1609 753 praestare
1637 684 1881 749 tenetur,
1913 676 2057 733 alias
2084 673 2344 733 defectus
2371 674 2581 751 aliquis
2607 675 2670 732 in
2696 696 2768 733 eo
2801 675 3060 751 daretur,

641 756 779 833 quia
806 757 890 815 sic
918 775 1035 814 non
1062 755 1349 814 credendo
1380 756 1491 814 Dei
1533 756 1732 814 Verbo
1762 774 1824 814 se
1865 753 2174 829 infidelem,
2211 772 2394 829 eoque
2434 773 2554 811 non
2580 754 2890 831 integrum,
2923 776 3058 833 pro-

639 837 854 895 basset.
939 836 1165 893 Deinde
1209 836 1261 894 si
1306 855 1423 893 non
1465 836 1751 913 potuisset
1776 833 2025 909 credere,
2071 833 2134 891 id
2175 832 2307 891 ideo
2347 833 2563 892 factum
2591 843 2762 909 esset,
2791 835 2889 893 vel
2917 835 3061 911 qnia

638 916 968 975 intellectus
995 915 1189 992 aliquo
1217 934 1406 973 errore
1435 916 1784 990 excoecatus,
1804 923 1863 974 et
1879 914 2150 971 voluntas
2177 912 2370 988 aliqua
2395 913 2710 972 rebellione
2735 914 3060 991 praepedita

638 995 882 1054 fuisset:
930 995 1046 1055 Sed
1073 1002 1340 1053 neutrum
1368 993 1484 1053 dici
1522 1001 1715 1071 potest
1755 994 1827 1052 de
1866 993 2100 1052 homine
2129 1000 2346 1069 sanct0,
2391 1001 2450 1052 et
2497 992 2572 1051 ad
2597 993 2910 1071 imaginem
2941 995 3056 1053 Dei

640 1075 891 1134 condito.
993 1075 1235 1133 Frustra
1287 1074 1561 1133 Corvinus
1604 1082 1922 1151 argutatur,
1969 1072 2264 1131 Adamum
2309 1072 2463 1131 vires
2503 1070 2737 1150 quidem
2779 1074 3056 1133 credendi

642 1155 798 1213 omni
844 1154 957 1213 Dei
1004 1155 1204 1213 Verbo
1252 1154 1508 1212 revelato
1534 1153 1825 1229 habuisse,
1857 1152 1961 1211 sed
1988 1152 2143 1229 quod
2171 1152 2483 1228 pertineret
2509 1151 2585 1210 ad
2623 1152 2815 1211 foedus
2841 1154 3048 1230 leg-ale,

637 1254 755 1292 non
800 1254 939 1293 vero
983 1233 1057 1291 ad
1104 1234 1294 1292 foedus
1324 1234 1760 1310 Evangelicum,
1807 1233 1944 1309 quia
1984 1232 2094 1290 hoc
2143 1231 2362 1289 homini
2389 1231 2614 1308 integro
2643 1232 2906 1291 absolute
2933 1253 3050 1291 non

638 1314 747 1372 fuit
775 1313 1049 1372 credibile
1092 1314 1215 1371 sine
1244 1312 1714 1372 contradictione.
1800 1313 1873 1371 R.
1921 1310 2070 1384 Quia
2109 1311 2247 1369 licet
2294 1310 2554 1369 Verbum
2595 1311 2904 1389 Evangelii
2931 1332 3046 1371 non

636 1393 810 1451 fuerit
836 1392 1128 1468 credibile,
1178 1400 1245 1452 ut
1270 1392 1658 1451 necessarium
1701 1398 1761 1450 et
1803 1392 2054 1450 salutare
2079 1410 2184 1467 pro
2213 1398 2366 1464 tunc,
2417 1390 2497 1449 id.
2538 1391 2602 1449 in
2629 1399 2784 1449 statu
2811 1391 3046 1469 integri-

636 1473 793 1548 tatis,
822 1472 1011 1549 potuit
1036 1480 1231 1530 tamen
1258 1491 1385 1530 esse
1412 1471 1692 1530 credibile
1716 1480 1980 1548 respectu
2008 1470 2282 1547 temporis
2309 1469 2503 1544 futuri,
2534 1470 2692 1546 quod
2719 1479 3048 1529 secuturum

638 1560 791 1610 esset
838 1552 967 1628 ejus
1008 1550 1254 1628 lapsum,
1302 1551 1354 1609 si
1399 1551 1559 1609 Deus
1600 1550 1688 1607 illi
1716 1570 1848 1609 eum
1875 1550 2224 1625 revelasset;
2269 1556 2334 1607 ut
2365 1548 2537 1607 Petro
2565 1549 2859 1609 revelatus
2885 1560 2976 1609 est
3011 1571 3048 1609 a

638 1631 868 1689 Christo
910 1630 1109 1706 lapsus
1157 1631 1301 1707 ejuS,
1342 1637 1400 1688 et
1426 1637 1559 1706 post
1586 1629 1814 1705 lapsum
1840 1628 2199 1688 resurrectiO.
2284 1627 2510 1687 Deinde
2539 1628 2589 1686 si
2617 1629 2890 1688 credibile
2929 1650 3048 1687 non

632 1708 744 1767 fuit
772 1709 1159 1785 Evangelium
1178 1728 1283 1785 pro
1312 1716 1466 1767 statu
1492 1707 1860 1786 integritatis,
1888 1707 2002 1767 hoc
2029 1727 2146 1767 non
2173 1706 2462 1767 oriebatur
2487 1726 2562 1765 ex
2590 1707 2821 1767 defectu
2845 1718 3047 1787 poten-

634 1788 751 1855 tiae,
784 1787 888 1847 sed
914 1795 1139 1846 tantum
1166 1787 1538 1847 revelationis
1566 1787 1800 1865 objecti.

718 1868 829 1925 IV.
873 1871 930 1927 2.
962 1866 1113 1942 Quia
1152 1875 1285 1926 ante
1311 1868 1539 1945 lapsum
1566 1866 1772 1927 habuit
1795 1866 2113 1945 potentiam
2143 1865 2374 1925 amandi
2401 1867 2609 1941 Deum,
2641 1866 2809 1943 eique
2835 1867 2900 1925 in
2926 1888 3050 1927 om·

634 1946 807 2006 nibus
835 1946 1225 2023 obsequendi;
1270 1946 1471 2005 Amor·
1496 1947 1649 2006 enim
1687 1946 1861 2005 fidem
1909 1946 2198 2023 supponit,
2229 1966 2359 2023 quae
2385 1966 2519 2023 pars
2547 1954 2638 2005 est
2663 1946 3052 2025 obedientiae;

636 2026 787 2085 Nam
815 2027 915 2103 qui
935 2026 1177 2103 jubetur
1202 2046 1278 2085 ex
1307 2026 1467 2103 Lege
1509 2046 1702 2085 amare
1735 2027 1940 2101 Deum,
1989 2034 2047 2085 et
2075 2025 2130 2083 ei
2156 2025 2568 2103 obtemperare,
2604 2026 2846 2104 jubetur
2871 2028 3052 2087 etiam

634 2106 689 2165 ei
716 2106 949 2165 credere
991 2105 1269 2183 loquenti.
1354 2106 1476 2165 Nec
1518 2107 1678 2165 valet
1704 2106 1860 2182 quod
1887 2104 2188 2181 excipitur,
2238 2106 2413 2163 aliam
2439 2108 2567 2164 ess'e
2587 2106 2906 2183 potentiam
2932 2126 3054 2185 qua

637 2187 765 2245 Deo
793 2185 1061 2261 creditur,
1086 2186 1261 2243 aliam
1288 2205 1405 2263 qua
1432 2184 1679 2263 Christo,
1711 2186 1848 2262 quia
1870 2185 2130 2243 Verbum
2160 2185 2338 2262 Legis
2366 2193 2426 2243 et
2455 2184 2764 2261 Evangelii
2790 2194 2916 2245 toto
2943 2208 3051 2265 ge·-

632 2285 770 2324 nere
800 2273 935 2324 sunt
964 2265 1265 2342 opposita3
1310 2272 1370 2324 et
1396 2264 1457 2323 in
1487 2264 1646 2343 Lege
1675 2265 2010 2323 mandatum
2037 2284 2165 2323 esse
2202 2264 2454 2341 quidem,
2493 2272 2562 2323 ut
2589 2265 2780 2324 Deum
2805 2277 3050 2343 amaret,

633 2352 693 2404 et
718 2346 777 2403 ei
803 2345 1230 2422 obsequeretur,
1264 2344 1367 2403 sed
1392 2352 1617 2403 tantum
1646 2364 1751 2422 pro
1779 2344 2000 2403 ratione
2043 2351 2244 2419 status,
2295 2344 2356 2401 in
2383 2363 2500 2421 quo
2547 2363 2651 2421 per
2697 2346 3056 2405 creationem

633 2425 980 2483 constitutus
1002 2431 1141 2497 erat,
1172 2431 1239 2483 ut
1267 2424 1595 2483 Creator‘em
1624 2444 1792 2483 suum
1821 2425 2052 2497 coleret,
2090 2443 2208 2482 non
2235 2423 2298 2480 in
2324 2443 2440 2499 quo
2466 2442 2570 2501 per
2594 2422 3054 2501 redemptionem

631 2504 743 2562 fuit
768 2503 1175 2578 restituendus,
1204 2512 1272 2563 ut
1297 2505 1358 2560 in
1386 2522 1517 2561 eum
1546 2503 1820 2563 crederet.
1905 2503 2056 2577 Quia
2079 2502 2217 2561 licet
2245 2503 2436 2579 quoad
2461 2502 2766 2562 formulam
2792 2506 3054 2582 peculia·-

630 2602 753 2642 rem
781 2581 1048 2642 differant
1074 2583 1225 2642 inter
1252 2602 1313 2642 se
1343 2583 1472 2643 Lex
1499 2592 1558 2643 et
1586 2582 2011 2660 Evangelium;
2055 2582 2410 2642 conveniunt
2447 2590 2643 2643 tamen
2666 2583 2730 2642 in
2757 2603 2843 2661 ee,
2885 2585 3055 2662 quod

632 2663 749 2723 sint
774 2683 851 2722 ex
872 2683 1039 2740 aequo
1059 2663 1321 2722 Verbum
1340 2663 1469 2739 Dei,
1501 2672 1675 2740 atque
1703 2663 1847 2722 adeo
1874 2662 2012 2721 fidei
2036 2670 2248 2721 nostrae
2276 2663 2585 2740 objectum,
2615 2671 2675 2722 et
2701 2664 3054 2724 obedientiae

631 2761 850 2803 norma.
896 2742 1069 2804 Unde
1096 2743 1198 2820 qui
1224 2751 1454 2802 tenetur
1480 2743 1714 2802 credere
1744 2743 1870 2802 Deo
1897 2742 2158 2818 loquenti
2186 2743 2246 2799 in
2276 2741 2452 2820 Lege,
2497 2751 2556 2802 et
2583 2743 2738 2802 vires
2762 2744 2940 2804 habet
2967 2746 3052 2803 ad

631 2823 695 2882 id
722 2822 1085 2897 sufficienteS,
1116 2831 1314 2900 posset
1340 2822 1513 2880 etiam
1555 2830 1615 2881 et
1655 2822 1891 2881 deberet
1932 2821 2164 2880 credere
2193 2822 2534 2900 Evangelio,
2567 2822 2617 2880 si
2643 2821 2732 2881 illi
2757 2824 3049 2882 revelare-

630 2909 743 2960 tur.
828 2902 952 2960 Nec
978 2902 1164 2978 major
1204 2901 1429 2978 concipi
1456 2909 1648 2977 potest
1689 2920 1850 2959 amor
1876 2901 1973 2960 vel
1999 2900 2340 2978 obsequium
2381 2921 2450 2960 eo
2479 2901 2636 2978 quod
2661 2902 2724 2960 in
2752 2903 2910 2980 Lege
2939 2923 3050 2962 no-

630 2981 723 3040 bis
787 2981 923 3038 raeci
962 2980 1095 3038 itur.

616 3106 624 3113 ,
714 3001 788 3118 ὁ)
834 3001 1047 3133 Tei’tio,
1080 3057 1300 3136 Angeli
1326 3059 1538 3136 integri
1585 3079 1662 3120 ex
1701 3059 2054 3120 revelatione
2098 3061 2211 3120 Dei
2251 3067 2650 3137 cognoverunt
2691 3059 3048 3140 Redempto-

630 3159 753 3197 rcm
780 3137 1126 3215 promissum
1148 3158 1253 3197 suo
1274 3146 1529 3216 tempore
1558 3139 1968 3216 exhibendum,
1991 3149 2052 3200 et
2077 3160 2146 3198 eo
2175 3140 2364 3217 gavisi
2387 3149 2536 3216 sunt,
2566 3143 2595 3198 1
2624 3141 2750 3200 Pet.
2774 3142 2812 3199 i.
2833 3144 2926 3217 ll,
2945 3145 3044 3218 12,

630 3226 690 3277 et
718 3217 870 3296 Eph.
899 3217 981 3276 iii.
1015 3220 1108 3276 10.
1193 3218 1353 3295 Ergo
1392 3220 1565 3278 homo
1613 3220 1677 3278 in
1717 3228 1874 3278 statu
1900 3220 2250 3296 integritatis
2275 3220 2560 3296 potuisset
2585 3237 2660 3278 ex
2688 3221 3044 3280 revelatione

633 3297 747 3356 Dei
772 3315 1119 3374 cognoscere
1146 3296 1402 3357 futurum
1434 3299 1880 3377 Redemptor-em
1921 3318 1957 3357 a
1995 3300 2180 3376 lapsu,
2223 3307 2284 3358 et
2309 3299 2372 3356 in
2397 3299 2588 3376 ipsum
2615 3300 2880 3377 credere3
2925 3301 3041 3360 Ea-

629 3376 763 3437 dem
792 3377 944 3436 cnim
972 3385 1061 3436 est
1087 3377 1393 3455 utrobique
1419 3379 1584 3439 ratio,

711 3458 823 3516 VI.
869 3457 1103 3534 Quane,
1135 3459 1277 3533 Quae
1318 3468 1409 3518 est
1448 3459 1595 3518 ratio
1634 3456 2059 3532 misericordiae,
2091 3457 2461 3535 poenitentiae,
2493 3465 2552 3517 et
2587 3456 2829 3518 aliarum
2855 3458 3038 3520 virtu-

628 3546 751 3598 tum
780 3537 842 3595 in
870 3546 1025 3596 statu
1051 3537 1417 3615 integritatis,
1462 3538 1664 3598 eadem
1691 3547 1753 3597 et
1776 3537 1912 3597 fidei
1940 3537 2002 3595 in
2031 3537 2493 3615 Redemptorem,
2537 3537 2675 3615 quia
2701 3538 2816 3597 illae
2841 3548 3038 3598 actua-

628 3618 763 3678 liter
788 3626 1055 3696 acceptae,
1096 3637 1215 3676 non
1241 3619 1432 3677 minus
1458 3625 1784 3696 repugnant
1811 3617 1988 3678 statui
2012 3617 2378 3694 integritati&
2430 3637 2604 3695 quam
2631 3618 2776 3676 fides
2815 3619 2876 3677 in
2923 3620 3036 3678 Re-

630 3697 1020 3774 demptorem;
1065 3695 1151 3756 At
1194 3717 1364 3758 nemo
1406 3717 1619 3776 negare
1664 3705 1856 3775 potest
1901 3697 2192 3756 hominem
2239 3697 2529 3774 integrum
2576 3697 2834 3774 potuisse
2887 3699 3037 3758 affici

629 3774 1022 3835 misericordia
1049 3784 1109 3834 et
1134 3776 1487 3853 poenitentia,
1520 3778 1569 3836 si
1598 3779 1891 3855 objectum
1917 3776 2216 3853 utriusque
2242 3776 2332 3834 illi
2358 3776 2616 3835 oblatum
2644 3776 2864 3837 fuisset.
2929 3779 3035 3837 Er-

632 3873 707 3930 go
736 3863 797 3913 et
820 3855 1010 3932 potuit
1036 3855 1247 3914 habere
1273 3856 1447 3916 fidem
1473 3857 1535 3915 in
1565 3857 1874 3931 Christum,
1907 3856 1955 3914 si
1983 3856 2070 3913 illi
2096 3855 2440 3933 praedicatus
2463 3855 2688 3916 fuisset.

1236 3935 1386 3995 VII.
1431 3936 1485 3994 N
1488 3956 1563 3994 on
1608 3936 1741 3994 ideo
1769 3935 2016 3994 dicenda
2063 3934 2386 3994 frustranea
2431 3936 2535 3995 illa
2577 3936 2853 4013 potentia,
2907 3957 3037 4016 quse

1153 4033 1271 4073 non
1298 4024 1565 4074 versatur
1590 4015 1744 4072 circa
1772 4014 2019 4090 speciale
2042 4014 2279 4092 aliquod
2305 4014 2597 4092 objectum
2625 4015 2702 4074 ad
2728 4016 2886 4076 illius
2915 4037 3034 4075 am—

720 4137 727 4144 ,
1153 4094 1340 4152 bitum
1366 4093 1686 4171 pertinens,
1710 4093 1848 4170 quia
1863 4102 2056 4170 potest
2070 4095 2282 4154 habere
2304 4094 2420 4153 alia
2437 4095 2606 4172 plura
2627 4094 2857 4173 objecta
2884 4098 3039 4156 circa

632 4193 763 4251 quae
790 4180 1119 4249 occupatur,
1150 4182 1209 4231 et
1236 4173 1390 4230 vires
1431 4191 1549 4232 non
1588 4192 1816 4250 semper
1841 4173 2040 4233 insunt
2066 4183 2284 4234 naturae
2311 4183 2546 4252 propter
2571 4175 2912 4235 exercitium
2939 4197 3036 4235 ac-

632 4261 745 4330 tus,
792 4251 899 4311 sed
942 4271 1095 4329 saepe
1134 4259 1369 4328 propter
1409 4251 1818 4329 perfectionem
1859 4262 2114 4330 naturae3
2176 4254 2259 4313 Ut
2301 4255 2490 4314 virtus
2528 4254 2937 4315 misericordiae
2977 4264 3039 4315 et

632 4331 929 4392 charitatis
970 4350 1087 4389 non
1114 4330 1225 4389 fuit
1266 4331 1489 4390 inutilis
1528 4332 1589 4390 in
1618 4331 1851 4392 Adamo
1891 4333 2136 4410 integro,
2168 4333 2308 4392 dum
2351 4333 2499 4393 nulli
2539 4343 2704 4393 erant
2742 4335 2938 4394 miseri
2977 4345 3038 4395 et

630 4413 819 4493 egeni,
850 4411 987 4489 quia
1015 4409 1307 4469 Adamnm
1336 4411 1687 4488 perficiebat.
1753 4414 1847 4472 Ita
1875 4413 2131 4490 potentia
2157 4413 2430 4472 credendi
2455 4433 2573 4472 non
2599 4413 2710 4472 fuit
2737 4414 2952 4474 frustra
2975 4416 3038 4473 in

631 4495 883 4568 Adamo,
914 4491 1051 4550 licet
1091 4491 1243 4548 circa
1284 4499 1505 4550 certum
1546 4493 1782 4570 aliquod
1828 4492 2120 4570 objectum
2161 4513 2287 4552 sese
2329 4512 2599 4553 exercere
2639 4513 2756 4552 non
2784 4495 3040 4572 potuerit

630 4583 864 4652 propter
906 4571 1226 4632 absentiam
1274 4570 1505 4650 objecti,
1536 4573 1676 4649 quia
1716 4573 1870 4632 circa
1915 4572 2081 4650 plura
2123 4592 2184 4632 se
2225 4573 2549 4650 occupavit.
2633 4573 2783 4633 Tum
2825 4574 3038 4634 dicitur

711 3997 893 4042 Fontes
916 3996 1052 4043 Solu-

769 4055 977 4100 tionum.
