3300 5225
387 379 611 432 Quzesr.
641 363 732 446 v.]
1229 386 1308 426 m:
1338 385 1624 427 onear-ms
1654 349 1933 442 nuifare.
2682 367 2791 425 291

383 522 544 584 necis
571 525 800 604 proprie
844 525 906 582 in
945 543 1078 584 eum
1120 527 1394 606 competit
1408 531 1438 586 ἲ
1479 527 1622 602 Quae
1660 527 1742 586 ita
1770 528 2039 586 dicuntur
2067 525 2387 604 Apostolis,
2430 532 2497 585 ut
2536 525 2613 584 ad
2652 527 2797 585 alios

383 605 558 664 etiam
601 605 941 682 pertineant,
973 605 1112 682 quia
1137 617 1204 668 ut
1243 608 1578 666 mandatum
1605 627 1909 666 commune
1936 614 2043 683 est,
2073 606 2397 666 communis
2422 607 2595 665 etiam
2624 605 2798 666 debet

381 704 510 744 esse
551 684 858 762 promissio
899 693 1100 744 contra
1138 688 1394 764 pericula
1433 688 1899 766 persecutionum
1943 696 2003 746 et
2043 687 2261 763 mortis,
2303 695 2363 746 et
2392 695 2794 763 argumentum

381 764 810 902 {onsolationis
821 765 1052 826 ducitur
1079 785 1116 824 a
1144 767 1258 826 Dei
1295 767 1663 846 providentia
1702 787 1819 826 non
1859 767 2091 846 propria
2118 763 2437 844 Apostolis,
2471 767 2572 824 sed
2610 766 2792 824 omni·

423 865 496 904 us
524 865 832 904 commum.

687 991 697 1003 ο
757 991 767 1002 ,
987 925 1107 985 ΙΧ.
1173 925 1409 1002 Quinto,
1467 927 1606 986 vitae
1660 927 1939 986 terminus
1993 925 2326 1003 praedicitur
2378 925 2791 1004 infallibiliter3

377 989 424 1038 5·
452 989 864 1094 Exnpgfficnono
909 1005 1068 1082 Ergo
1109 1007 1426 1084 praefinitur
1463 1006 1914 1081 immutabiliter,
1956 1007 2093 1084 quia
2134 1026 2251 1065 non
2289 1007 2403 1064 alia
2438 1014 2631 1083 potest
2667 1005 2792 1064 dari

704 1087 715 1100 ‘
901 1085 1294 1162 praedictionis
1355 1086 1719 1145 certitudinis
1772 1105 1979 1162 causa;
2048 1094 2209 1164 patet
2262 1086 2529 1162 exemplo
2583 1086 2791 1144 diluvii

377 1164 550 1242 primi
589 1163 808 1239 mundi,
853 1165 946 1224 cui
987 1165 1330 1241 praefinitum
1367 1166 1478 1224 fuit
1513 1175 1745 1244 tempus
1776 1168 1891 1224 120
1917 1185 2215 1242 annorum,
2247 1167 2396 1225 Gen.
2426 1165 2537 1242 vi.;
2584 1165 2787 1242 Mosis,

383 1246 558 1304 Dent.
587 1245 755 1304 xxxi.
785 1247 892 1320 143
927 1244 1174 1304 Infantis
1204 1245 1465 1320 Davidis‚
1497 1250 1534 1304 2
1569 1247 1723 1306 Sam.
1753 1246 1856 1305 xii.
1885 1249 1993 1323 143
2032 1246 2169 1304 Filii
2197 1246 2239 1304 J
2242 1245 2550 1322 eroboami,
2580 1247 2610 1304 l
2638 1245 2786 1322 Reg.

377 1325 499 1384 xiv.
561 1329 668 1402 123
740 1324 1017 1383 Achaziae
1075 1325 1257 1403 Regis
1315 1325 1516 1402 Israel,
1579 1331 1618 1384 2
1662 1327 1811 1403 Reg.
1864 1327 1903 1384 i.
1962 1329 2001 1384 4
2025 1349 2040 1402 3
2113 1325 2288 1401 Petri,
2328 1325 2461 1384 Joa.
2502 1326 2625 1384 xxi.
2674 1327 2783 1402 183

381 1405 596 1464 Christi
629 1403 970 1478 Set-vetoris,
1003 1405 1168 1480 ouJus
1195 1425 1352 1464 mors
1384 1405 1731 1481 praedicitur,
1776 1425 1895 1464 non
1934 1405 2108 1464 modo
2135 1405 2327 1482 quoad
2355 1424 2539 1482 genus
2564 1405 2784 1480 mortis,

380 1484 524 1543 Luc.
555 1484 720 1543 xviii.
753 1487 848 1560 32,
879 1485 1014 1543 Joa.
1046 1485 1149 1543 xii.
1180 1487 1294 1560 333
1339 1484 1444 1543 sed
1484 1485 1659 1544 etiam
1697 1485 1889 1562 quoad
1931 1487 2130 1543 horam
2158 1493 2217 1543 et
2243 1492 2488 1562 tempus,
2520 1485 2562 1544 J
2567 1505 2654 1543 oa.
2684 1485 2785 1543 vii.

375 1566 473 1640 30,
503 1573 564 1624 et
591 1565 715 1624 xiii.
750 1567 802 1639 1,
834 1573 894 1624 et
929 1563 1073 1622 xvii.
1108 1568 1177 1640 13
1224 1565 1506 1623 Filiorum
1543 1565 1699 1641 Heli,
1736 1568 1766 1623 1
1809 1565 1962 1623 Sam.
1992 1565 2052 1623 ii.
2084 1567 2198 1640 343
2251 1564 2645 1624 Israelitarum
2684 1563 2787 1641 qui

375 1653 538 1722 peste
566 1644 843 1721 percussi,
873 1648 910 1702 2
943 1645 1099 1704 Sam.
1131 1646 1294 1704 xxiv.
1331 1647 1422 1704 15.
1465 1645 1568 1704 ubi
1595 1653 1793 1704 exerte
1822 1645 2035 1703 dicitur
2060 1653 2281 1722 pestem
2307 1644 2369 1701 in
2396 1643 2531 1704 illos
2557 1663 2783 1722 grassa-

375 1734 495 1782 tam
539 1743 668 1783 esse
723 1743 908 1801 usque
952 1723 1026 1782 ad
1073 1745 1190 1783 wa
1229 1745 1296 1786 nr
1339 1725 1417 1782 id.
1461 1734 1675 1801 tempus
1714 1726 2063 1784 constituam*
2080 1749 2105 1797 ,·
2144 1724 2489 1800 Belzazaris,
2532 1725 2682 1782 Dan.
2726 1743 2785 1783 v.

375 1807 474 1879 25,
505 1807 602 1879 26,
629 1802 768 1880 &c.;
801 1803 1032 1862 Achabi
1052 1812 1112 1862 et
1138 1802 1447 1878 Jezebelis,
1477 1808 1507 1862 1
1537 1806 1684 1882 Reg.
1707 1806 1831 1864 xxi.
1854 1809 1950 1878 22,
1976 1807 2072 1864 23.
2138 1805 2283 1862 Cum
2310 1803 2491 1881 igitur
2509 1803 2787 1882 quicquid

372 1885 674 1961 praescitur
715 1903 750 1942 a
779 1884 922 1959 Deo,
970 1883 1182 1942 habeat
1225 1883 1622 1943 futuritionem
1668 1903 1829 1942 suam
1875 1884 2171 1942 definitam
2216 1892 2275 1943 et
2318 1883 2680 1944 infallibilem
2709 1903 2784 1942 ex

371 1963 611 2022 definito
640 1963 882 2022 consilio
901 1972 962 2022 et
979 1962 1430 2040 praecognitione
1455 1964 1582 2039 Dei,
1609 1963 1745 2022 Act.
1774 1965 1835 2022 ii.
1858 1967 1954 2040 23,
1978 1973 2097 2024 tam
2118 1983 2353 2024 necesse
2375 1973 2465 2023 est
2483 1964 2785 2023 definitum

370 2061 500 2102 esse
529 2063 564 2101 a
593 2044 720 2102 Deo
759 2042 1013 2117 modum,
1043 2051 1104 2100 et
1139 2041 1294 2099 diem
1333 2043 1536 2102 mortis
1577 2043 1953 2120 singulorum,
1998 2063 2169 2120 quam
2215 2051 2521 2120 utrumque
2562 2044 2639 2101 ab
2682 2043 2785 2101 illo

374 2131 532 2181 certo
560 2133 620 2181 et
647 2122 1027 2181 infallibiliter
1049 2120 1321 2198 praesciri.
1407 2122 1462 2180 N
1464 2141 1558 2180 am
1585 2123 1805 2199 fingere
1832 2123 2053 2200 aliquid
2094 2122 2390 2182 indefinite
2416 2132 2477 2182 et
2504 2121 2783 2181 conditio·-

372 2212 508 2261 nate
540 2202 870 2280 praescitum
897 2221 934 2260 a
962 2203 1107 2276 Deo,
1137 2208 1206 2280 ut
1231 2200 1452 2260 vellent
1479 2201 1837 2278 Adversarii,
1870 2211 1959 2260 est
1984 2201 2176 2260 dicere
2205 2197 2491 2260 uteba-ram

462 2282 546 2340 X.
595 2283 792 2357 Sexto,
823 2281 1026 2340 mortis
1055 2299 1240 2358 genus
1267 2281 1426 2357 quod
1451 2281 1705 2340 maxime
1732 2282 1965 2340 casuale
1990 2289 2049 2340 et
2076 2281 2375 2340 fortuitum
2401 2281 2649 2356 videtur,
2682 2281 2781 2339 de-

371 2362 600 2421 finitum
639 2370 732 2422 est
771 2361 1118 2420 immutabili
1147 2359 1260 2420 Dei
1301 2359 1566 2438 decreto3
1627 2363 1789 2438 Ergo
1825 2362 2011 2420 multo
2030 2362 2239 2437 .magis
2280 2361 2581 2442 quodlibet
2622 2361 2781 2419 aliud

375 2443 580 2501 mortis
609 2458 812 2518 genus.
897 2441 1068 2500 Patet
1095 2441 1156 2498 in
1182 2439 1496 2500 homicidio
1523 2442 1760 2517 casuali,
1792 2441 1865 2500 de
1894 2461 2025 2518 quo,
2060 2439 2251 2499 Exod.
2280 2440 2405 2500 xxi.
2441 2444 2532 2516 13,
2568 2443 2659 2516 14,
2692 2440 2777 2498 di-

375 2522 544 2596 citur,
575 2521 734 2598 quod
762 2523 922 2579 Deus
933 2522 1090 2596 facit
1115 2523 1282 2580 talem
1310 2522 1583 2580 hominem
1611 2538 1908 2580 occurrere
1940 2523 2025 2580 ad
2044 2539 2276 2580 manum
2316 2524 2449 2597 ejus,
2481 2530 2541 2579 et
2566 2529 2633 2579 ut
2660 2520 2777 2580 On-

374 2601 544 2661 kelos
571 2601 762 2677 habet,
795 2623 836 2660 a
846 2602 1012 2677 facie
1038 2602 1157 2660 Dei
1195 2601 1438 2660 traditus
1479 2612 1560 2660 est
1573 2626 1597 2675 ,·
1654 2601 1729 2660 In
1757 2601 2021 2677 Achabo,
2068 2603 2237 2679 cujus
2262 2601 2487 2661 instans
2515 2601 2775 2678 exitium,

374 2684 403 2739 1
441 2682 587 2760 Reg.
617 2682 763 2741 xxii.
795 2682 890 2758 28,
922 2681 1269 2759 praedicitur,
1301 2690 1360 2741 et
1387 2690 1582 2741 tamen
1611 2681 1823 2741 dicitur
1848 2700 1985 2743 casu
2008 2682 2266 2759 periisse,
2290 2701 2350 2741 v·
2366 2685 2477 2758 34,
2508 2680 2778 2739 nimirum

367 2782 557 2821 causae
599 2762 868 2821 secundae
907 2769 1189 2839 respectu,
1221 2780 1352 2838 quae
1393 2762 1465 2820 de
1495 2760 1743 2820 Achabo
1782 2780 1901 2820 non
1944 2762 2275 2839 cogitabat3
2328 2762 2401 2819 In
2446 2760 2779 2820 Idololatris

367 2840 413 2901 J
417 2842 616 2916 udaeis,
646 2861 794 2918 quos
823 2842 984 2900 Deus
1031 2841 1244 2900 dicitur
1281 2859 1614 2901 munerasse
1657 2840 1733 2900 ad
1773 2842 2049 2921 gladium,
2083 2842 2198 2901 Isa.
2226 2843 2353 2901 lxv.
2388 2846 2500 2917 123
2548 2840 2622 2898 In
2652 2838 2773 2899 He-

367 2922 508 2981 rode
551 2922 654 2999 qui
693 2942 729 2980 a
769 2921 1066 2980 vermibus
1105 2940 1372 2980 corrosus
1411 2930 1517 2997 est,
1550 2921 1687 2981 Act.
1728 2922 1830 2980 xii.
1862 2924 1975 2998 233
2022 2921 2093 2979 In
2122 2922 2309 3001 primo
2350 2921 2567 2981 mundo
2608 2921 2775 2997 aquis

367 3001 576 3061 diluvii
625 3001 904 3060 suffocato
927 3024 941 3077 3
1010 3002 1082 3058 In
1115 3000 1228 3060 185
1277 3001 1535 3061 millibus
1581 3002 1880 3060 hominum
1929 3002 2219 3062 exercitus
2270 3000 2625 3075 Sancheribi,
2677 3000 2779 3077 qui

369 3099 486 3140 una
514 3090 684 3140 nocte
711 3082 1067 3139 interierunt.
1153 3081 1296 3155 Quis
1324 3100 1463 3139 vero
1491 3082 1707 3141 dixerit
1735 3078 1847 3139 Dei
1875 3082 2171 3141 decretum
2199 3082 2273 3141 de
2312 3079 2637 3141 inevitabili
2664 3080 2777 3139 isto
2818 3102 2823 3107 ·

368 3161 570 3219 mortis
599 3178 810 3237 genere
838 3162 912 3219 ab
931 3161 1386 3237 uniuscujusque
1415 3161 1747 3220 obedientia
1765 3161 1863 3220 vel
1890 3162 2297 3237 inobedientia,
2320 3162 2477 3221 bono
2504 3170 2607 3220 aut
2624 3161 2779 3219 malo

367 3257 479 3299 usu
505 3240 675 3298 liberi
716 3240 937 3298 arbitrii
965 3239 1142 3298 fuisse
1185 3258 1543 3316 suspensum,
1577 3250 1851 3318 tanquam
1893 3244 2219 3301 necessaria
2259 3242 2607 3317 conditione,
2654 3242 2779 3300 sine

365 3338 484 3395 qua
512 3320 674 3378 Deus
701 3319 964 3377 absolute
991 3318 1300 3377 terminum
1329 3320 1466 3378 vitae
1493 3321 1711 3378 nemini
1736 3321 2036 3398 praefigere
2063 3330 2261 3400 posset
2275 3326 2305 3381 ?

450 3398 570 3458 XI.
619 3399 893 3475 Septimo,
929 3398 1090 3457 Deus
1117 3408 1276 3457 certo
1312 3408 1374 3457 et
1396 3400 1721 3476 praestituto
1762 3400 1965 3459 ordine
1992 3410 2174 3460 totam
2200 3401 2453 3460 hominis
2478 3400 2678 3475 vitam,
2720 3409 2779 3459 et

366 3487 576 3553 motus,
609 3485 668 3536 et
709 3486 909 3537 aetates
949 3477 1280 3537 moderatur
1319 3497 1356 3535 a
1384 3479 1669 3556 principio
1710 3480 1787 3538 ad
1810 3480 1985 3537 finem
2010 3502 2025 3556 3
2071 3480 2232 3559 Ergo
2260 3488 2319 3538 et
2344 3480 2613 3538 ultimum
2640 3480 2778 3537 vitas

370 3558 682 3616 >terminum
710 3557 885 3617 debet
910 3558 1148 3617 definire
1171 3580 1187 3635 ς
1217 3578 1350 3616 nam
1380 3559 1480 3635 qui
1505 3568 1693 3617 totum
1723 3560 2024 3637 gubernat,
2049 3568 2109 3618 et
2136 3559 2399 3635 singulos
2425 3566 2591 3617 actus
2617 3566 2775 3616 antc-

366 3656 598 3713 gressos
625 3638 866 3714 provide
895 3646 1073 3713 curat,
1106 3658 1209 3697 cur
1234 3638 1558 3715 negligeret
1585 3646 1907 3697 extremum
1928 3641 1957 3696 Ρ
2004 3639 2067 3697 Si
2086 3638 2245 3715 quod
2270 3637 2509 3697 minoris
2538 3645 2626 3695 est
2654 3656 2774 3695 mo-

365 3718 546 3775 menti
573 3717 794 3794 regitur
821 3736 857 3775 a
887 3719 1029 3793 Deo,
1061 3738 1134 3775 an
1162 3717 1320 3795 quod
1344 3718 1663 3775 maximum
1692 3726 1797 3792 est,
1828 3716 2182 3777 decretorius
2210 3736 2289 3776 sc.
2319 3716 2421 3776 ille
2446 3716 2571 3775 dies
2600 3736 2635 3774 a
2661 3736 2777 3793 quo

364 3797 580 3874 pendet
621 3798 926 3872 aeternitas,
956 3798 1176 3856 homini
1218 3797 1637 3874 relinqueretur
1653 3800 1683 3855 ?
1738 3797 2049 3875 conceptio
2075 3796 2342 3872 hominis,
2381 3804 2441 3855 et
2478 3796 2772 3872 nativitas,

365 3884 424 3935 et
452 3895 810 3955 quaecunque
837 3878 1128 3954 pertinent
1153 3876 1228 3934 ad
1269 3878 1396 3954 ejus
1423 3878 1624 3951 vitam,
1648 3885 1709 3936 et
1736 3877 1929 3934 varios
1955 3894 2145 3936 rerum
2174 3894 2492 3950 successus,
2522 3876 2584 3933 in
2626 3875 2776 3935 libro

367 3956 480 4015 Dei
511 3957 724 4034 scripta
751 3966 901 4031 sunt,
923 3966 992 4025 ut
1019 3957 1232 4035 passim
1261 3964 1509 4031 notamr,
1538 3956 1634 4015 Ps.
1654 3956 1898 4032 cxxxix,
1934 3959 2025 4031 16,
2057 3965 2117 4015 et
2143 3956 2275 4031 cvi„
2304 3963 2364 4015 et
2390 3956 2543 4031 cvii„
2576 3956 2771 4032 cxliv„

364 4037 542 4113 cxxi,
568 4036 705 4113 ἕως
736 4044 796 4095 et
821 4056 938 4095 non
967 4037 1180 4117 scripta
1205 4044 1374 4096 erunt
1391 4037 1454 4094 in
1469 4037 1620 4096 libro
1643 4038 1772 4113 Dei,
1796 4055 1927 4113 quoe
1954 4036 2030 4096 ad
2056 4045 2375 4096 extremam
2390 4037 2529 4096 vitae
2546 4036 2773 4095 clausu-

363 4116 498 4193 lam,
531 4136 660 4194 qnse
689 4117 944 4175 omnium
971 4117 1224 4175 maxime
1251 4128 1340 4176 est
1379 4118 1787 4191 memorabilis,
1820 4126 2098 4195 spectant,
2130 4117 2297 4195 quasi
2328 4118 2490 4176 Deus
2524 4134 2642 4174 non
2671 4116 2772 4174 ha-

364 4194 500 4255 beat
527 4198 722 4256 exitus
749 4197 950 4255 mortis
978 4216 1156 4275 penes
1183 4216 1262 4275 se,
1297 4198 1450 4257 Psal.
1481 4197 1668 4256 lxviii.
1700 4200 1796 4273 20,
1828 4205 1887 4257 et
1914 4216 2030 4256 non
2060 4197 2136 4257 sit
2165 4196 2449 4256 Dominus
2476 4197 2679 4256 mortis
2705 4216 2775 4256 ac

369 4275 528 4351 vitae,
559 4276 692 4335 finis
719 4296 882 4353 aeque
909 4297 977 4335 ac
1005 4276 1204 4336 initii?

447 4355 602 4415 XII.
649 4357 889 4431 Oetam,
921 4357 971 4415 si
1001 4356 1164 4415 Deus
1203 4376 1320 4415 non
1361 4356 1671 4434 praestituit
1706 4356 1915 4434 cuique
1957 4374 2125 4417 suum
2152 4356 2291 4416 vitae
2326 4357 2652 4431 terminum,
2686 4376 2772 4415 se·

364 4436 564 4509 quitur
591 4436 704 4495 Dei
729 4437 1154 4515 providentiam
1171 4438 1392 4496 versari
1419 4446 1643 4496 tantum
1672 4438 1825 4497 circa
1848 4440 1917 4495 τὰ
1945 4438 2055 4494 καθ’
2082 4441 2218 4508 ὅλου,
2247 4456 2365 4495 non
2393 4436 2545 4497 circa
2570 4440 2638 4494 τὰ
2665 4436 2777 4493 καθ’

363 4512 592 4591 ἕψῃ
636 4514 928 4575 hominem
957 4535 1074 4575 non
1101 4526 1326 4576 tantum
1353 4516 1596 4576 fortunae
1627 4536 1764 4591 sues,
1795 4519 1901 4575 sed
1928 4528 1987 4577 et
2013 4519 2151 4576 τίω
2190 4518 2506 4593 mortisque
2534 4534 2663 4573 esse
2690 4516 2771 4573 fa·

361 4594 570 4673 brum;
619 4597 809 4657 Deum
835 4606 895 4656 et
923 4598 1048 4675 ejus
1075 4599 1435 4657 voluntatem
1463 4616 1532 4655 ac
1560 4598 1859 4657 scientiam
1885 4597 2156 4675 postponi
2183 4597 2373 4659 causis
2402 4595 2685 4669 secundis,
2716 4604 2777 4655 et

363 4695 468 4753 pro
495 4696 560 4736 re
583 4686 722 4737 nata
748 4678 944 4737 omnia
969 4678 1236 4737 ordinare
1263 4685 1324 4739 et
1349 4676 1674 4755 disponere,
1706 4677 2009 4738 consilium
2038 4696 2243 4756 capere
2270 4678 2331 4735 in
2359 4692 2548 4751 arena,
2580 4674 2770 4733 termi-
