3300 5225
441 334 659 385 QUAEST.
690 312 803 396 va]
1266 334 1345 373 nn
1374 332 1645 374 sommus
1675 334 1956 376 NATURAE.
2719 321 2837 381 525

441 474 745 550 scribebat,
776 482 834 533 et
862 473 1116 533 secunda
1147 474 1487 551 Symbolum
1514 474 1752 552 praemii,
1784 494 1900 551 quo
1927 474 2056 552 ejus
2077 472 2462 533 obedientiam
2489 479 2842 537 remunerari

442 556 605 614 Deus
632 554 855 631 voluit3
899 554 982 613 ita
1008 553 1176 613 nobis
1203 561 1447 630 utraque
1474 554 1844 614 adumbravit
1871 554 2084 632 optime
2111 553 2345 613 modum
2387 555 2599 632 agendi
2628 556 2740 616 Dei
2779 558 2842 616 in

443 634 707 693 Ecclesia
732 654 836 712 per
862 636 1137 693 mandata
1164 641 1222 693 et
1238 634 1529 710 promissa
1549 657 1569 692 :
1612 634 1745 710 Ina,
1768 653 1899 712 quse
1921 632 2168 693 officium
2196 634 2416 691 homini
2442 636 2838 713 praescribunt,

440 720 501 773 et
526 734 656 791 quae
686 715 813 790 ejus
840 713 1227 772 obedientiam
1255 713 1577 791 explorant,
1608 733 1738 790 quae
1766 714 1970 773 arbore
1997 711 2251 771 scientiae
2277 712 2416 772 boni
2445 722 2504 772 et
2529 714 2668 772 mali
2693 715 2842 775 bene

442 792 878 869 significantur:
922 794 1047 851 Ista
1072 813 1230 869 νει-ο,
1272 813 1403 871 quae
1443 793 1788 852 beneficium
1818 792 1932 851 Dei
1973 801 2032 852 et
2067 792 2391 851 mercedem
2431 793 2845 870 amplissimam

440 873 734 947 exhibent,
764 891 880 950 qua
908 873 1035 932 vult
1074 872 1415 950 obsequium
1456 882 1718 931 nostrum
1759 892 2049 949 coronare,
2093 891 2223 948 quae
2263 873 2466 931 arbore
2506 873 2644 932 vitae
2692 893 2846 932 eom-

438 952 609 1010 mode
638 951 1053 1029 exprimuntur.
1141 951 1407 1011 Secundo
1435 953 1565 1010 Lex
1590 960 1652 1010 et
1677 954 2052 1028 Evangelium
2090 960 2334 1028 possunt
2374 952 2547 1011 etiam
2593 954 2701 1012 sub
2743 974 2842 1030 ge-

420 1031 598 1089 ·mino
624 1032 737 1089 hoc
765 1032 1031 1107 symbolo
1051 1031 1349 1091 contineri.
1432 1033 1563 1089 Leoe
1589 1031 1760 1106 enim,
1791 1040 1857 1089 ut
1893 1032 2066 1090 arbor
2105 1030 2360 1090 scientiae
2407 1032 2546 1090 boni
2587 1041 2646 1092 et
2685 1032 2841 1107 mali,

440 1110 515 1168 ad
543 1111 997 1187 explorationem
1026 1110 1368 1170 obedientiae
1395 1109 1565 1170 nobis
1602 1110 1788 1185 datur,
1820 1118 1878 1169 et
1903 1131 2010 1188 per
2045 1120 2345 1188 peccatum
2385 1130 2504 1169 non
2544 1112 2736 1171 minus
2775 1132 2844 1170 ac

438 1190 555 1266 illa,
587 1190 653 1250 fit
681 1190 907 1248 occasio
935 1190 1154 1264 mortis,
1184 1198 1244 1249 et
1270 1190 1654 1249 ministerium
1695 1190 2206 1249 condemnationis
2288 1191 2664 1266 Evanyelium
2704 1211 2842 1252 vero

439 1277 529 1327 est
556 1269 727 1328 arbor
752 1270 890 1328 vitae
920 1270 1187 1328 salutaris
1215 1277 1275 1328 et
1300 1269 1550 1345 vivifica,
1583 1268 1721 1346 quia
1747 1277 1836 1328 est
1873 1270 2112 1328 Verbum
2137 1269 2278 1344 vitae,
2309 1270 2352 1329 J
2356 1290 2408 1329 ο.
2438 1270 2521 1327 vi.
2549 1272 2645 1329 68.
2701 1271 2840 1329 Ter-

440 1348 540 1423 tio,
572 1350 687 1407 Illa
712 1349 943 1422 Adurni,
974 1370 1011 1407 a
1037 1368 1152 1425 quo
1180 1356 1481 1425 peceatum
1508 1357 1569 1407 et
1608 1368 1764 1408 mors
1805 1348 1976 1408 fluxit
2000 1371 2014 1409 ε
2059 1348 2184 1407 Ista
2209 1368 2352 1409 vero
2384 1349 2610 1426 Christi,
2655 1370 2690 1409 a
2725 1369 2841 1427 quo

434 1428 666 1504 justitia
694 1434 755 1488 et
780 1428 903 1487 vita
931 1429 1127 1501 oritur,
1164 1430 1193 1485 1
1227 1427 1357 1486 Cor.
1386 1446 1488 1485 xv.
1518 1431 1615 1503 22,
1645 1428 1956 1506 imaginem
1985 1429 2238 1487 exhibet.

1365 1665 1753 1741 QUAEs'mo
1795 1667 1908 1727 vl.

541 1824 635 1883 An
662 1824 919 1883 Adamas
936 1826 1366 1900 promissionem
1393 1826 1653 1883 habuerit
1676 1826 1803 1884 vitae
1830 1834 2056 1884 ωεστ-πω
2079 1833 2136 1883 et
2160 1826 2402 1899 coelestis,
2432 1834 2497 1885 ut
2511 1836 2750 1903 peracto

732 1904 1052 1963 obedientiae
1077 1906 1357 1962 curriculo
1383 1905 1443 1962 in
1468 1907 1664 1963 coelum
1691 1906 1995 1964 evehendus
2005 1906 2192 1979 fiterit
2208 1906 2236 1964 ,²
2317 1905 2544 1965 Affirm.

1047 2063 1098 2121 I.
1142 2062 1397 2137 Quaestio
1424 2064 1549 2121 haee
1578 2082 1615 2121 a
1639 2063 1820 2121 variis
1847 2063 2016 2122 nobis
2043 2073 2325 2124 movetur.
2397 2065 2594 2122 Primo
2621 2084 2656 2123 a
2681 2065 2838 2124 Soci-

966 2143 1167 2218 πίαηὶε,
1224 2143 1326 2219 qui
1372 2150 1446 2202 'ut
1492 2143 1904 2201 mortalitatem
1947 2143 2117 2219 primi
2164 2142 2415 2202 hominis
2459 2152 2734 2219 asserant,
2782 2152 2842 2204 et

966 2230 1209 2281 mortem
1256 2242 1374 2281 non
1414 2242 1541 2281 esse
1579 2241 1812 2299 poenam
1852 2222 2093 2298 peccati,
2135 2221 2240 2281 sed
2287 2222 2580 2298 sequelam
2619 2231 2840 2281 naturae

440 2303 726 2379 evincant,
756 2302 1121 2381 pertendunt,
1152 2300 1339 2360 foedus
1368 2302 1481 2359 Dei
1508 2321 1639 2360 cum
1670 2301 1902 2361 Adamo
1928 2321 2046 2360 non
2071 2301 2250 2361 fuisse
2291 2301 2605 2377 spirituale,
2636 2302 2739 2360 sed
2767 2303 2841 2362 de

439 2383 705 2441 animalis
731 2391 958 2441 tantum
986 2390 1045 2441 et
1085 2389 1325 2439 terrenae
1352 2381 1491 2440 vitae
1532 2380 1867 2455 commodis,
1912 2382 2245 2459 nullamque
2286 2380 2375 2438 ffli
2415 2380 2588 2438 aliam
2629 2401 2838 2458 expec-

438 2463 673 2522 tandam
701 2462 878 2521 fuisse
905 2460 1321 2520 beatitudinem
1348 2468 1556 2537 praeter
1594 2468 1882 2519 terrenam
1923 2468 1982 2521 et
2022 2461 2345 2535 animalem,
2388 2479 2506 2537 qua
2545 2459 2842 2519 fruebatur

437 2542 501 2601 in
530 2541 825 2617 Paradiso,
876 2541 1187 2600 obnoxiam
1221 2540 1357 2599 'esui
1400 2547 1459 2597 et
1500 2540 1682 2617 potui,
1734 2547 1792 2598 et
1839 2540 1969 2599 aliis
2015 2540 2156 2600 vitae
2201 2539 2659 2616 necessitatibus,
2710 2560 2842 2617 quae

438 2624 613 2683 etiam
638 2630 823 2680 morte
851 2620 1114 2698 abrumpi
1141 2620 1421 2695 debuerit.
1486 2620 1661 2680 Unde
1688 2620 2034 2697 promissum
2061 2621 2199 2680 vitae
2228 2629 2456 2680 aeternae
2484 2619 2738 2680 referunt
2766 2621 2842 2679 ad

436 2702 593 2761 bona
619 2702 693 2760 N.
723 2702 793 2760 T.
876 2701 1000 2760 Nee
1026 2701 1205 2759 ullam
1235 2720 1393 2778 spem
1432 2701 1558 2778 ejus
1598 2700 1810 2760 factam
1849 2701 2036 2778 primo
2077 2701 2296 2759 homini
2339 2699 2713 2776 contendunt,
2743 2701 2843 2760 vel

438 2782 852 2841 subobscuram
896 2789 1121 2840 tantum
1162 2780 1415 2856 aliquam
1456 2780 1938 2857 significationem
1979 2800 2056 2838 ex
2103 2780 2324 2839 arboris
2351 2779 2490 2838 vitae
2534 2780 2840 2858 aenigmat-e

436 2861 831 2921 hauriendam.
915 2861 1063 2920 Soci.
1095 2860 1355 2919 Praelect.
1387 2880 1436 2918 c.
1467 2860 1524 2935 i.,
1566 2861 1776 2918 Volkel.
1805 2858 1908 2918 lib.
1939 2860 2019 2918 iii.
2049 2879 2099 2918 c.
2135 2862 2228 2918 11.

522 2943 605 2999 II.
653 2940 939 3015 Secundo,
970 2941 1044 2999 ab
1070 2940 1144 2998 iis
1171 2940 1272 3016 qui
1299 2939 1513 3016 triplex
1538 2939 1730 2998 foedus
1748 2939 2164 2998 constituentes
2213 2939 2509 3012 Naturale,
2542 2939 2760 3016 Legale
2781 2947 2840 2998 et

439 3020 880 3098 Evangelicum,
926 3021 1009 3078 ita
1047 3020 1484 3097 promissionem
1524 3019 1835 3097 unicuique
1876 3019 2079 3078 foederi
2119 2985 2373 3078 additam
2417 3026 2731 3096 exponunt,
2775 3027 2843 3078 ut

440 3100 564 3156 sola
590 3101 939 3174 Evanyelica
964 3098 1138 3158 fuerit
1164 3099 1301 3157 vitae
1330 3107 1556 3157 aeternae
1594 3099 1657 3156 in
1684 3099 1848 3158 eoelis
1873 3099 2234 3176 peragendae,
2266 3099 2495 3174 Leqalt‘s
2521 3098 2844 3157 constiterit

438 3177 499 3234 in
526 3176 883 3237 beatitudine
910 3177 1345 3255 perfectissima,
1376 3197 1507 3236 cum
1535 3178 1714 3236 animi
1740 3186 1866 3237 tum
1895 3179 2154 3256 corporis
2181 3177 2422 3238 fruenda
2449 3178 2510 3236 in
2551 3187 2704 3238 terra
2733 3179 2840 3236 Ca-

437 3276 626 3332 naan;
672 3257 987 3314 Promissio
1014 3275 1155 3313 vero
1184 3255 1385 3313 foederi
1412 3257 1660 3314 naturali
1701 3276 1929 3315 annexa
1969 3277 2088 3316 non
2128 3258 2242 3316 alio
2282 3259 2619 3334 respexerit,
2665 3277 2839 3335 quam

437 3336 513 3394 ad
544 3338 579 3370 ‘⁴
606 3336 787 3394 vitam
814 3343 1149 3412 perpetuam
1178 3343 1237 3393 et
1274 3333 1598 3392 affluentem
1640 3337 1797 3392 omni
1836 3336 2119 3395 bonorum
2161 3356 2388 3412 genere,
2432 3357 2563 3412 quae
2605 3355 2735 3396 eum
2777 3338 2840 3396 in

436 3415 706 3490 animam,
735 3423 856 3474 tum
885 3415 947 3471 in
976 3433 1183 3490 eorpus
1208 3412 1459 3470 hominis
1487 3413 1545 3469 in
1575 3421 1730 3471 statu
1757 3414 1998 3489 integrae
2025 3423 2246 3473 naturae
2285 3415 2582 3474 constituti
2610 3435 2836 3493 compe-

437 3504 558 3555 tere
585 3503 845 3572 possunt,
876 3513 1117 3569 eamque
1145 3492 1205 3550 in
1224 3491 1499 3550 Paradiso
1528 3492 1785 3550 terrestri
1811 3491 2170 3568 fruendam,’'
2199 3500 2266 3552 ut
2284 3493 2541 3569 loquitur
2560 3495 2647 3552 ΟΖ.
2665 3497 2838 3571 Amy-

437 3578 653 3650 ralduS,
689 3574 866 3652 Disp„
885 3573 957 3632 de
986 3573 1171 3631 tribus
1201 3571 1429 3630 Foeder.
1458 3571 1569 3630 Th.
1603 3574 1696 3631 11.

520 3655 641 3714 III.
688 3655 945 3730 Recepta
970 3672 1111 3711 vero
1139 3650 1294 3729 apud
1322 3650 1692 3711 Orthodoxos
1734 3650 2020 3710 sententia
2059 3659 2164 3724 est,
2198 3649 2646 3709 Promissionem
2674 3650 2834 3710 Ada-

437 3755 533 3792 mo
562 3735 773 3809 datam,
802 3753 919 3791 non
948 3731 1125 3791 fuisse
1172 3740 1397 3790 tantum
1424 3731 1561 3790 vitae
1605 3731 1791 3790 felicis
1828 3730 2230 3789 continuandas
2277 3731 2338 3787 in
2389 3729 2683 3804 ParadiSO,
2735 3731 2838 3790 sed

438 3814 691 3872 coelestis
720 3821 778 3872 et
805 3821 1053 3886 aeternae,
1086 3811 1161 3870 ad
1188 3831 1361 3888 quam
1390 3811 1725 3870 evehendus
1751 3810 1956 3870 fuisset
1997 3809 2264 3870 Adamus
2305 3829 2538 3868 emenso
2567 3809 2836 3869 obedien-

436 3894 535 3952 tiae
562 3893 829 3970 perfectae
856 3901 915 3952 et
941 3890 1365 3969 perseverantis
1392 3891 1694 3966 curriculo,
1725 3889 1883 3967 quod
1911 3891 2073 3950 Deus
2099 3890 2188 3948 ffli
2222 3889 2592 3966 praescribere
2620 3891 2836 3950 voluis·

439 3981 527 4032 set
555 3973 630 4031 ad
658 3974 783 4050 ejus
812 3971 1199 4031 obedientiam
1227 3971 1659 4048 explorandam.
1745 3971 1902 4028 Hinc
1928 3978 2105 4047 patet,
2137 3971 2270 4028 Non
2302 3969 2500 4047 quaeri,
2546 3968 2647 4027 An
2675 3969 2836 4030 Ada-

436 4072 567 4112 mus
594 4051 1041 4111 immortalitatis
1069 4050 1439 4128 privilegium
1466 4049 1732 4109 habuerit
1758 4050 1821 4109 in
1849 4057 2003 4109 statu
2029 4050 2274 4128 integro,
2305 4049 2463 4127 quod
2490 4058 2662 4108 antea
2702 4070 2835 4109 eon-

436 4139 527 4190 tra
556 4132 831 4192 Soeinum
858 4130 1267 4209 probavimus:
1312 4131 1463 4204 Non,
1496 4129 1595 4187 An
1622 4130 1710 4188 illi
1737 4129 2042 4207 promissio
2070 4130 2206 4188 data
2231 4129 2405 4189 fuerit
2444 4128 2739 4189 felicitatis
2780 4139 2839 4190 et

436 4211 574 4270 vitae
600 4219 878 4288 perpetuo
906 4210 1213 4285 duraturae,
1262 4209 1311 4268 si
1352 4209 1413 4266 in
1454 4209 1786 4287 integritate
1829 4209 2176 4286 perstitisset
2199 4231 2234 4284 ;,
2256 4208 2416 4285 quod
2462 4228 2581 4268 non
2621 4219 2840 4287 negant

437 4290 569 4349 Viri
598 4291 789 4366 Docti,
819 4291 1099 4350 adversus
1126 4309 1272 4366 quos
1292 4288 1389 4347 hic
1416 4289 1679 4366 agimus:
1726 4289 1859 4365 Sed,
1892 4289 1990 4346 An
2017 4288 2263 4348 felicitas
2299 4287 2402 4347 illa
2447 4297 2506 4348 et
2531 4289 2656 4348 vita
2683 4299 2836 4348 tran-

437 4369 681 4447 sigenda
708 4369 879 4429 fuerit
905 4370 965 4427 in
995 4370 1175 4444 coelis,
1206 4369 1305 4427 An
1338 4376 1563 4428 tantum
1592 4369 1654 4424 in
1691 4376 1846 4426 terra
1889 4377 1948 4428 et
1977 4368 2272 4427 ParadiSO.
2356 4369 2652 4428 Posterius
2687 4368 2835 4426 affir-

436 4458 597 4508 mant
622 4471 637 4486 ·
680 4451 803 4508 Nos
871 4450 1008 4508 rius.

520 4496 637 4588 1V.²
676 4469 953 4589 Ratid'nes
1003 4535 1155 4601 sunt,
1204 4531 1255 4585 1.
1301 4527 1449 4602 Quia
1493 4527 1621 4586 Lex
1671 4547 1908 4605 operum
1955 4526 2159 4588 habuit
2211 4526 2648 4605 promissionem
2697 4527 2836 4586 vitae

438 4609 691 4670 coelestis
719 4618 778 4670 et
800 4617 1065 4686 aeternae3
1111 4609 1269 4685 Ergo
1298 4607 1471 4668 etiam
1502 4608 1629 4667 Lex
1663 4609 1996 4686 praescripta
2036 4608 2284 4684 Adam0,
2329 4607 2466 4685 quia
2505 4606 2706 4665 eadem
2746 4616 2836 4667 est

502 2127 670 2173 Status
695 2126 857 2176 Quaes-

601 2186 767 2231 tionis.
