3300 5225
517 372 632 437 xlii
1373 383 1636 432 onarlo
1670 382 2041 431 FUNEBRIS.

913 543 1348 618 —Maqncmcm
1367 542 1721 618 yradicntcm
1748 541 1831 599 ad
1854 540 2099 598 culmina
2128 541 2359 597 laudum

839 691 848 697 ,
921 622 1327 700 Pro-sequimur
1353 623 1568 699 cupide,
1597 622 1845 699 votisque
1854 624 2123 697 favemus
2149 618 2317 679 eunti.

522 806 814 885 Quaedam
843 810 993 871 tunc
1024 806 1255 889 ingenii
1285 806 1381 871 sui
1426 806 1685 887 pignora
1740 824 1871 868 aevo
1898 803 2396 887 transcripserat,
2434 822 2569 883 quae
2624 800 2792 864 nulla
2824 820 2925 867 se-

524 925 716 986 quens
786 901 918 969 dies
980 905 1285 969 oblivione
1345 904 1610 987 ingloria
1664 904 1861 985 premi
1924 902 2107 967 sinet.
2170 903 2360 966 Anno
2428 902 2541 977 64,
2592 899 2923 963 Pontificio

522 1004 757 1084 scripto
788 1003 1212 1085 responderat,
1245 1009 1311 1067 et
1342 1000 1671 1067 veritatem
1714 1001 2056 1085 Religionis
2088 1000 2467 1065 Reformatae
2504 1020 2542 1062 a
2573 997 2808 1063 cavillis
2858 1004 2925 1061 et

521 1101 841 1167 calumniis
911 1102 1430 1165 Adversariorum
1489 1101 1924 1165 vindicaverat.
2011 1100 2200 1162 Anno
2266 1100 2379 1175 66,
2448 1095 2922 1179 Disputationes

522 1200 811 1265 emiserat
843 1199 920 1265 de
953 1200 1412 1285 Satissactionc
1442 1198 1681 1263 Christi
1708 1200 1999 1263 adversus
2032 1197 2321 1261 Socinum
2368 1198 2621 1277 ejusque
2686 1194 2925 1257 infans-

519 1304 650 1361 tam
681 1298 933 1378 prolem,
965 1305 1032 1361 et
1061 1298 1358 1362 adversus
1377 1298 1752 1374 Pontificios„
1776 1297 1997 1378 quibus
2031 1297 2181 1359 alias
2213 1296 2534 1359 addiderat
2560 1294 2637 1357 de
2662 1292 2922 1357 Circulo

517 1396 874 1480 PontificiO,
911 1418 982 1461 ac
1014 1396 1090 1460 de
1122 1398 1484 1461 Concordia
1530 1397 1734 1460 Pauli
1765 1405 1828 1459 et
1860 1395 2095 1459 Jacobi
2121 1396 2192 1457 in
2228 1394 2713 1477 Jmtificationis
2755 1391 2926 1453 arti-

521 1496 683 1559 culo·
756 1494 946 1558 Anno
1001 1491 1113 1569 74,
1167 1494 1642 1558 Institutionem
1684 1494 2042 1577 Theoloyiae
2074 1494 2426 1557 Elenctz‘cae
2468 1489 2809 1565 adornavit,
2857 1489 2924 1551 in

522 1614 645 1674 qua
673 1598 906 1655 statum
936 1592 1506 1657 controversiarum
1539 1592 1863 1673 perspicue
1899 1591 2207 1673 exposuit,
2242 1592 2371 1656 sine
2402 1611 2522 1671 quo
2552 1589 2926 1651 Andabata-

520 1711 658 1753 rum
676 1711 845 1753 more
863 1698 1050 1771 atque
1075 1691 1326 1754 infoelici
1343 1698 1543 1754 marte
1575 1690 1923 1754 dimicatur.
2015 1690 2145 1753 Diu
2177 1690 2423 1770 quidem
2458 1688 2639 1752 haesit
2672 1708 2751 1750 an
2776 1686 2927 1750 illud

521 1788 692 1869 Opus
715 1788 948 1869 ederet,
970 1789 1195 1869 quippe
1221 1796 1476 1853 noverat
1497 1789 1809 1853 laborasse
1826 1790 2066 1869 pridem
2088 1788 2152 1850 in
2176 1788 2359 1868 hujus
2376 1786 2621 1869 generis
2642 1787 2925 1850 lucubra-

521 1886 794 1949 tionibus
824 1907 1182 1968 magnorum
1215 1894 1348 1949 tum
1383 1894 1659 1951 veterum
1696 1893 1830 1950 tum
1860 1888 2201 1951 recentium
2240 1886 2685 1967 Theologorum
2712 1884 2930 1949 indus-

521 1984 725 2061 triam,
760 1985 884 2047 imo
913 1984 1210 2048 immensa
1241 1984 1486 2049 illarum
1517 1986 1696 2067 copia
1723 1986 1817 2049 ita
1845 1986 2022 2052 obrui
2053 1986 2389 2067 litigiosum
2432 1983 2720 2065 seculum,
2755 1990 2829 2045 nt
2862 1982 2925 2045 ni

521 2082 642 2146 illae
673 2082 877 2164 aliquo
905 2083 1200 2147 novitatis
1223 2084 1524 2148 lenocinio
1541 2084 1819 2148 alliciant
1837 2085 2129 2148 lectorem
2148 2083 2557 2163 fastidiosum,
2586 2082 2757 2145 illum
2779 2101 2928 2145 cou-

522 2181 698 2243 tinuo
731 2180 1007 2262 iniquum
1066 2181 1554 2261 parturientibus
1599 2182 2059 2247 nanciscantur.
2164 2182 2262 2245 At
2308 2187 2406 2244 tot
2438 2182 2598 2244 votis
2648 2179 2928 2261 expetita

520 2279 641 2341 fuit
669 2278 800 2344 haec
835 2278 1184 2363 Institutio,
1242 2288 1313 2343 ut
1347 2281 1648 2363 denegare
1682 2281 1945 2362 amplius
1998 2300 2120 2343 non
2172 2280 2467 2361 potuerit,
2524 2300 2595 2343 ac
2654 2299 2687 2340 e
2748 2277 2927 2359 proeli

522 2378 868 2445 carceribus
897 2398 1296 2459 prorumpere
1327 2399 1544 2459 passus
1574 2380 1784 2443 fuerit.
1889 2378 2064 2441 Viris
2115 2378 2315 2442 doctis
2358 2400 2481 2441 non
2510 2426 2515 2433 .
2540 2376 2926 2459 displicuisse

523 2480 836 2538 testantur
876 2476 1213 2539 innumerae
1261 2497 1637 2541 summorum
1689 2479 1886 2539 totius
1940 2476 2110 2540 orbis
2166 2476 2613 2557 Theologorum
2674 2476 2872 2537 literae
2908 2497 2923 2549 ;

525 2574 897 2637 creberrima
924 2572 1085 2637 enim
1116 2579 1297 2636 erant
1329 2574 1449 2655 ipsi
1485 2575 1848 2638 commercia
1874 2574 2003 2638 fere
2036 2594 2176 2638 cum
2201 2575 2501 2656 omnibuS‚
2535 2593 2687 2655 qnos
2727 2572 2927 2636 inusi-

523 2677 660 2733 tata
693 2671 955 2752 quadam
987 2671 1282 2734 doctrinae
1311 2671 1508 2752 gloria
1557 2672 1695 2736 aliis
1728 2672 2077 2753 praecellere
2110 2673 2419 2750 audiebat,
2468 2674 2631 2737 unde
2678 2672 2731 2736 si
2790 2671 2925 2752 quis

526 2767 828 2832 Musaeum
877 2769 1011 2849 ejus
1070 2769 1404 2851 expendat,
1455 2769 1649 2833 totius
1704 2771 1973 2851 Europae
2040 2772 2465 2852 compendium
2520 2771 2709 2834 fuisse
2764 2791 2925 2834 com-

525 2867 743 2947 periet.
859 2865 1097 2931 Eodem
1165 2875 1444 2948 tempore
1497 2868 1865 2948 prodierunt
1927 2869 2061 2949 ejus
2128 2870 2485 2950 Conciones‚
2550 2890 2685 2950 quae
2744 2869 2926 2932 hodie

521 2966 802 3029 manibus
834 2965 1102 3029 omnium
1133 2971 1312 3029 tanto
1342 2987 1480 3030 cum
1512 2966 1721 3030 fructu
1752 2973 2061 3030 teruntur.
2164 2967 2355 3030 Anno
2398 2964 2515 3048 87,
2568 2968 2645 3030 de
2688 2967 2927 3030 Neces-

525 3075 712 3126 saria
759 3063 1118 3126 Secessionc
1164 3072 1394 3126 nostra
1425 3067 1510 3127 ab
1542 3063 1839 3128 Ecclesia
1866 3067 2195 3142 Romana,
2240 3075 2297 3129 et
2346 3064 2740 3148 Impossibile:
2781 3085 2926 3126 cum

524 3183 603 3225 ea
640 3162 1072 3244 Syncretismo
1123 3161 1599 3242 Disputationes
1653 3164 2008 3245 recognovit
2046 3169 2113 3226 ct
2165 3163 2361 3240 auxit,
2411 3162 2632 3244 quibus
2686 3162 2929 3225 addidit

521 3261 603 3322 M
602 3259 1100 3322 iscellancamm
1133 3259 1653 3341 Disputatiomcm
1700 3262 2043 3326 Decadcm.
2126 3261 2313 3324 Suam
2344 3263 2535 3326 etiam
2570 3260 2928 3326 Institutio-

524 3377 664 3420 nem
693 3376 1129 3438 recognoscere
1157 3357 1515 3441 incipiebat,
1552 3367 1617 3423 et
1650 3360 1848 3423 multa
1880 3360 2109 3423 addere
2138 3380 2211 3424 ac
2244 3359 2555 3424 illustrare
2580 3360 2927 3423 meditaba-

522 3463 646 3530 tur,
681 3475 818 3518 cum
849 3453 985 3518 coeli
1036 3454 1236 3520 incola
1285 3457 1484 3519 factus
1525 3463 1644 3539 est,
1688 3463 1754 3520 et
1788 3457 2158 3521 aeternitatis
2198 3457 2583 3522 candidatus.
2684 3459 2762 3520 In
2797 3459 2927 3521 dies

523 3551 644 3616 Vir
678 3552 781 3616 ille
830 3551 1250 3638 pientissimus
1289 3554 1672 3617 moriebatur
1704 3575 1817 3636 per
1851 3553 2077 3618 multos
2110 3575 2323 3632 annoS,
2374 3577 2503 3636 prae
2534 3577 2770 3620 summo
2822 3557 2927 3620 do-

523 3650 651 3714 lore
681 3671 801 3733 quo
833 3653 1192 3733 augebatur,
1243 3652 1322 3714 ob
1371 3653 1859 3716 luctuosissimas
1910 3652 2327 3717 Ecclesiarum
2379 3654 2813 3734 dissipationes
2862 3662 2931 3720 et

525 3757 782 3832 strages.
886 3749 1053 3813 Nam
1085 3757 1122 3787 “
1147 3772 1282 3815 cum
1315 3751 1420 3814 alii
1453 3751 1727 3834 omneS,'’
1761 3737 1943 3832 quod’
1974 3752 2050 3814 de
2081 3750 2313 3816 Basilio
2342 3761 2558 3816 narrat
2590 3754 2725 3834 ejus
2756 3761 2927 3838 ἐγκω-

511 3855 778 3930 μιαστής,
825 3849 953 3911 “id
1001 3855 1248 3912 tantum
1283 3850 1448 3931 quod
1477 3858 1622 3914 ante
1656 3850 1843 3931 pedes
1872 3857 1985 3925 est,
2024 3849 2297 3932 videant,
2328 3871 2559 3933 suaque
2588 3861 2661 3915 ut
2692 3853 2758 3915 in
2787 3861 2929 3916 tuto

524 3946 653 4011 sint
692 3945 996 4022 laborent,
1035 3947 1118 4032 (si
1163 3953 1366 4010 tamen
1417 3947 1482 4012 id
1535 3947 1688 4012 satis
1739 3955 1946 4012 tutum
1980 3968 2115 4012 esse
2154 3942 2393 4040 potest)
2425 3971 2623 4030 neque
2668 3952 2929 4016 ulterius

524 4043 1024 4126 progrediantur,
1059 4065 1172 4108 nec
1203 4045 1402 4126 magni
1439 4045 1675 4127 aliquid
1710 4053 1775 4108 et
1799 4045 2038 4110 strenui
2064 4048 2159 4111 vel
2194 4049 2570 4130 cogitatione
2604 4049 2928 4130 complecti

526 4143 623 4206 vel
657 4143 895 4206 efficere
931 4148 1177 4224 queant,
1221 4141 1354 4222 ipse
1387 4149 1606 4205 contra
1646 4143 1899 4207 tametsi
1937 4145 2179 4209 caeteris
2227 4147 2293 4209 in
2342 4150 2527 4211 rebus
2577 4148 2931 4212 moderatus

524 4247 707 4316 esset,
764 4241 866 4304 hic
911 4247 1120 4304 tamen
1173 4239 1419 4302 modum
1471 4241 1941 4322 haudquaquam
1994 4245 2267 4322 tenebat,
2310 4265 2521 4309 verum
2568 4244 2813 4308 sublato
2864 4244 2931 4306 in

525 4339 718 4402 altum
750 4340 956 4420 capite
987 4338 1332 4418 mentisque
1361 4339 1555 4403 oculis
1579 4360 2065 4420 quaquaversum
2090 4341 2367 4421 jactatis,
2394 4361 2603 4405 omnes
2626 4362 2729 4406 eas
2764 4343 2931 4406 orbis

523 4445 759 4521 parteS‚
793 4459 943 4519 quas
977 4437 1294 4502 salutifera
1327 4437 1560 4502 Christi
1612 4437 1895 4502 doctrina
1941 4447 2277 4523 pervagata
2308 4447 2423 4516 est,
2459 4441 2931 4520 comprehende-

525 4539 672 4614 bat;
736 4543 802 4602 et
853 4557 1040 4618 quum
1096 4535 1334 4600 vineam
1391 4535 1644 4600 Domini
1698 4538 2083 4603 devastatam
2132 4539 2441 4613 audiebat,
2494 4559 2606 4602 nec
2652 4559 2932 4604 somnum

528 4636 719 4701 oculis
753 4645 863 4700 aut
905 4635 1406 4700 dormitationem
1440 4635 1753 4716 palpebris
1786 4638 2181 4719 concedebat,
2215 4635 2625 4717 quiequidque
2656 4637 2931 4704 carnium
