3300 5225
503 341 622 400 282
1454 357 1637 400 Locus
1665 355 1953 406 ausurus.
2558 334 2815 416 [omns-r.
2847 357 2912 398 11.

504 519 636 578 quse
663 505 796 576 post
835 497 1132 558 conditum
1157 497 1437 558 mundum
1466 498 1715 558 diversis
1740 505 2063 576 temporum
2088 494 2347 554 articulis
2380 493 2534 555 facta
2566 495 2699 573 sint,
2738 506 2913 575 prout

503 574 2907 735 ?ffl{{.⁸“n⁰m.ng“3⁰1{{¹}‘fff⁶nffizss‘ssaeffl‘ss’fflfflmtmffisffi·

529 705 544 718 .
1021 704 1035 718 .
1106 702 1121 717 .
1325 703 1338 716 .
1353 704 1368 734 ,
2894 701 2909 718 .

507 739 631 800 Nos
659 759 798 798 vero
826 737 1020 797 omnia
1048 737 1298 797 Decreta
1325 738 1587 798 absolute
1615 743 1831 797 aeterna
1856 753 1984 796 esse
2010 735 2315 794 credimus.

802 885 813 896 ·
1107 816 1195 877 II.
1241 817 1519 877 Rationes
1555 824 1708 893 sunt,
1752 820 1805 875 l.
1849 815 1998 892 Quia
2042 815 2338 892 Scriptura
2376 814 2513 882 illis
2528 816 2913 876 aeternitatem

543 885 944 989 θήέβζξξξὲζω
1022 897 1242 972 tribuit,
1299 904 1366 957 ut
1412 916 1590 973 quum
1633 915 1879 974 regnum
1924 895 2137 955 dicitur
2188 903 2452 972 paratum
2498 896 2613 973 piis
2657 916 2700 954 a
2737 898 2914 971 jactis

473 1011 488 1021 —
853 974 866 988 ⁸
1020 977 1224 1036 'mundi
1244 976 1653 1052 fiandamentis,
1686 976 1899 1035 Matth.
1928 993 2072 1034 xxv.
2108 977 2203 1050 34,
2235 993 2413 1052 quum
2454 975 2627 1034 electi
2664 975 2914 1036 dicimur

502 1069 635 1119 ante
661 1061 830 1134 jacta
870 1057 1070 1116 mundi
1090 1058 1492 1132 fundamenta,
1524 1055 1677 1132 Eph.
1707 1055 1747 1113 i.
1784 1059 1841 1131 4,
1882 1063 1945 1115 et
1983 1054 2173 1132 gratia
2212 1054 2351 1128 data
2386 1055 2557 1114 nobis
2596 1054 2810 1115 dicitur
2848 1056 2911 1114 in

506 1139 736 1198 Christo
765 1143 858 1218 argi
885 1136 1066 1217 mlum
1091 1137 1301 1212 αἰωνίου,
1333 1141 1369 1195 2
1399 1135 1655 1195 Timoth.
1692 1137 1731 1196 i.
1762 1138 1819 1212 9,
1858 1143 1919 1196 et
1960 1133 2223 1194 Christus
2262 1135 2651 1213 praecognitus
2690 1153 2728 1194 a
2762 1137 2909 1212 Dee,

502 1224 598 1298 ηδ
649 1222 942 1286 καταβολῆς
997 1216 1202 1292 alopen,
1244 1219 1273 1273 1
1318 1217 1473 1276 Petr.
1515 1215 1556 1275 i.
1595 1217 1693 1290 20,
1740 1216 1821 1275 id.
1858 1215 1935 1275 ab
1962 1223 2195 1290 aeterno,
2239 1234 2377 1273 nam
2414 1214 2571 1292 quod
2612 1217 2911 1294 praecessit

499 1297 846 1376 principium
885 1296 1162 1374 temporis
1199 1295 1374 1356 debet
1407 1315 1538 1356 esse
1579 1302 1877 1356 aeternum.
1960 1295 2084 1355 Nec
2110 1294 2451 1355 adverbium
2476 1295 2755 1374 temporis
2780 1305 2915 1356 ame

499 1378 658 1456 quod
683 1383 993 1454 usurpatur
1027 1374 1220 1436 innuit
1244 1383 1438 1436 actum
1463 1377 1857 1456 temporalem,
1886 1375 2027 1452 quia
2064 1394 2183 1434 non
2217 1383 2339 1435 tam
2376 1375 2621 1435 sumitur
2650 1376 2909 1454 positive,

499 1457 788 1536 quomodo
829 1451 1048 1516 in'dicat
1088 1455 1472 1516 differentiam
1511 1456 1805 1534 temporis,
1845 1475 2021 1533 quam
2055 1457 2325 1533 neqative,
2366 1463 2541 1534 prout
2565 1458 2695 1534 ejus
2719 1476 2907 1516 remo-

499 1539 718 1598 tionem
756 1543 954 1613 notat;
999 1537 1123 1596 Nec
1159 1536 1278 1596 dici
1316 1536 1490 1597 debet
1529 1537 1641 1596 hoc
1677 1544 1903 1596 tantum
1942 1535 2125 1595 asseri
2164 1536 2239 1596 de
2264 1535 2615 1614 quibusdam
2640 1535 2907 1614 decretis,

500 1637 618 1678 non
645 1617 930 1692 omnibus,
961 1617 1038 1675 ad
1063 1616 1480 1676 ostendendam
1507 1617 1861 1694 singularem
1886 1635 2263 1695 personarum
2290 1617 2389 1675 vel
2412 1635 2605 1676 rerum
2630 1625 2907 1694 prestan-

500 1699 659 1773 tiam,
705 1697 804 1757 vel
849 1695 1140 1775 insignem
1183 1715 1380 1757 earum
1423 1697 1861 1774 certitudinem3
1920 1696 2061 1774 quia
2111 1696 2314 1756 cadem
2368 1695 2543 1756 debet
2584 1716 2714 1756 esse
2758 1697 2909 1756 ratio

499 1778 756 1837 omnium
784 1775 1184 1854 decretorum3
1225 1776 1382 1838 unde
1407 1777 1620 1856 positio
1661 1776 2024 1856 quorundam
2064 1795 2182 1835 non
2222 1775 2499 1852 excludit,
2530 1776 2637 1836 sed
2660 1776 2909 1837 includit

499 1867 562 1919 et
589 1877 696 1936 sup
771 1857 862 1916 nit
887 1857 1002 1916 alia
1025 1857 1344 1935 analogice.
1428 1858 1560 1916 Imo
1603 1857 1901 1936 Scriptura
1937 1858 2051 1916 hoc
2086 1875 2205 1916 non
2244 1857 2322 1916 ad
2360 1856 2627 1935 quosdam
2662 1864 2907 1934 tantum,

501 1938 608 2000 scd
635 1877 932 1997 adpgmnia
957 1936 1238 1997 extendit.

585 2018 706 2078 III.
751 2017 920 2094 Quod
948 2017 1304 2076 demonstrat
1331 2016 1602 2094 secundo,
1622 2017 1805 2094 locus,
1836 2018 1975 2078 Act.
2002 2035 2104 2077 xv.
2138 2019 2231 2094 18,
2260 2015 2365 2076 ubi
2390 2016 2437 2078 J
2436 2016 2653 2076 acobus
2684 2017 2909 2094 asserit,

501 2101 632 2158 Deo
657 2107 793 2158 nota
815 2099 999 2172 fici-sse
1025 2099 1097 2156 ab
1123 2107 1332 2156 aetemo
1359 2099 1549 2156 omnia
1573 2118 1681 2156 sua
1708 2117 1904 2175 (spera.
1989 2097 2141 2156 Nam
2178 2096 2230 2156 si
2272 2096 2645 2156 Praescientia
2673 2097 2787 2157 Dei
2822 2104 2912 2157 est

502 2186 733 2254 aeterna,
764 2195 1000 2236 necesse
1027 2185 1118 2236 cst
1144 2177 1320 2236 etiam
1345 2184 1414 2237 ut
1431 2177 1728 2238 decretum
1747 2196 1865 2255 quo
1884 2177 2013 2255 ipsa
2030 2177 2237 2237 nititur
2256 2175 2333 2236 sit
2352 2184 2629 2236 aternum
2648 2199 2663 2254 3
2698 2178 2912 2254 quippe

501 2275 620 2317 non
645 2257 812 2318 novit
841 2276 935 2316 res
970 2266 1040 2317 ut
1077 2256 1318 2333 futuras,
1360 2257 1474 2316 nisi
1513 2257 1576 2314 in
1611 2257 1863 2334 decreto,
1908 2277 2014 2337 per
2051 2256 2211 2336 quod
2245 2275 2283 2316 a
2314 2263 2469 2318 statu
2510 2257 2912 2336 possibilitatis

498 2345 800 2399 mussant
825 2337 902 2396 ad
929 2345 1143 2397 statum
1169 2336 1542 2398 futuritionis.

584 2419 696 2479 IV.
738 2417 954 2492 Terti0,
1002 2417 1066 2476 Si
1105 2417 1168 2475 in
1193 2425 1452 2494 tempore
1478 2415 1713 2476 demum
1738 2417 1973 2476 decreta
1998 2415 2311 2492 conderet;
2354 2415 2515 2494 Ergo
2554 2435 2659 2494 pro
2686 2435 2749 2476 re
2774 2424 2914 2476 nata

501 2499 806 2559 consilium
833 2504 1064 2574 caperet
1091 2496 1167 2554 ad
1192 2496 1376 2556 instar
1399 2496 1717 2574 hominum,
1748 2496 1907 2574 quod
1944 2515 2053 2556 nec
2082 2495 2421 2573 sapientiam
2450 2497 2577 2573 ejus
2602 2495 2906 2573 infinitam,

501 2597 612 2639 nec
649 2575 1060 2657 perfectionem
1086 2575 1591 2652 absolutissimam,
1621 2583 1683 2637 et
1721 2575 2248 2637 immutabilitatem
2290 2575 2471 2653 decet,
2502 2595 2633 2637 cum
2660 2581 2779 2635 tam
2806 2577 2909 2637 ab·

503 2659 742 2719 surdum
770 2657 862 2732 sit,
892 2675 1027 2717 eum
1051 2656 1194 2715 novi
1218 2656 1466 2736 alicujus
1492 2656 1713 2717 decreti
1743 2676 1873 2718 esse
1898 2657 2347 2737 susceptibilem,
2376 2675 2550 2735 quam
2576 2656 2665 2717 illi
2689 2657 2911 2735 aliquid

501 2760 578 2799 ex
605 2738 922 2817 improviso
947 2736 1226 2797 accidere.
2706 2747 2715 2770 ³

583 2820 660 2879 V.
705 2820 938 2896 Quarto,
983 2834 1283 2895 perperam
1321 2818 1572 2877 Vorstt'us
1613 2824 1749 2895 post
1772 2818 2038 2879 Socimm
2079 2817 2389 2895 distinguit
2430 2816 2808 2878 aetemitatem
2850 2817 2913 2877 in

499 2901 825 2961 absolutam
853 2906 914 2959 et
937 2896 1276 2975 restrictam,
1321 2897 1659 2977 simpliciter
1685 2904 1746 2958 et
1786 2897 2105 2959 secundum
2145 2898 2306 2976 quid,
2351 2898 2436 2958 ita
2472 2896 2723 2974 dictam3
2776 2898 2913 2975 quia

505 2981 802 3059 Scriptura
827 2981 902 3040 de
929 2977 1248 3037 aeternitate
1275 2976 1480 3038 eodem
1517 2977 1693 3039 modo
1732 2996 1961 3058 semper
2000 2978 2275 3056 loquitur,
2320 2996 2429 3037 nec
2468 2978 2697 3061 uspiam
2736 2978 2910 3037 talem

501 3060 931 3121 distinctionem
957 3058 1180 3135 innuit3
1224 3057 1350 3119 Nec
1373 3058 1460 3118 rei
1497 3058 1682 3137 ipsius
1721 3067 1931 3120 natura
1955 3078 2084 3119 eam
2124 3065 2317 3136 potest
2344 3057 2549 3135 facere,
2578 3057 2719 3136 quia
2744 3066 2906 3119 eeter-

500 3142 653 3201 nitas
677 3160 796 3200 non
823 3148 914 3201 est
939 3137 1285 3214 successiva,
1317 3137 1422 3198 sed
1446 3138 1823 3199 indivisibilis
1848 3148 1909 3200 et
1933 3147 2059 3199 tota
2086 3138 2277 3198 simul.

1102 3218 1218 3278 VI.
1260 3217 1428 3278 Licet
1455 3218 1707 3279 Decreta
1732 3219 1849 3279 alia
1873 3218 2005 3279 aliis
2030 3218 2224 3297 priora
2242 3217 2339 3278 vel
2365 3216 2685 3296 posteriora
2710 3216 2904 3277 dican-

533 3285 939 3391 Formas-elafio-
1019 3302 1131 3374 tur,
1169 3316 1288 3358 non
1328 3298 1588 3377 sequitur
1627 3318 1749 3359 non
1784 3318 1915 3359 esse
1954 3306 2171 3359 aterna
2208 3298 2271 3357 in
2311 3316 2409 3375 se;
2458 3296 2597 3375 quia
2634 3298 2747 3357 hoc
2789 3316 2907 3357 non

791 3380 806 3393 ‘
1019 3377 1232 3439 dicitur
1255 3398 1292 3439 a
1315 3388 1480 3457 parte
1509 3378 1638 3457 Dei,
1672 3380 1755 3439 sic
1782 3380 1938 3439 enim
1966 3386 2103 3441 sunt
2127 3378 2334 3439 unicus
2360 3386 2421 3438 et
2446 3377 2907 3455 simplicissimus

438 3482 448 3489 ·
494 3460 660 3515 actus
686 3454 748 3513 in
777 3454 922 3531 Deo,
953 3458 1058 3517 sed
1095 3466 1360 3538 respectu
1395 3459 1580 3519 nostri
1619 3458 1983 3537 concipiendi
2018 3459 2195 3536 modi,
2234 3459 2337 3536 qui
2374 3466 2609 3536 propter
2634 3457 2909 3517 distincta

492 3534 738 3613 objecta,
778 3534 1010 3597 decreta
1047 3558 1170 3597 non
1209 3558 1518 3617 possumus
1559 3538 1677 3599 nisi
1710 3539 1985 3600 distincte
2022 3557 2129 3618 per
2164 3539 2327 3617 prius
2352 3546 2413 3598 et
2451 3536 2738 3617 posterius
2765 3557 2900 3597 con-

489 3614 701 3694 cipere.
785 3616 882 3676 Ita
921 3618 1192 3695 prioritas
1237 3618 1340 3678 illa
1385 3628 1445 3681 et
1489 3620 1905 3697 posterioritas,
1950 3638 2068 3679 non
2110 3624 2231 3679 tam
2272 3618 2495 3679 ratione
2541 3617 2905 3677 decretorum

491 3696 807 3775 spectanda
833 3705 938 3775 est,
969 3716 1144 3777 quam
1183 3718 1376 3761 rerum
1403 3699 1781 3777 decretarum,
1810 3718 1943 3778 quse
1982 3699 2046 3759 in
2086 3698 2433 3760 executione
2474 3716 2642 3759 suum
2684 3697 2905 3759 habent

489 3778 768 3855 ordinem,
799 3784 860 3837 et
885 3778 1014 3837 aliae
1041 3779 1173 3838 aliis
1201 3788 1336 3839 sunt
1359 3780 1603 3858 priores,
1628 3780 1728 3840 vel
1753 3780 2120 3859 posteriores.

572 3856 719 3917 VII.
764 3856 924 3915 Illud
963 3878 1080 3917 non
1107 3866 1199 3919 est
1225 3866 1520 3937 ueternum,
1551 3881 1669 3938 quo
1696 3859 1920 3938 aliquid
1960 3860 2124 3938 prius
2151 3866 2243 3919 est
2267 3858 2469 3920 ordine
2496 3857 2816 3918 durationis
2844 3865 2905 3918 et

488 3936 782 4013 temporis,
813 3935 916 3995 sed
943 3937 1061 3997 dici
1085 3946 1279 4015 potest
1305 3948 1600 4017 aeternum,
1630 3960 1747 4018 quo
1775 3939 1998 4017 aliquid
2035 3939 2199 4017 prius
2226 3948 2316 3999 est
2354 3938 2653 4016 prioritate
2680 3938 2901 3998 ordinis

488 4022 549 4109 et
575 4024 831 4075 naturae:
877 4015 1037 4075 Deus
1063 4017 1234 4111 prior·
1247 4026 1338 4078 est
1362 4019 1612 4079 decretis
1637 4018 1761 4079 suis
1786 4018 2092 4099 posteriori
2132 4018 2324 4095 mode,
2353 4026 2420 4079 ut
2446 4038 2645 4079 eorum
2684 4018 2898 4096 princi-

489 4100 1399 4265 PlulrfanIIl?nC¹aa:ulffinnglnlosrdinper
1423 4174 1633 4237 effectu
1670 4196 1775 4236 suo
1816 4177 1975 4256 prior
2004 4186 2096 4239 est
2134 4178 2335 4238 ordine
2376 4175 2670 4257 temporis,
2718 4197 2793 4237 ne
2838 4177 2899 4237 in

493 4252 784 4313 Creaturis
811 4252 1063 4330 quidem,
1109 4253 1226 4314 imo
1268 4274 1420 4333 saepe
1463 4256 1531 4317 fit
1569 4264 1636 4316 ut
1676 4255 1916 4318 effectus
1955 4259 2146 4319 causis
2186 4258 2308 4319 suis
2334 4257 2455 4317 sint
2490 4257 2691 4335 coaevi,
2720 4278 2901 4335 quum

491 4332 714 4395 scilicet
739 4332 814 4393 ab
853 4331 974 4391 illis
1011 4352 1118 4411 per
1141 4335 1560 4395 emanationem
1601 4337 1955 4415 procedunt;
1998 4345 2067 4399 ut
2102 4339 2301 4399 lumen
2346 4336 2487 4415 Soli,
2524 4338 2671 4397 ratio
2697 4337 2897 4413 menti,

488 4422 656 4474 actus
699 4412 1046 4491 cognitionis
1084 4420 1148 4473 et
1183 4413 1510 4475 dilectionis
1554 4416 1618 4475 in
1660 4418 1959 4479 intellectu
1986 4418 2279 4496 Angelico
2318 4426 2379 4479 et
2417 4419 2671 4477 humano
2698 4437 2899 4477 recens

489 4502 702 4571 creato,
747 4500 882 4553 sunt
907 4492 1186 4575 ei-ywu.
1271 4494 1366 4557 Ita
1391 4495 1539 4556 nihil
1580 4496 1774 4559 obstat
1812 4498 2109 4559 decretum
2149 4516 2276 4558 esse
2320 4505 2670 4559 coaeternum
2709 4498 2839 4558 Deo
2864 4517 2901 4556 a

488 4584 606 4653 quo
633 4575 716 4651 fit,
745 4574 1015 4652 quamvis
1039 4594 1158 4634 non
1181 4583 1304 4635 tam
1329 4577 1546 4639 decreti
1573 4598 1765 4656 causa,
1794 4599 1969 4657 quam
1994 4579 2343 4658 principium
2364 4578 2482 4638 dici
2509 4578 2736 4639 debeat.

573 4655 692 4716 IX.
735 4654 902 4717 Licet
931 4654 1094 4718 Deus
1117 4664 1304 4719 mutet
1341 4656 1404 4719 in
1435 4666 1697 4740 tempore
1722 4660 2213 4740 dispensationem
2239 4678 2405 4721 suam
2432 4678 2575 4738 erga
2612 4658 2895 4733 homines,
