3300 5225
556 255 675 315 540
1539 274 1724 317 Locus
1753 273 1963 315 nouus.
2587 252 2870 335 [Quas-r.
2909 274 3005 315 xv.

551 420 689 487 tam,
728 432 846 471 non
886 421 1081 472 tamen
1120 413 1387 474 charitati
1427 414 1552 475 sive
1582 414 1694 481 Dei
1737 414 1862 472 sive
1898 410 2148 489 proximi
2184 419 2618 488 repugnantem,
2649 412 2834 490 quale
2897 423 3004 473 em

552 491 794 549 verbum
842 492 1107 567 otiosum,
1140 494 1237 551 vel
1268 495 1553 571 jocosum,
1595 494 1748 551 risus
1774 492 2004 565 nimius,
2035 487 2397 548 mendacium
2439 490 2798 569 officiosum;
2849 494 3002 552 Ista

551 588 682 645 quae
704 570 777 628 ob
800 570 1288 647 imperfectionem
1309 573 1497 649 operis
1517 572 1772 631 venialia
1790 589 1918 630 esse
1936 570 2288 647 judicantur,
2311 589 2442 647 quaa
2455 570 2666 631 iterum
2687 572 2996 649 duplicia.

556 652 608 706 1.
635 650 730 705 Ex
748 652 1111 726 subreptione,
1132 671 1265 728 quse
1282 672 1401 710 non
1418 660 1553 711 sunt
1571 650 1824 729 perfecte
1850 649 2194 723 voluntaria,
2206 648 2408 725 quales
2436 650 2614 709 subiti
2637 658 2844 710 motus
2873 670 2992 709 cu-

550 727 826 804 piditatis,
850 729 967 805 irae,
988 729 1277 805 vindictae,
1300 728 1426 805 ἀει,
1446 731 1548 808 qui
1564 732 1627 789 in
1646 730 1840 788 animo
1857 728 2131 803 existunt,
2151 728 2486 804 priusquam
2506 729 2654 787 ratio
2670 730 2850 806 plene
2867 730 2992 787 de·

550 805 794 865 liberare
822 809 1089 885 potuerit,
1121 828 1195 867 an
1217 811 1334 869 sint
1360 809 1704 868 admittendi
1730 826 1930 867 necne.
1959 811 2016 866 2.
2037 808 2136 865 Ex
2159 809 2724 883 mater-impervium,
2737 828 2882 885 quae
2917 808 2988 865 in

548 904 611 943 re
639 906 819 961 parva
845 886 1243 962 admittuntur,
1284 908 1342 947 v.
1381 908 1440 965 g.
1484 889 1702 947 furtum
1729 888 1904 963 oboli,
1947 886 2106 963 quod
2129 904 2240 943 nee
2265 888 2596 963 proximum
2623 887 2987 946 notabiliter

548 964 725 1041 laedit,
756 984 865 1024 nec
890 967 1226 1043 hujusmodi
1253 976 1357 1042 est,
1388 977 1455 1027 ut
1480 968 1637 1045 apud
1663 967 1926 1026 homines
1953 984 2150 1042 aequos
2175 964 2378 1024 tollere
2405 973 2581 1042 queat
2605 966 2958 1025 amicitiam.

1154 1047 1273 1105 III.
1318 1048 1477 1105 Hinc
1502 1055 1678 1125 patet,
1711 1047 1844 1105 Non
1871 1046 2052 1122 quaeri
2077 1044 2152 1102 de
2177 1052 2542 1121 peccatorum
2558 1046 2840 1121 paritate,
2864 1045 2980 1105 vel

615 1101 966 1207 S“‡{'J„}}{'⁸⁸⁵‘
1066 1124 1391 1201 imparitate
1404 1127 1696 1202 madanti,
1727 1125 1833 1184 sed
1852 1124 1926 1183 de
1946 1143 2146 1183 eorum
2165 1124 2430 1183 demerito
2451 1126 2744 1184 cssentxhlt'.
2803 1125 2970 1201 Non,

1071 1204 1171 1262 An
1197 1214 1435 1282 peccata
1461 1206 1656 1265 omnia
1681 1207 1831 1264 inter
1857 1224 1921 1263 se
1949 1204 2066 1262 sint
2098 1203 2276 1279 paria,
2307 1203 2463 1280 quod
2489 1203 2601 1263 fuit
2627 1204 2769 1263 olim
2799 1204 2970 1264 Stoi·-

547 1301 745 1340 corum
785 1282 1161 1361 paradoxum,
1206 1294 1265 1343 et
1306 1285 1463 1361 quod
1503 1304 1804 1362 perperam
1845 1284 2016 1359 nobis
2057 1282 2400 1359 impingitur
2437 1283 2512 1342 ab
2540 1282 2924 1343 Adversariis
2947 1306 2968 1344 ε

546 1361 603 1419 N
606 1381 671 1419 ec
699 1363 853 1419 enim
881 1362 931 1421 si
969 1371 1210 1438 peccata
1235 1364 1429 1421 omnia
1456 1364 1810 1423 conveniunt
1847 1362 1910 1420 in
1936 1380 2006 1421 eo
2033 1360 2194 1439 quod
2231 1361 2352 1420 sint
2383 1362 2664 1437 mortalia,
2693 1363 2966 1439 sequitur

544 1440 806 1517 protinus
834 1460 961 1499 esse
987 1442 1149 1518 paria
1174 1442 1237 1499 in
1264 1442 1548 1518 omnibus,
1576 1444 1717 1521 quia
1743 1440 1970 1500 differre
1995 1448 2242 1517 possunt
2257 1440 2409 1499 inter
2435 1460 2498 1501 se
2516 1441 2712 1518 quoad
2737 1442 2964 1519 gradus

544 1519 825 1593 demeriti,
858 1528 924 1579 ut
948 1521 1225 1596 majorem
1252 1522 1349 1580 vel
1374 1522 1657 1581 minorem
1681 1540 1913 1601 poenam
1939 1528 2302 1595 mereantur3
2350 1520 2467 1580 Sed
2492 1528 2718 1580 tantum
2746 1522 2960 1598 quaeri-

543 1605 657 1672 tur,
690 1599 789 1655 An
819 1599 936 1657 sint
962 1619 1039 1657 ex
1068 1619 1233 1676 aequo
1260 1602 1545 1659 mortalia.

628 1677 739 1735 IV.
784 1681 839 1735 2.
872 1677 1004 1735 Non
1032 1679 1323 1754 quaeritur,
1355 1679 1457 1737 An
1487 1680 1733 1738 Peccata
1757 1678 1984 1756 possint
2011 1677 2126 1737 dici
2153 1680 2437 1753 mortalia,
2459 1679 2558 1737 vel
2583 1679 2846 1753 venialia,
2881 1700 2962 1738 ex

546 1764 737 1815 eventu
758 1778 777 1815 .-
822 1756 1097 1816 Fatemur
1140 1758 1311 1833 enim,
1342 1758 1535 1835 quoad
1578 1757 1873 1818 eventum'
1899 1778 2004 1833 per
2043 1758 2290 1833 gratiam
2333 1758 2446 1817 Dei
2491 1758 2676 1817 multa
2714 1768 2961 1834 peecata

545 1853 675 1901 esse
702 1835 968 1909 venialia,
1000 1855 1129 1912 quae
1159 1837 1379 1896 scilicet
1405 1838 1776 1897 remittuntur
1802 1858 1838 1895 a
1866 1838 2010 1913 De0,
2048 1846 2108 1895 et
2135 1856 2204 1895 eo
2231 1856 2405 1896 sensu
2432 1856 2734 1895 censemus
2759 1838 2960 1895 omnia

542 1922 781 1989 peccata
806 1914 1063 1972 fidelium
1090 1934 1263 1991 posse
1289 1916 1405 1976 dici
1430 1918 1698 1991 venialia,
1728 1917 1866 1994 quia
1891 1916 2116 1974 nullum
2143 1924 2234 1975 est
2259 1914 2416 1993 quod
2441 1916 2826 1975 eventuaiiter
2850 1936 2962 1991 per

548 1992 659 2050 Dei
698 1993 1147 2052 misericordiam
1188 2014 1307 2054 non
1348 1995 1737 2072 condonetur;
1783 1996 1863 2054 Et
1903 1996 2096 2053 omnia
2133 2005 2372 2071 peccata
2410 1995 2784 2072 reproborum
2825 2014 2960 2054 esse

542 2072 825 2148 mortalia,
856 2072 993 2149 quia
1018 2074 1242 2133 nullum
1271 2095 1469 2135 eorum
1495 2077 1726 2134 veniam
1755 2075 1978 2133 obtinet
2003 2097 2017 2134 ε
2064 2073 2196 2150 Sed,
2229 2074 2330 2132 An
2356 2074 2497 2133 talia
2523 2074 2640 2132 sint
2669 2093 2786 2149 per
2809 2094 2869 2132 sc
2899 2084 2962 2133 et

542 2160 755 2210 natura
769 2172 891 2226 sua,
914 2160 979 2211 ut
994 2153 1257 2229 quaedam
1279 2155 1543 2213 mortalia
1560 2156 1692 2230 sint,
1717 2154 1796 2213 id.
1814 2163 1999 2213 morte
2015 2153 2211 2231 digna,
2235 2153 2500 2231 quaedam
2519 2172 2658 2211 vero
2679 2153 2955 2228 venialia,

544 2250 677 2306 quae
706 2232 936 2292 veniam
964 2251 1041 2290 ex
1068 2252 1130 2291 se
1157 2243 1501 2295 mereantur.

625 2309 703 2367 V.
746 2312 804 2369 3.
834 2311 889 2367 N
893 2330 967 2368 on
996 2313 1287 2388 quaeritur,
1320 2312 1419 2370 An
1446 2313 1674 2372 admitti
1701 2312 1887 2389 possit
1915 2311 2208 2370 distinctio
2236 2311 2418 2369 relate
2443 2310 2518 2369 ad
2561 2310 2958 2370 Providentiae

541 2386 758 2447 divinae
786 2388 1339 2450 administrationem
1368 2392 1430 2449 in
1456 2392 1672 2450 foedere
1701 2392 1902 2469 gratiae
1930 2391 1992 2447 in
2031 2390 2338 2467 puniendis
2377 2389 2630 2467 peccatis
2657 2389 2954 2465 fidelium3

545 2465 646 2523 An
673 2468 937 2542 quaedam
966 2479 1201 2543 peccata
1226 2471 1288 2528 in
1314 2471 1600 2546 fidelibus,
1630 2471 1898 2529 mortalia
1923 2469 2148 2546 possint
2175 2467 2307 2543 dici,
2337 2470 2474 2545 quia
2502 2468 2706 2545 gravia
2731 2476 2866 2528 sunt
2892 2477 2960 2527 et

542 2546 776 2620 atrocia,
801 2566 930 2624 quse
958 2547 1131 2609 altius
1158 2550 1466 2609 vulnerant
1492 2560 1551 2609 et
1576 2558 1808 2608 vastant
1838 2548 2264 2624 conscientiam,
2289 2568 2419 2626 quae
2445 2557 2638 2606 actum
2663 2547 2801 2607 fidei
2821 2548 2952 2626 jua-

542 2624 818 2684 tificantis
846 2626 1181 2704 impediunt,
1226 2638 1286 2689 et
1310 2640 1655 2706 praesentem
1681 2629 2080 2688 habitudinem
2105 2628 2319 2687 tollunt
2359 2628 2435 2687 ad
2477 2629 2746 2706 Regnum
2773 2628 2951 2686 coelo-

542 2724 687 2780 rum,
720 2705 931 2781 quibus
978 2706 1110 2764 ideo
1152 2708 1297 2766 iram
1342 2719 1400 2768 et
1443 2708 1900 2786 indignationem
1939 2707 2266 2783 denunciet,
2312 2707 2429 2765 imo
2471 2707 2864 2765 exclusionem
2911 2726 2953 2765 a

544 2783 753 2860 Regno
782 2785 1055 2844 coelorum
1084 2793 1143 2844 et
1160 2795 1404 2846 mortem
1426 2795 1698 2846 aeternam
1725 2787 2142 2860 interminetur,
2165 2785 2361 2862 qualia
2386 2795 2521 2845 sunt
2548 2805 2616 2843 ea
2635 2785 2710 2844 de
2737 2785 2950 2862 quibus

543 2863 752 2938 agitur,
788 2865 819 2920 1
856 2864 985 2920 Cor.
1014 2864 1095 2921 vi.
1130 2867 1241 2939 103
1288 2867 1507 2924 Coloss.
1538 2867 1618 2924 iii.
1650 2869 1687 2923 5
1713 2888 1727 2940 3
1775 2866 1914 2924 Alia
1940 2885 2080 2924 vero
2106 2865 2376 2939 venialia,
2406 2883 2537 2941 quae
2566 2873 2702 2922 sunt
2727 2863 2948 2922 leviora

542 2949 604 2998 et
630 2941 983 3016 quotidianae
1012 2942 1372 3017 incursionis,
1402 2963 1533 3020 quae
1562 2945 1764 3022 gratiae
1793 2945 2052 3020 regimen
2093 2951 2152 3002 et
2191 2943 2582 3020 operationem
2623 2963 2740 3001 non
2766 2943 2944 3019 impe-

543 3018 727 3094 diunt,
774 3038 882 3076 nec
912 3038 1145 3077 sensum
1172 3020 1388 3080 favoris
1430 3023 1559 3098 Dei,
1603 3031 1706 3081 aut
1729 3023 2002 3081 fiduciam
2042 3022 2117 3081 de
2143 3022 2478 3082 remissione
2521 3031 2882 3098 peccatorum
2909 3041 2946 3080 a

544 3096 813 3154 fidelibus
840 3097 1122 3173 auferunt,
1155 3101 1349 3177 qualia
1384 3110 1535 3177 sunt,
1574 3095 1826 3161 ‘rebelles
1867 3101 2344 3179 concupiscentias
2383 3110 2591 3176 motus,
2623 3101 2696 3160 de
2736 3100 2942 3178 quibus

544 3175 915 3250 conqueritur
941 3176 1176 3254 Paulus,
1223 3181 1393 3240 Rom.
1423 3181 1543 3256 vii„
1574 3190 1633 3241 et
1661 3181 1919 3241 defectus
1957 3191 2018 3241 et
2043 3181 2211 3257 naevi,
2256 3181 2362 3257 qui
2384 3181 2560 3239 etiam
2599 3180 2829 3260 optimis
2854 3199 2940 3238 re-

546 3261 810 3312 natorum
864 3256 1133 3333 operibus
1186 3258 1585 3320 adhaerescunt
1610 3283 1624 3320 :
1669 3261 1802 3320 Hoc
1844 3279 2017 3320 sensu
2063 3279 2181 3318 non
2223 3259 2433 3319 desunt
2476 3279 2508 3318 e
2557 3259 2801 3334 Nostris,
2843 3258 2943 3335 qui

546 3333 767 3410 peccati
792 3335 1052 3394 mortalis
1080 3344 1139 3396 et
1184 3339 1433 3399 venialis
1458 3340 1886 3399 distinctionem
1913 3339 2148 3398 retineri
2172 3358 2342 3415 posse
2383 3347 2670 3413 censeant,
2701 3346 2768 3398 ut
2796 3338 2940 3396 Rob.

546 3413 699 3473 Baro
727 3423 859 3490 post
878 3414 1209 3494 Theologos
1228 3418 1315 3478 Μ.
1338 3420 1671 3495 Britannias,
1700 3419 1763 3477 in
1779 3421 1822 3480 J
1824 3419 2018 3478 udicio
2045 3437 2150 3477 suo
2170 3418 2244 3476 de
2267 3418 2738 3476 Perseverantia:
2765 3437 2940 3494 quan-

544 3513 719 3571 quam
746 3513 862 3552 non
890 3495 1033 3555 satis
1072 3499 1375 3558 commoda
1399 3500 1668 3558 videatur
1705 3507 1939 3576 propter
1966 3497 2369 3572 Adversarios,
2413 3505 2473 3555 et
2497 3496 2702 3554 melior
2727 3496 2803 3554 sit
2829 3495 2939 3554 dis-

543 3573 747 3633 tinctio
792 3583 1157 3650 peeeatorum
1198 3579 1465 3654 gravium
1506 3587 1566 3638 et
1589 3579 1849 3638 levium:
1895 3577 2013 3636 Sed
2039 3577 2314 3654 quaeritur
2354 3575 2692 3652 simpliciter
2729 3575 2802 3633 de
2843 3594 2940 3632 na-

542 3661 675 3714 tura
699 3662 1063 3730 peccatorum
1090 3656 1151 3712 in
1180 3677 1258 3733 se,
1302 3667 1364 3718 et
1395 3659 1569 3736 juxta
1595 3658 1846 3736 rigorem
1875 3656 2069 3733 Legis,
2113 3676 2246 3733 quse
2283 3655 2549 3715 mortalia
2589 3655 2781 3714 omnia
2819 3673 2940 3714 esse

544 3751 864 3807 censemus,
892 3734 1117 3793 nullum
1144 3755 1281 3795 vere
1310 3738 1557 3797 veniale.

627 3813 738 3870 VI.
782 3810 1037 3884 Quaestio
1080 3833 1219 3892 ergo
1260 3835 1331 3876 eo
1374 3816 1565 3892 redit;
1608 3815 1710 3874 An
1751 3823 1988 3893 peccata
2030 3813 2222 3872 omnia
2261 3833 2366 3891 per
2409 3833 2472 3874 se
2507 3822 2567 3873 et
2609 3819 2814 3872 natura
2839 3831 2940 3871 sua

545 3890 664 3950 sint
683 3890 962 3966 mortalia,
992 3911 1110 3950 non
1135 3903 1202 3954 ut
1230 3915 1455 3973 semper
1480 3904 1615 3954 actu
1640 3904 1826 3954 morte
1851 3896 2192 3972 plectantur,
2223 3895 2330 3954 sed
2355 3903 2422 3955 ut
2445 3914 2515 3953 ea
2542 3892 2659 3953 sint
2674 3891 2864 3970 digus,
2883 3899 2939 3950 et

538 3969 700 4048 juste
741 3967 917 4046 plecti
942 3972 1201 4049 possint;
1248 3973 1349 4032 An
1388 3993 1529 4034 vero
1570 3973 1838 4050 quaedam
1861 3973 2144 4050 mortalia,
2187 3975 2454 4052 quaedam
2492 3993 2634 4033 vero
2673 3971 2932 4046 venialia,

542 4067 662 4106 non
689 4067 764 4106 ex
791 4056 1001 4108 eventu
1028 4059 1087 4108 et
1112 4071 1215 4128 per
1241 4053 1504 4130 gratiam,
1548 4053 1654 4112 sed
1679 4061 1886 4112 natura
1913 4072 2020 4112 sus.
2041 4062 2103 4112 et
2139 4053 2454 4113 secundum
2483 4053 2718 4128 Legem.
2803 4051 2934 4110 Pos-

538 4127 725 4186 terius
751 4125 957 4184 volunt
984 4127 1356 4208 Adversarii3
1402 4133 1457 4190 N
1459 4152 1525 4190 os
1550 4132 1714 4209 prius
1738 4133 2066 4192 statuimus.
2398 4211 2412 4224 ⁶
2744 4209 2757 4222 ο

544 4250 765 4354 Nzffi
781 4247 1022 4354 “sssnffit
1062 4296 1156 4363 m,
1186 4211 1361 4348 ἷζέζ.
1378 4211 2572 4368 Ῑέἲ“ἕὲθὲιᾞζέ·ᾳῗέἶέἔὲἰέῗλοηε”“
2531 4217 2934 4362 '⁹3‘QOssss

560 4368 879 4472 Lpgssbssfflssi.
900 4424 976 4473 23·
1054 4367 1219 4461 ἶινὶἰί.
1248 4370 1344 4444 20,
1394 4369 1510 4464 ubi·
1524 4372 1728 4465 agitur·
1764 4391 1883 4431 non
1909 4371 1992 4463 de·
2009 4369 2206 4446 aliquo
2230 4377 2470 4462 peccato
2496 4369 2558 4426 in
2593 4365 2798 4459 specie,
2835 4363 2932 4424 sed

1061 4468 1121 4506 m
1150 4467 1377 4526 genere,
1408 4459 1468 4508 et
1492 4450 1790 4510 mdefimte
1817 4459 2034 4510 mentio
2071 4449 2142 4507 fit
2175 4457 2414 4526 peccati,
2454 4456 2522 4507 ut
2560 4445 2808 4524 quodvis
2831 4463 2926 4502 no-

518 4536 731 4605 -tetur;
773 4528 905 4588 ideo
933 4530 1030 4590 vel
1056 4537 1353 4606 peccatum
1381 4529 1609 4590 veniale
1636 4549 1754 4590 non
1781 4539 1870 4588 est
1897 4535 2213 4606 peccatum,
2254 4528 2348 4604 vel
2387 4536 2628 4599 mortem
2669 4532 2924 4599 meretur,

3232 777 3241 786 .
3214 647 3237 754 --·-
3142 478 3237 628 ‘O‘

3237 3516 3270 3678 -J
