<?xml version="1.0" encoding="UTF-8"?>
<!DOCTYPE html PUBLIC "-//W3C//DTD XHTML 1.0 Transitional//EN"
    "http://www.w3.org/TR/xhtml1/DTD/xhtml1-transitional.dtd">
<html xmlns="http://www.w3.org/1999/xhtml" xml:lang="en" lang="en">
 <head>
  <title>
</title>
<meta http-equiv="Content-Type" content="text/html;charset=utf-8" />
  <meta name='ocr-system' content='tesseract 3.04.00' />
  <meta name='ocr-capabilities' content='ocr_page ocr_carea ocr_par ocr_line ocrx_word'/>
</head>
<body>
  <div class='ocr_page' id='page_1' title='image "./institutiotheol00turrgoog_0240.png"; bbox 0 0 3300 5225; ppageno 0'>
   <div class='ocr_carea' id='block_1_1' title="bbox 568 358 2974 442">
    <p class='ocr_par' dir='ltr' id='par_1_1' title="bbox 568 358 2974 442">
     <span class='ocr_line' id='line_1_1' title="bbox 568 358 2974 442; baseline 0.001 -22"><span class='ocrx_word' id='word_1_1' title='bbox 568 360 687 421; x_wconf 80' lang='lat'><strong>188</strong></span> <span class='ocrx_word' id='word_1_2' title='bbox 1532 382 1720 425; x_wconf 65' lang='lat' dir='ltr'><strong>Locus</strong></span> <span class='ocrx_word' id='word_1_3' title='bbox 1747 382 2016 424; x_wconf 71' lang='lat' dir='ltr'><strong>remma.</strong></span> <span class='ocrx_word' id='word_1_4' title='bbox 2581 358 2833 442; x_wconf 62' lang='lat' dir='ltr'><strong>[quaer.</strong></span> <span class='ocrx_word' id='word_1_5' title='bbox 2861 380 2974 423; x_wconf 83' lang='lat'>111.</span> 
     </span>
    </p>
   </div>
   <div class='ocr_carea' id='block_1_2' title="bbox 547 520 2978 4753">
    <p class='ocr_par' dir='ltr' id='par_1_2' title="bbox 547 520 2978 4753">
     <span class='ocr_line' id='line_1_2' title="bbox 569 520 2975 601; baseline 0.002 -22"><span class='ocrx_word' id='word_1_6' title='bbox 569 520 759 579; x_wconf 85' lang='lat' dir='ltr'><strong>Patris</strong></span> <span class='ocrx_word' id='word_1_7' title='bbox 775 523 805 579; x_wconf 73' lang='grc'>9</span> <span class='ocrx_word' id='word_1_8' title='bbox 859 520 1031 579; x_wconf 85' lang='lat' dir='ltr'><strong>Matt.</strong></span> <span class='ocrx_word' id='word_1_9' title='bbox 1060 540 1119 579; x_wconf 85' lang='lat' dir='ltr'><strong>x.</strong></span> <span class='ocrx_word' id='word_1_10' title='bbox 1150 522 1246 596; x_wconf 76' lang='lat'><strong>29,</strong></span> <span class='ocrx_word' id='word_1_11' title='bbox 1278 522 1393 597; x_wconf 75' lang='lat'><strong>303</strong></span> <span class='ocrx_word' id='word_1_12' title='bbox 1452 522 1684 601; x_wconf 82' lang='lat' dir='ltr'><strong>Ecquid</strong></span> <span class='ocrx_word' id='word_1_13' title='bbox 1729 523 1950 583; x_wconf 87' lang='lat' dir='ltr'><strong>Paulus</strong></span> <span class='ocrx_word' id='word_1_14' title='bbox 1993 522 2148 582; x_wconf 89' lang='lat' dir='ltr'><strong>Heb.</strong></span> <span class='ocrx_word' id='word_1_15' title='bbox 2189 520 2271 582; x_wconf 82' lang='lat' dir='ltr'><strong>iv.</strong></span> <span class='ocrx_word' id='word_1_16' title='bbox 2318 523 2411 597; x_wconf 88' lang='lat'><strong>13,</strong></span> <span class='ocrx_word' id='word_1_17' title='bbox 2453 529 2740 581; x_wconf 74' lang='lat' dir='ltr'><strong>assereret</strong></span> <span class='ocrx_word' id='word_1_18' title='bbox 2777 522 2975 583; x_wconf 85' lang='lat' dir='ltr'><strong>omnia</strong></span> 
     </span>
     <span class='ocr_line' id='line_1_3' title="bbox 564 598 2976 682; baseline 0.001 -23"><span class='ocrx_word' id='word_1_19' title='bbox 564 621 692 659; x_wconf 86' lang='lat' dir='ltr'><strong>esse</strong></span> <span class='ocrx_word' id='word_1_20' title='bbox 719 598 878 659; x_wconf 88' lang='lat' dir='ltr'><strong>nuda</strong></span> <span class='ocrx_word' id='word_1_21' title='bbox 903 608 962 659; x_wconf 91' lang='lat' dir='ltr'><strong>et</strong></span> <span class='ocrx_word' id='word_1_22' title='bbox 986 603 1417 682; x_wconf 58' lang='lat' dir='ltr'><strong>mezzana-pira</strong></span> <span class='ocrx_word' id='word_1_23' title='bbox 1442 623 1635 662; x_wconf 89' lang='lat' dir='ltr'><strong>coram</strong></span> <span class='ocrx_word' id='word_1_24' title='bbox 1663 604 1808 681; x_wconf 90' lang='lat' dir='ltr'><strong>ipso,</strong></span> <span class='ocrx_word' id='word_1_25' title='bbox 1851 612 1912 663; x_wconf 90' lang='lat' dir='ltr'><strong>et</strong></span> <span class='ocrx_word' id='word_1_26' title='bbox 1936 602 2156 661; x_wconf 86' lang='lat' dir='ltr'><strong>nullam</strong></span> <span class='ocrx_word' id='word_1_27' title='bbox 2196 621 2324 660; x_wconf 87' lang='lat' dir='ltr'><strong>esse</strong></span> <span class='ocrx_word' id='word_1_28' title='bbox 2350 608 2670 660; x_wconf 87' lang='lat' dir='ltr'><strong>creaturam</strong></span> <span class='ocrx_word' id='word_1_29' title='bbox 2697 621 2830 679; x_wconf 76' lang='lat' dir='ltr'><strong>quae</strong></span> <span class='ocrx_word' id='word_1_30' title='bbox 2855 622 2976 661; x_wconf 89' lang='lat' dir='ltr'><strong>non</strong></span> 
     </span>
     <span class='ocr_line' id='line_1_4' title="bbox 564 678 2974 760; baseline 0 -21"><span class='ocrx_word' id='word_1_31' title='bbox 564 681 643 740; x_wconf 90' lang='lat' dir='ltr'><strong>sit</strong></span> <span class='ocrx_word' id='word_1_32' title='bbox 668 678 973 738; x_wconf 86' lang='lat' dir='ltr'><strong>manifesta</strong></span> <span class='ocrx_word' id='word_1_33' title='bbox 998 680 1061 737; x_wconf 92' lang='lat' dir='ltr'><strong>in</strong></span> <span class='ocrx_word' id='word_1_34' title='bbox 1087 682 1217 759; x_wconf 89' lang='lat' dir='ltr'><strong>ejus</strong></span> <span class='ocrx_word' id='word_1_35' title='bbox 1243 691 1556 759; x_wconf 85' lang='lat' dir='ltr'><strong>conspectu</strong></span> <span class='ocrx_word' id='word_1_36' title='bbox 1574 686 1607 743; x_wconf 84' lang='lat'><strong>?</strong></span> <span class='ocrx_word' id='word_1_37' title='bbox 1645 681 1876 760; x_wconf 79' lang='lat' dir='ltr'><strong>Ecquid</strong></span> <span class='ocrx_word' id='word_1_38' title='bbox 1905 683 2002 742; x_wconf 91' lang='lat' dir='ltr'><strong>Ps.</strong></span> <span class='ocrx_word' id='word_1_39' title='bbox 2031 681 2231 740; x_wconf 77' lang='lat' dir='ltr'><strong>cxlvii.</strong></span> <span class='ocrx_word' id='word_1_40' title='bbox 2260 684 2317 756; x_wconf 81' lang='lat'><strong>4,</strong></span> <span class='ocrx_word' id='word_1_41' title='bbox 2348 681 2614 740; x_wconf 90' lang='lat' dir='ltr'><strong>innueret</strong></span> <span class='ocrx_word' id='word_1_42' title='bbox 2642 681 2834 740; x_wconf 89' lang='lat' dir='ltr'><strong>Deum</strong></span> <span class='ocrx_word' id='word_1_43' title='bbox 2861 702 2974 741; x_wconf 85' lang='lat' dir='ltr'><strong>nn·</strong></span> 
     </span>
     <span class='ocr_line' id='line_1_5' title="bbox 562 759 2976 838; baseline 0.002 -21"><span class='ocrx_word' id='word_1_44' title='bbox 562 778 784 818; x_wconf 87' lang='lat' dir='ltr'><strong>merare</strong></span> <span class='ocrx_word' id='word_1_45' title='bbox 808 759 1241 820; x_wconf 81' lang='lat' dir='ltr'><strong>multitudinem</strong></span> <span class='ocrx_word' id='word_1_46' title='bbox 1269 762 1583 837; x_wconf 86' lang='lat' dir='ltr'><strong>stellarum,</strong></span> <span class='ocrx_word' id='word_1_47' title='bbox 1614 770 1676 822; x_wconf 89' lang='lat' dir='ltr'><strong>et</strong></span> <span class='ocrx_word' id='word_1_48' title='bbox 1701 764 1933 822; x_wconf 90' lang='lat' dir='ltr'><strong>nomine</strong></span> <span class='ocrx_word' id='word_1_49' title='bbox 1975 761 2235 838; x_wconf 77' lang='lat' dir='ltr'><strong>singulas</strong></span> <span class='ocrx_word' id='word_1_50' title='bbox 2261 780 2488 835; x_wconf 86' lang='lat' dir='ltr'><strong>vocare,</strong></span> <span class='ocrx_word' id='word_1_51' title='bbox 2518 760 2634 819; x_wconf 85' lang='lat' dir='ltr'><strong>nisi</strong></span> <span class='ocrx_word' id='word_1_52' title='bbox 2662 761 2825 820; x_wconf 89' lang='lat' dir='ltr'><strong>Deus</strong></span> <span class='ocrx_word' id='word_1_53' title='bbox 2853 762 2976 821; x_wconf 84' lang='lat' dir='ltr'><strong>ein-</strong></span> 
     </span>
     <span class='ocr_line' id='line_1_6' title="bbox 562 838 2974 919; baseline 0.001 -22"><span class='ocrx_word' id='word_1_54' title='bbox 562 840 702 917; x_wconf 88' lang='lat' dir='ltr'><strong>gula</strong></span> <span class='ocrx_word' id='word_1_55' title='bbox 747 838 1069 899; x_wconf 82' lang='lat' dir='ltr'><strong>intueretur</strong></span> <span class='ocrx_word' id='word_1_56' title='bbox 1082 843 1112 900; x_wconf 71' lang='grc' dir='ltr'><strong><em>Ρ</em></strong></span> <span class='ocrx_word' id='word_1_57' title='bbox 1152 842 1234 901; x_wconf 89' lang='lat' dir='ltr'><strong>Et</strong></span> <span class='ocrx_word' id='word_1_58' title='bbox 1280 842 1333 901; x_wconf 85' lang='lat' dir='ltr'><strong>si</strong></span> <span class='ocrx_word' id='word_1_59' title='bbox 1365 841 1529 901; x_wconf 87' lang='lat' dir='ltr'><strong>Deus</strong></span> <span class='ocrx_word' id='word_1_60' title='bbox 1570 842 1676 901; x_wconf 84' lang='lat' dir='ltr'><strong>illa</strong></span> <span class='ocrx_word' id='word_1_61' title='bbox 1709 843 1928 902; x_wconf 84' lang='lat' dir='ltr'><strong>creavit</strong></span> <span class='ocrx_word' id='word_1_62' title='bbox 1954 850 2015 901; x_wconf 90' lang='lat' dir='ltr'><strong>et</strong></span> <span class='ocrx_word' id='word_1_63' title='bbox 2055 841 2359 919; x_wconf 86' lang='lat' dir='ltr'><strong>gubernat,</strong></span> <span class='ocrx_word' id='word_1_64' title='bbox 2405 840 2612 919; x_wconf 90' lang='lat' dir='ltr'><strong>quidni</strong></span> <span class='ocrx_word' id='word_1_65' title='bbox 2653 841 2830 899; x_wconf 87' lang='lat' dir='ltr'><strong>etiam</strong></span> <span class='ocrx_word' id='word_1_66' title='bbox 2869 842 2974 901; x_wconf 88' lang='lat' dir='ltr'><strong>illa</strong></span> 
     </span>
     <span class='ocr_line' id='line_1_7' title="bbox 560 922 2816 985; baseline 0.004 -8"><span class='ocrx_word' id='word_1_67' title='bbox 560 936 631 977; x_wconf 91' lang='lat' dir='ltr'><strong>co</strong></span> <span class='ocrx_word' id='word_1_68' title='bbox 716 926 879 977; x_wconf 86' lang='lat' dir='ltr'><strong>oscat</strong></span> <span class='ocrx_word' id='word_1_69' title='bbox 892 922 922 978; x_wconf 72' lang='grc' dir='ltr'>Ρ</span> <span class='ocrx_word' id='word_1_70' title='bbox 2063 974 2074 985; x_wconf 92' lang='grc'><strong>.</strong></span> <span class='ocrx_word' id='word_1_71' title='bbox 2805 944 2816 953; x_wconf 92' lang='grc'><em>·</em></span> 
     </span>
     <span class='ocr_line' id='line_1_8' title="bbox 635 940 2978 1078; baseline 0.002 -22"><span class='ocrx_word' id='word_1_72' title='bbox 635 940 755 1057; x_wconf 49' lang='grc' dir='ltr'><strong>ξΤΠΙ.</strong></span> <span class='ocrx_word' id='word_1_73' title='bbox 798 997 1137 1059; x_wconf 75' lang='lat' dir='ltr'><strong>Intellectus</strong></span> <span class='ocrx_word' id='word_1_74' title='bbox 1164 999 1401 1061; x_wconf 83' lang='lat' dir='ltr'><strong>divinus</strong></span> <span class='ocrx_word' id='word_1_75' title='bbox 1423 1020 1543 1060; x_wconf 88' lang='lat' dir='ltr'><strong>non</strong></span> <span class='ocrx_word' id='word_1_76' title='bbox 1580 1000 1770 1077; x_wconf 87' lang='lat' dir='ltr'><strong>magis</strong></span> <span class='ocrx_word' id='word_1_77' title='bbox 1796 1000 2027 1074; x_wconf 72' lang='lat' dir='ltr'><strong>vilescit</strong></span> <span class='ocrx_word' id='word_1_78' title='bbox 2064 1021 2102 1061; x_wconf 88' lang='lat' dir='ltr'><strong>a</strong></span> <span class='ocrx_word' id='word_1_79' title='bbox 2139 1000 2224 1059; x_wconf 88' lang='lat' dir='ltr'><strong>rei</strong></span> <span class='ocrx_word' id='word_1_80' title='bbox 2251 1000 2386 1059; x_wconf 81' lang='lat' dir='ltr'><strong>vilis</strong></span> <span class='ocrx_word' id='word_1_81' title='bbox 2421 998 2769 1078; x_wconf 78' lang='lat' dir='ltr'><strong>cognitione,</strong></span> <span class='ocrx_word' id='word_1_82' title='bbox 2799 996 2978 1078; x_wconf 80' lang='lat' dir='ltr'><strong>quam</strong></span> 
     </span>
     <span class='ocr_line' id='line_1_9' title="bbox 565 1078 2973 1159; baseline 0 -21"><span class='ocrx_word' id='word_1_83' title='bbox 565 1078 668 1138; x_wconf 88' lang='lat' dir='ltr'><strong>Sol</strong></span> <span class='ocrx_word' id='word_1_84' title='bbox 694 1078 1029 1155; x_wconf 78' lang='lat' dir='ltr'><strong>inquinatur</strong></span> <span class='ocrx_word' id='word_1_85' title='bbox 1060 1100 1097 1139; x_wconf 88' lang='lat' dir='ltr'><strong>a</strong></span> <span class='ocrx_word' id='word_1_86' title='bbox 1122 1100 1183 1139; x_wconf 91' lang='lat' dir='ltr'><strong>re</strong></span> <span class='ocrx_word' id='word_1_87' title='bbox 1211 1082 1384 1159; x_wconf 87' lang='lat' dir='ltr'><strong>turpi.</strong></span> <span class='ocrx_word' id='word_1_88' title='bbox 1468 1081 1549 1140; x_wconf 86' lang='lat' dir='ltr'><strong>Et</strong></span> <span class='ocrx_word' id='word_1_89' title='bbox 1574 1082 1629 1139; x_wconf 89' lang='lat' dir='ltr'><strong>si</strong></span> <span class='ocrx_word' id='word_1_90' title='bbox 1655 1100 1771 1140; x_wconf 90' lang='lat' dir='ltr'><strong>non</strong></span> <span class='ocrx_word' id='word_1_91' title='bbox 1799 1081 2005 1141; x_wconf 86' lang='lat' dir='ltr'><strong>eviluit</strong></span> <span class='ocrx_word' id='word_1_92' title='bbox 2035 1081 2146 1139; x_wconf 91' lang='lat' dir='ltr'><strong>Dei</strong></span> <span class='ocrx_word' id='word_1_93' title='bbox 2173 1080 2448 1159; x_wconf 87' lang='lat' dir='ltr'><strong>potentia,</strong></span> <span class='ocrx_word' id='word_1_94' title='bbox 2479 1100 2658 1157; x_wconf 86' lang='lat' dir='ltr'><strong>quum</strong></span> <span class='ocrx_word' id='word_1_95' title='bbox 2686 1100 2786 1139; x_wconf 82' lang='lat' dir='ltr'><strong>eas</strong></span> <span class='ocrx_word' id='word_1_96' title='bbox 2813 1100 2973 1139; x_wconf 88' lang='lat' dir='ltr'><strong>crea-</strong></span> 
     </span>
     <span class='ocr_line' id='line_1_10' title="bbox 558 1158 2973 1238; baseline 0.002 -23"><span class='ocrx_word' id='word_1_97' title='bbox 558 1158 664 1233; x_wconf 85' lang='lat' dir='ltr'><strong>vit,</strong></span> <span class='ocrx_word' id='word_1_98' title='bbox 696 1178 799 1217; x_wconf 88' lang='lat' dir='ltr'><strong>cnr</strong></span> <span class='ocrx_word' id='word_1_99' title='bbox 825 1158 1131 1220; x_wconf 77' lang='lat' dir='ltr'><strong>vilesceret</strong></span> <span class='ocrx_word' id='word_1_100' title='bbox 1157 1160 1285 1238; x_wconf 87' lang='lat' dir='ltr'><strong>ejus</strong></span> <span class='ocrx_word' id='word_1_101' title='bbox 1314 1161 1554 1220; x_wconf 88' lang='lat' dir='ltr'><strong>scientia</strong></span> <span class='ocrx_word' id='word_1_102' title='bbox 1582 1180 1682 1220; x_wconf 88' lang='lat' dir='ltr'><strong>eas</strong></span> <span class='ocrx_word' id='word_1_103' title='bbox 1709 1161 1986 1220; x_wconf 88' lang='lat' dir='ltr'><strong>intuendo</strong></span> <span class='ocrx_word' id='word_1_104' title='bbox 2004 1164 2034 1220; x_wconf 72' lang='grc' dir='ltr'>Ρ</span> <span class='ocrx_word' id='word_1_105' title='bbox 2116 1161 2246 1219; x_wconf 90' lang='lat' dir='ltr'><strong>Imo</strong></span> <span class='ocrx_word' id='word_1_106' title='bbox 2287 1180 2418 1219; x_wconf 91' lang='lat' dir='ltr'><strong>cum</strong></span> <span class='ocrx_word' id='word_1_107' title='bbox 2446 1180 2540 1219; x_wconf 87' lang='lat' dir='ltr'><strong>res</strong></span> <span class='ocrx_word' id='word_1_108' title='bbox 2567 1180 2768 1219; x_wconf 87' lang='lat' dir='ltr'><strong>omnes</strong></span> <span class='ocrx_word' id='word_1_109' title='bbox 2795 1160 2973 1219; x_wconf 80' lang='lat' dir='ltr'><strong>etiam</strong></span> 
     </span>
     <span class='ocr_line' id='line_1_11' title="bbox 558 1238 2972 1319; baseline 0.002 -24"><span class='ocrx_word' id='word_1_110' title='bbox 558 1238 845 1312; x_wconf 72' lang='lat' dir='ltr'><strong>maximae,</strong></span> <span class='ocrx_word' id='word_1_111' title='bbox 876 1239 1128 1298; x_wconf 75' lang='lat' dir='ltr'><strong>minimae</strong></span> <span class='ocrx_word' id='word_1_112' title='bbox 1156 1240 1274 1299; x_wconf 89' lang='lat' dir='ltr'><strong>sint</strong></span> <span class='ocrx_word' id='word_1_113' title='bbox 1300 1260 1493 1299; x_wconf 87' lang='lat' dir='ltr'><strong>coram</strong></span> <span class='ocrx_word' id='word_1_114' title='bbox 1532 1241 1678 1318; x_wconf 88' lang='lat' dir='ltr'><strong>ipso,</strong></span> <span class='ocrx_word' id='word_1_115' title='bbox 1709 1242 1762 1299; x_wconf 88' lang='lat' dir='ltr'><strong>si</strong></span> <span class='ocrx_word' id='word_1_116' title='bbox 1801 1240 1878 1299; x_wconf 83' lang='lat' dir='ltr'><strong>ad</strong></span> <span class='ocrx_word' id='word_1_117' title='bbox 1917 1239 2048 1319; x_wconf 89' lang='lat' dir='ltr'><strong>ejus</strong></span> <span class='ocrx_word' id='word_1_118' title='bbox 2087 1240 2512 1300; x_wconf 88' lang='lat' dir='ltr'><strong>infinitudinem</strong></span> <span class='ocrx_word' id='word_1_119' title='bbox 2552 1238 2972 1317; x_wconf 79' lang='lat' dir='ltr'><strong>appendantur,</strong></span> 
     </span>
     <span class='ocr_line' id='line_1_12' title="bbox 556 1316 2976 1398; baseline -0 -19"><span class='ocrx_word' id='word_1_120' title='bbox 556 1325 624 1379; x_wconf 86' lang='lat' dir='ltr'><strong>ut</strong></span> <span class='ocrx_word' id='word_1_121' title='bbox 666 1316 750 1376; x_wconf 89' lang='lat' dir='ltr'><strong>ait</strong></span> <span class='ocrx_word' id='word_1_122' title='bbox 776 1317 989 1376; x_wconf 82' lang='lat' dir='ltr'><strong>eximie</strong></span> <span class='ocrx_word' id='word_1_123' title='bbox 1016 1320 1207 1378; x_wconf 77' lang='lat' dir='ltr'><strong>Isa’ias</strong></span> <span class='ocrx_word' id='word_1_124' title='bbox 1250 1340 1302 1379; x_wconf 88' lang='lat' dir='ltr'><strong>e.</strong></span> <span class='ocrx_word' id='word_1_125' title='bbox 1342 1321 1426 1380; x_wconf 86' lang='lat' dir='ltr'><strong>xl.</strong></span> <span class='ocrx_word' id='word_1_126' title='bbox 1461 1323 1553 1397; x_wconf 88' lang='lat'><strong>15,</strong></span> <span class='ocrx_word' id='word_1_127' title='bbox 1584 1328 1645 1379; x_wconf 90' lang='lat' dir='ltr'><strong>et</strong></span> <span class='ocrx_word' id='word_1_128' title='bbox 1669 1328 1946 1398; x_wconf 82' lang='lat' dir='ltr'><strong>tanquam</strong></span> <span class='ocrx_word' id='word_1_129' title='bbox 1985 1320 2248 1394; x_wconf 87' lang='lat' dir='ltr'><strong>nihilum,</strong></span> <span class='ocrx_word' id='word_1_130' title='bbox 2293 1320 2550 1379; x_wconf 89' lang='lat' dir='ltr'><strong>omnium</strong></span> <span class='ocrx_word' id='word_1_131' title='bbox 2595 1320 2838 1379; x_wconf 87' lang='lat' dir='ltr'><strong>seientia</strong></span> <span class='ocrx_word' id='word_1_132' title='bbox 2883 1320 2976 1378; x_wconf 91' lang='lat' dir='ltr'><strong>illi</strong></span> 
     </span>
     <span class='ocr_line' id='line_1_13' title="bbox 556 1397 2435 1479; baseline 0.002 -23"><span class='ocrx_word' id='word_1_133' title='bbox 556 1397 866 1456; x_wconf 85' lang='lat' dir='ltr'><strong>adimenda</strong></span> <span class='ocrx_word' id='word_1_134' title='bbox 890 1405 1061 1476; x_wconf 89' lang='lat' dir='ltr'><strong>esset,</strong></span> <span class='ocrx_word' id='word_1_135' title='bbox 1093 1400 1144 1459; x_wconf 88' lang='lat' dir='ltr'><strong>si</strong></span> <span class='ocrx_word' id='word_1_136' title='bbox 1169 1400 1438 1459; x_wconf 87' lang='lat' dir='ltr'><strong>minimas</strong></span> <span class='ocrx_word' id='word_1_137' title='bbox 1464 1402 1595 1479; x_wconf 86' lang='lat' dir='ltr'><strong>ejus</strong></span> <span class='ocrx_word' id='word_1_138' title='bbox 1620 1401 1940 1477; x_wconf 85' lang='lat' dir='ltr'><strong>cognitioni</strong></span> <span class='ocrx_word' id='word_1_139' title='bbox 1968 1400 2435 1459; x_wconf 77' lang='lat' dir='ltr'><strong>subduceremus.</strong></span> 
     </span>
     <span class='ocr_line' id='line_1_14' title="bbox 987 1478 2976 1558; baseline 0.001 -21"><span class='ocrx_word' id='word_1_140' title='bbox 987 1526 997 1537; x_wconf 95' lang='lat'>.</span> <span class='ocrx_word' id='word_1_141' title='bbox 1166 1480 1315 1539; x_wconf 89' lang='lat' dir='ltr'>VII.</span> <span class='ocrx_word' id='word_1_142' title='bbox 1360 1480 1617 1555; x_wconf 81' lang='lat' dir='ltr'><strong>Quaestio</strong></span> <span class='ocrx_word' id='word_1_143' title='bbox 1644 1480 1760 1538; x_wconf 84' lang='lat' dir='ltr'><strong>alia</strong></span> <span class='ocrx_word' id='word_1_144' title='bbox 1783 1480 2022 1558; x_wconf 87' lang='lat' dir='ltr'><strong>majoris</strong></span> <span class='ocrx_word' id='word_1_145' title='bbox 2050 1480 2326 1539; x_wconf 83' lang='lat' dir='ltr'><strong>momenti</strong></span> <span class='ocrx_word' id='word_1_146' title='bbox 2353 1478 2588 1556; x_wconf 77' lang='lat' dir='ltr'><strong>respicit</strong></span> <span class='ocrx_word' id='word_1_147' title='bbox 2613 1479 2806 1539; x_wconf 85' lang='lat' dir='ltr'><strong>futura</strong></span> <span class='ocrx_word' id='word_1_148' title='bbox 2833 1499 2976 1539; x_wconf 79' lang='lat' dir='ltr'><strong>con-</strong></span> 
     </span>
     <span class='ocr_line' id='line_1_15' title="bbox 556 1524 2973 1637; baseline 0 -21"><span class='ocrx_word' id='word_1_149' title='bbox 556 1526 731 1631; x_wconf 49' lang='grc' dir='ltr'><strong>Βιζξῗ</strong></span> <span class='ocrx_word' id='word_1_150' title='bbox 748 1524 1049 1629; x_wconf 55' lang='grc' dir='ltr'><strong>Βορζῗὲῗέζ</strong></span> <span class='ocrx_word' id='word_1_151' title='bbox 1084 1558 1387 1635; x_wconf 76' lang='lat' dir='ltr'><strong>fingentis,</strong></span> <span class='ocrx_word' id='word_1_152' title='bbox 1419 1579 1664 1637; x_wconf 86' lang='lat' dir='ltr'><strong>quorum</strong></span> <span class='ocrx_word' id='word_1_153' title='bbox 1691 1560 2080 1637; x_wconf 86' lang='lat' dir='ltr'><strong>cognitionem</strong></span> <span class='ocrx_word' id='word_1_154' title='bbox 2112 1560 2404 1619; x_wconf 86' lang='lat' dir='ltr'><strong>Sociniani</strong></span> <span class='ocrx_word' id='word_1_155' title='bbox 2432 1559 2731 1618; x_wconf 77' lang='lat' dir='ltr'><strong>detrahere</strong></span> <span class='ocrx_word' id='word_1_156' title='bbox 2757 1580 2973 1617; x_wconf 89' lang='lat' dir='ltr'><strong>conan-</strong></span> 
     </span>
     <span class='ocr_line' id='line_1_16' title="bbox 612 1638 2972 1715; baseline 0.001 -19"><span class='ocrx_word' id='word_1_157' title='bbox 612 1642 891 1711; x_wconf 59' lang='lat' dir='ltr'><strong>futurorum</strong></span> <span class='ocrx_word' id='word_1_158' title='bbox 946 1656 1053 1687; x_wconf 70' lang='lat' dir='ltr'><strong>con·</strong></span> <span class='ocrx_word' id='word_1_159' title='bbox 1090 1647 1187 1697; x_wconf 90' lang='lat' dir='ltr'><strong>tur</strong></span> <span class='ocrx_word' id='word_1_160' title='bbox 1215 1639 1359 1714; x_wconf 89' lang='lat' dir='ltr'><strong>Deo,</strong></span> <span class='ocrx_word' id='word_1_161' title='bbox 1388 1648 1457 1699; x_wconf 89' lang='lat' dir='ltr'><strong>ut</strong></span> <span class='ocrx_word' id='word_1_162' title='bbox 1482 1638 1710 1698; x_wconf 87' lang='lat' dir='ltr'><strong>facilius</strong></span> <span class='ocrx_word' id='word_1_163' title='bbox 1745 1639 1912 1698; x_wconf 89' lang='lat' dir='ltr'><strong>liberi</strong></span> <span class='ocrx_word' id='word_1_164' title='bbox 1952 1639 2174 1699; x_wconf 88' lang='lat' dir='ltr'><strong>arbitrii</strong></span> <span class='ocrx_word' id='word_1_165' title='bbox 2213 1638 2656 1699; x_wconf 83' lang='lat' dir='ltr'><strong>indifferentiam</strong></span> <span class='ocrx_word' id='word_1_166' title='bbox 2693 1648 2972 1715; x_wconf 78' lang='lat' dir='ltr'><strong>asserant,</strong></span> 
     </span>
     <span class='ocr_line' id='line_1_17' title="bbox 614 1703 2972 1797; baseline 0.001 -23"><span class='ocrx_word' id='word_1_167' title='bbox 614 1703 927 1759; x_wconf 68' lang='lat' dir='ltr'><strong>ungentium.</strong></span> <span class='ocrx_word' id='word_1_168' title='bbox 1086 1718 1400 1778; x_wconf 87' lang='lat' dir='ltr'><strong>immunem</strong></span> <span class='ocrx_word' id='word_1_169' title='bbox 1428 1718 1501 1777; x_wconf 87' lang='lat' dir='ltr'><strong>ab</strong></span> <span class='ocrx_word' id='word_1_170' title='bbox 1530 1719 1688 1778; x_wconf 87' lang='lat' dir='ltr'><strong>omni</strong></span> <span class='ocrx_word' id='word_1_171' title='bbox 1714 1720 2074 1794; x_wconf 83' lang='lat' dir='ltr'><strong>necessitate,</strong></span> <span class='ocrx_word' id='word_1_172' title='bbox 2104 1720 2279 1779; x_wconf 89' lang='lat' dir='ltr'><strong>etiam</strong></span> <span class='ocrx_word' id='word_1_173' title='bbox 2323 1719 2424 1777; x_wconf 87' lang='lat' dir='ltr'><strong>illa</strong></span> <span class='ocrx_word' id='word_1_174' title='bbox 2450 1740 2580 1796; x_wconf 73' lang='lat' dir='ltr'><strong>quse</strong></span> <span class='ocrx_word' id='word_1_175' title='bbox 2619 1738 2658 1777; x_wconf 87' lang='lat' dir='ltr'><strong>a</strong></span> <span class='ocrx_word' id='word_1_176' title='bbox 2685 1718 2796 1777; x_wconf 89' lang='lat' dir='ltr'><strong>Dei</strong></span> <span class='ocrx_word' id='word_1_177' title='bbox 2822 1738 2972 1797; x_wconf 81' lang='lat' dir='ltr'><strong>prae-</strong></span> 
     </span>
     <span class='ocr_line' id='line_1_18' title="bbox 556 1797 2973 1875; baseline 0 -19"><span class='ocrx_word' id='word_1_178' title='bbox 556 1797 799 1857; x_wconf 87' lang='lat' dir='ltr'><strong>scientia</strong></span> <span class='ocrx_word' id='word_1_179' title='bbox 844 1798 931 1855; x_wconf 89' lang='lat' dir='ltr'><strong>illi</strong></span> <span class='ocrx_word' id='word_1_180' title='bbox 984 1798 1204 1875; x_wconf 90' lang='lat' dir='ltr'><strong>imponi</strong></span> <span class='ocrx_word' id='word_1_181' title='bbox 1246 1798 1397 1857; x_wconf 88' lang='lat' dir='ltr'><strong>solet</strong></span> <span class='ocrx_word' id='word_1_182' title='bbox 1415 1821 1434 1858; x_wconf 68' lang='grc' dir='ltr'><strong>ι</strong></span> <span class='ocrx_word' id='word_1_183' title='bbox 1476 1798 1643 1857; x_wconf 87' lang='lat' dir='ltr'><strong>Licet</strong></span> <span class='ocrx_word' id='word_1_184' title='bbox 1689 1798 1842 1857; x_wconf 89' lang='lat' dir='ltr'><strong>enim</strong></span> <span class='ocrx_word' id='word_1_185' title='bbox 1889 1818 2008 1858; x_wconf 89' lang='lat' dir='ltr'><strong>non</strong></span> <span class='ocrx_word' id='word_1_186' title='bbox 2054 1818 2185 1857; x_wconf 87' lang='lat' dir='ltr'><strong>raro</strong></span> <span class='ocrx_word' id='word_1_187' title='bbox 2227 1799 2534 1859; x_wconf 84' lang='lat' dir='ltr'><strong>videantur</strong></span> <span class='ocrx_word' id='word_1_188' title='bbox 2581 1799 2973 1875; x_wconf 89' lang='lat' dir='ltr'><strong>cognitionem</strong></span> 
     </span>
     <span class='ocr_line' id='line_1_19' title="bbox 554 1878 2972 1955; baseline 0.002 -20"><span class='ocrx_word' id='word_1_189' title='bbox 554 1878 788 1955; x_wconf 85' lang='lat' dir='ltr'><strong>plenam</strong></span> <span class='ocrx_word' id='word_1_190' title='bbox 820 1896 1011 1936; x_wconf 88' lang='lat' dir='ltr'><strong>rerum</strong></span> <span class='ocrx_word' id='word_1_191' title='bbox 1054 1878 1311 1937; x_wconf 89' lang='lat' dir='ltr'><strong>omnium</strong></span> <span class='ocrx_word' id='word_1_192' title='bbox 1340 1878 1468 1937; x_wconf 88' lang='lat' dir='ltr'><strong>Deo</strong></span> <span class='ocrx_word' id='word_1_193' title='bbox 1509 1878 1777 1955; x_wconf 87' lang='lat' dir='ltr'><strong>tribuere,</strong></span> <span class='ocrx_word' id='word_1_194' title='bbox 1807 1879 1982 1939; x_wconf 84' lang='lat' dir='ltr'><strong>etiam</strong></span> <span class='ocrx_word' id='word_1_195' title='bbox 2022 1879 2360 1953; x_wconf 86' lang='lat' dir='ltr'><strong>futurarum,</strong></span> <span class='ocrx_word' id='word_1_196' title='bbox 2389 1888 2458 1939; x_wconf 89' lang='lat' dir='ltr'><strong>ut</strong></span> <span class='ocrx_word' id='word_1_197' title='bbox 2485 1878 2730 1938; x_wconf 81' lang='lat' dir='ltr'><strong>Orellius</strong></span> <span class='ocrx_word' id='word_1_198' title='bbox 2754 1878 2819 1937; x_wconf 91' lang='lat' dir='ltr'><strong>li.</strong></span> <span class='ocrx_word' id='word_1_199' title='bbox 2847 1879 2888 1937; x_wconf 86' lang='lat' dir='ltr'><strong>i.</strong></span> <span class='ocrx_word' id='word_1_200' title='bbox 2917 1898 2972 1939; x_wconf 87' lang='lat' dir='ltr'><strong>c.</strong></span> 
     </span>
     <span class='ocr_line' id='line_1_20' title="bbox 556 1958 2974 2036; baseline 0 -21"><span class='ocrx_word' id='word_1_201' title='bbox 556 1960 654 2016; x_wconf 85' lang='lat'><strong>24.</strong></span> <span class='ocrx_word' id='word_1_202' title='bbox 736 1959 983 2017; x_wconf 79' lang='lat' dir='ltr'><strong>Nomine</strong></span> <span class='ocrx_word' id='word_1_203' title='bbox 1018 1958 1307 2035; x_wconf 66' lang='lat' dir='ltr'><strong>sapientire</strong></span> <span class='ocrx_word' id='word_1_204' title='bbox 1332 1960 1454 2017; x_wconf 81' lang='lat' dir='ltr'><strong>Dei</strong></span> <span class='ocrx_word' id='word_1_205' title='bbox 1486 1959 1591 2018; x_wconf 72' lang='lat' dir='ltr'><strong>hoc</strong></span> <span class='ocrx_word' id='word_1_206' title='bbox 1614 1962 1754 2034; x_wconf 85' lang='lat' dir='ltr'><strong>loco,</strong></span> <span class='ocrx_word' id='word_1_207' title='bbox 1783 1960 2028 2018; x_wconf 76' lang='lat' dir='ltr'><strong>omnium</strong></span> <span class='ocrx_word' id='word_1_208' title='bbox 2052 1980 2246 2018; x_wconf 78' lang='lat' dir='ltr'><strong>rerum</strong></span> <span class='ocrx_word' id='word_1_209' title='bbox 2272 1961 2636 2036; x_wconf 69' lang='lat' dir='ltr'><strong>coynitzbnem</strong></span> <span class='ocrx_word' id='word_1_210' title='bbox 2661 1960 2974 2035; x_wconf 69' lang='lat' dir='ltr'><strong>complecti-</strong></span> 
     </span>
     <span class='ocr_line' id='line_1_21' title="bbox 552 2034 2976 2116; baseline 0.001 -21"><span class='ocrx_word' id='word_1_211' title='bbox 552 2056 699 2113; x_wconf 81' lang='lat' dir='ltr'><strong>mur,</strong></span> <span class='ocrx_word' id='word_1_212' title='bbox 732 2034 841 2096; x_wconf 63' lang='lat' dir='ltr'><strong>Suc.</strong></span> <span class='ocrx_word' id='word_1_213' title='bbox 926 2038 1006 2097; x_wconf 83' lang='lat' dir='ltr'><strong>Et</strong></span> <span class='ocrx_word' id='word_1_214' title='bbox 1030 2037 1205 2115; x_wconf 88' lang='lat' dir='ltr'><strong>paulo</strong></span> <span class='ocrx_word' id='word_1_215' title='bbox 1231 2046 1379 2115; x_wconf 88' lang='lat' dir='ltr'><strong>post,</strong></span> <span class='ocrx_word' id='word_1_216' title='bbox 1416 2039 1590 2105; x_wconf 80' lang='lat' dir='ltr'><strong>Quod</strong></span> <span class='ocrx_word' id='word_1_217' title='bbox 1624 2040 1820 2097; x_wconf 67' lang='lat' dir='ltr'><strong>attinet</strong></span> <span class='ocrx_word' id='word_1_218' title='bbox 1846 2059 1938 2099; x_wconf 72' lang='lat' dir='ltr'><strong>res</strong></span> <span class='ocrx_word' id='word_1_219' title='bbox 1960 2042 2216 2116; x_wconf 63' lang='lat' dir='ltr'><strong>fictura-9,</strong></span> <span class='ocrx_word' id='word_1_220' title='bbox 2247 2042 2378 2098; x_wconf 72' lang='lat' dir='ltr'><strong>illas</strong></span> <span class='ocrx_word' id='word_1_221' title='bbox 2403 2042 2572 2098; x_wconf 77' lang='lat' dir='ltr'><strong>etiam</strong></span> <span class='ocrx_word' id='word_1_222' title='bbox 2597 2040 2788 2097; x_wconf 77' lang='lat' dir='ltr'><strong>Deum</strong></span> <span class='ocrx_word' id='word_1_223' title='bbox 2813 2058 2976 2099; x_wconf 72' lang='lat' dir='ltr'><strong>nosse</strong></span> 
     </span>
     <span class='ocr_line' id='line_1_22' title="bbox 553 2118 2972 2193; baseline 0.001 -18"><span class='ocrx_word' id='word_1_224' title='bbox 553 2118 911 2193; x_wconf 60' lang='lat' dir='ltr'><strong>apertissima</strong></span> <span class='ocrx_word' id='word_1_225' title='bbox 934 2128 1065 2176; x_wconf 74' lang='lat' dir='ltr'><strong>eunt</strong></span> <span class='ocrx_word' id='word_1_226' title='bbox 1088 2119 1147 2175; x_wconf 77' lang='lat' dir='ltr'><strong>in</strong></span> <span class='ocrx_word' id='word_1_227' title='bbox 1172 2118 1352 2176; x_wconf 76' lang='lat' dir='ltr'><strong>sacr-is</strong></span> <span class='ocrx_word' id='word_1_228' title='bbox 1377 2119 1588 2179; x_wconf 62' lang='lat' dir='ltr'><strong>Litoris</strong></span> <span class='ocrx_word' id='word_1_229' title='bbox 1614 2121 1962 2179; x_wconf 77' lang='lat' dir='ltr'><strong>documenta.</strong></span> <span class='ocrx_word' id='word_1_230' title='bbox 2046 2118 2212 2178; x_wconf 87' lang='lat' dir='ltr'><strong>Alibi</strong></span> <span class='ocrx_word' id='word_1_231' title='bbox 2251 2128 2444 2179; x_wconf 85' lang='lat' dir='ltr'><strong>tamen</strong></span> <span class='ocrx_word' id='word_1_232' title='bbox 2486 2120 2807 2178; x_wconf 82' lang='lat' dir='ltr'><strong>futurorum</strong></span> <span class='ocrx_word' id='word_1_233' title='bbox 2833 2138 2972 2177; x_wconf 91' lang='lat' dir='ltr'><strong>con·</strong></span> 
     </span>
     <span class='ocr_line' id='line_1_23' title="bbox 552 2196 2972 2277; baseline 0.001 -21"><span class='ocrx_word' id='word_1_234' title='bbox 552 2196 902 2275; x_wconf 88' lang='lat' dir='ltr'><strong>tingentium</strong></span> <span class='ocrx_word' id='word_1_235' title='bbox 928 2198 1211 2273; x_wconf 86' lang='lat' dir='ltr'><strong>notitiam,</strong></span> <span class='ocrx_word' id='word_1_236' title='bbox 1242 2198 1379 2275; x_wconf 86' lang='lat' dir='ltr'><strong>quia</strong></span> <span class='ocrx_word' id='word_1_237' title='bbox 1404 2217 1524 2257; x_wconf 90' lang='lat' dir='ltr'><strong>non</strong></span> <span class='ocrx_word' id='word_1_238' title='bbox 1548 2206 1758 2276; x_wconf 88' lang='lat' dir='ltr'><strong>putant</strong></span> <span class='ocrx_word' id='word_1_239' title='bbox 1783 2218 1912 2259; x_wconf 87' lang='lat' dir='ltr'><strong>esse</strong></span> <span class='ocrx_word' id='word_1_240' title='bbox 1953 2198 2014 2257; x_wconf 86' lang='lat' dir='ltr'><strong>in</strong></span> <span class='ocrx_word' id='word_1_241' title='bbox 2041 2218 2252 2276; x_wconf 88' lang='lat' dir='ltr'><strong>genere</strong></span> <span class='ocrx_word' id='word_1_242' title='bbox 2281 2199 2585 2274; x_wconf 86' lang='lat' dir='ltr'><strong>scibilium,</strong></span> <span class='ocrx_word' id='word_1_243' title='bbox 2619 2199 2746 2257; x_wconf 90' lang='lat' dir='ltr'><strong>Deo</strong></span> <span class='ocrx_word' id='word_1_244' title='bbox 2773 2206 2972 2277; x_wconf 87' lang='lat' dir='ltr'><strong>aperte</strong></span> 
     </span>
     <span class='ocr_line' id='line_1_24' title="bbox 552 2275 2975 2355; baseline 0.001 -20"><span class='ocrx_word' id='word_1_245' title='bbox 552 2275 879 2353; x_wconf 86' lang='lat' dir='ltr'><strong>detrahunt,</strong></span> <span class='ocrx_word' id='word_1_246' title='bbox 910 2285 979 2336; x_wconf 87' lang='lat' dir='ltr'><strong>ut</strong></span> <span class='ocrx_word' id='word_1_247' title='bbox 1002 2279 1100 2336; x_wconf 86' lang='lat' dir='ltr'><strong>vel</strong></span> <span class='ocrx_word' id='word_1_248' title='bbox 1128 2278 1231 2336; x_wconf 89' lang='lat' dir='ltr'><strong>illa</strong></span> <span class='ocrx_word' id='word_1_249' title='bbox 1256 2297 1373 2336; x_wconf 91' lang='lat' dir='ltr'><strong>non</strong></span> <span class='ocrx_word' id='word_1_250' title='bbox 1400 2287 1716 2355; x_wconf 86' lang='lat' dir='ltr'><strong>cognoscat</strong></span> <span class='ocrx_word' id='word_1_251' title='bbox 1743 2279 2024 2355; x_wconf 85' lang='lat' dir='ltr'><strong>absolute,</strong></span> <span class='ocrx_word' id='word_1_252' title='bbox 2055 2279 2154 2337; x_wconf 85' lang='lat' dir='ltr'><strong>vel</strong></span> <span class='ocrx_word' id='word_1_253' title='bbox 2192 2278 2632 2347; x_wconf 84' lang='lat' dir='ltr'><strong>indeterminate</strong></span> <span class='ocrx_word' id='word_1_254' title='bbox 2659 2287 2885 2338; x_wconf 80' lang='lat' dir='ltr'><strong>tantum</strong></span> <span class='ocrx_word' id='word_1_255' title='bbox 2912 2287 2975 2338; x_wconf 80' lang='lat' dir='ltr'><strong>et</strong></span> 
     </span>
     <span class='ocr_line' id='line_1_25' title="bbox 550 2357 2973 2437; baseline 0.002 -23"><span class='ocrx_word' id='word_1_256' title='bbox 550 2357 941 2415; x_wconf 82' lang='lat' dir='ltr'><strong>verisimiliter</strong></span> <span class='ocrx_word' id='word_1_257' title='bbox 966 2364 1185 2417; x_wconf 86' lang='lat' dir='ltr'><strong>noscat.</strong></span> <span class='ocrx_word' id='word_1_258' title='bbox 1268 2358 1454 2417; x_wconf 77' lang='lat' dir='ltr'><strong>Socin.</strong></span> <span class='ocrx_word' id='word_1_259' title='bbox 1477 2358 1730 2436; x_wconf 77' lang='lat' dir='ltr'><strong>praelect.</strong></span> <span class='ocrx_word' id='word_1_260' title='bbox 1761 2378 1812 2417; x_wconf 91' lang='lat' dir='ltr'><strong>c.</strong></span> <span class='ocrx_word' id='word_1_261' title='bbox 1835 2359 1916 2417; x_wconf 84' lang='lat' dir='ltr'><strong>xi.</strong></span> <span class='ocrx_word' id='word_1_262' title='bbox 1965 2361 2003 2395; x_wconf 75' lang='lat'><strong>‘⁸</strong></span> <span class='ocrx_word' id='word_1_263' title='bbox 2023 2359 2168 2417; x_wconf 87' lang='lat' dir='ltr'><strong>Cum</strong></span> <span class='ocrx_word' id='word_1_264' title='bbox 2195 2358 2376 2437; x_wconf 86' lang='lat' dir='ltr'><strong>igitur</strong></span> <span class='ocrx_word' id='word_1_265' title='bbox 2401 2358 2564 2417; x_wconf 90' lang='lat' dir='ltr'><strong>nulla</strong></span> <span class='ocrx_word' id='word_1_266' title='bbox 2587 2359 2750 2434; x_wconf 87' lang='lat' dir='ltr'><strong>ratio,</strong></span> <span class='ocrx_word' id='word_1_267' title='bbox 2775 2358 2973 2418; x_wconf 85' lang='lat' dir='ltr'><strong>nullus</strong></span> 
     </span>
     <span class='ocr_line' id='line_1_26' title="bbox 555 2436 2976 2530; baseline 0.001 -35"><span class='ocrx_word' id='word_1_268' title='bbox 555 2436 979 2530; x_wconf 74' lang='lat' dir='ltr'><strong>scripturarum</strong></span> <span class='ocrx_word' id='word_1_269' title='bbox 1004 2437 1168 2497; x_wconf 87' lang='lat' dir='ltr'><strong>locus</strong></span> <span class='ocrx_word' id='word_1_270' title='bbox 1198 2437 1289 2512; x_wconf 90' lang='lat' dir='ltr'><strong>sit,</strong></span> <span class='ocrx_word' id='word_1_271' title='bbox 1315 2458 1391 2496; x_wconf 83' lang='lat' dir='ltr'><strong>ex</strong></span> <span class='ocrx_word' id='word_1_272' title='bbox 1417 2457 1535 2515; x_wconf 89' lang='lat' dir='ltr'><strong>quo</strong></span> <span class='ocrx_word' id='word_1_273' title='bbox 1556 2446 1752 2515; x_wconf 84' lang='lat' dir='ltr'><strong>aperte</strong></span> <span class='ocrx_word' id='word_1_274' title='bbox 1781 2438 1980 2516; x_wconf 88' lang='lat' dir='ltr'><strong>colligi</strong></span> <span class='ocrx_word' id='word_1_275' title='bbox 2006 2439 2209 2516; x_wconf 85' lang='lat' dir='ltr'><strong>possit,</strong></span> <span class='ocrx_word' id='word_1_276' title='bbox 2231 2439 2420 2498; x_wconf 88' lang='lat' dir='ltr'><strong>Deum</strong></span> <span class='ocrx_word' id='word_1_277' title='bbox 2448 2440 2642 2497; x_wconf 87' lang='lat' dir='ltr'><strong>omnia</strong></span> <span class='ocrx_word' id='word_1_278' title='bbox 2667 2458 2797 2515; x_wconf 80' lang='lat' dir='ltr'><strong>quae</strong></span> <span class='ocrx_word' id='word_1_279' title='bbox 2823 2438 2976 2498; x_wconf 86' lang='lat' dir='ltr'><strong>fiunt</strong></span> 
     </span>
     <span class='ocr_line' id='line_1_27' title="bbox 552 2516 2973 2595; baseline 0 -20"><span class='ocrx_word' id='word_1_280' title='bbox 552 2517 793 2575; x_wconf 76' lang='lat' dir='ltr'><strong>scivisse</strong></span> <span class='ocrx_word' id='word_1_281' title='bbox 834 2524 1143 2593; x_wconf 86' lang='lat' dir='ltr'><strong>antequam</strong></span> <span class='ocrx_word' id='word_1_282' title='bbox 1185 2516 1406 2591; x_wconf 88' lang='lat' dir='ltr'><strong>fierent,</strong></span> <span class='ocrx_word' id='word_1_283' title='bbox 1439 2518 1901 2577; x_wconf 87' lang='lat' dir='ltr'><strong>concludendum</strong></span> <span class='ocrx_word' id='word_1_284' title='bbox 1928 2527 2035 2595; x_wconf 82' lang='lat' dir='ltr'><strong>est,</strong></span> <span class='ocrx_word' id='word_1_285' title='bbox 2081 2518 2318 2577; x_wconf 85' lang='lat' dir='ltr'><strong>minime</strong></span> <span class='ocrx_word' id='word_1_286' title='bbox 2358 2517 2724 2577; x_wconf 83' lang='lat' dir='ltr'><strong>asserendam</strong></span> <span class='ocrx_word' id='word_1_287' title='bbox 2765 2538 2894 2577; x_wconf 86' lang='lat' dir='ltr'><strong>esse</strong></span> <span class='ocrx_word' id='word_1_288' title='bbox 2935 2538 2973 2575; x_wconf 88' lang='lat' dir='ltr'><strong>a</strong></span> 
     </span>
     <span class='ocr_line' id='line_1_28' title="bbox 549 2595 2972 2677; baseline 0.001 -23"><span class='ocrx_word' id='word_1_289' title='bbox 549 2595 721 2655; x_wconf 87' lang='lat' dir='ltr'><strong>nobis</strong></span> <span class='ocrx_word' id='word_1_290' title='bbox 748 2596 919 2655; x_wconf 86' lang='lat' dir='ltr'><strong>istam</strong></span> <span class='ocrx_word' id='word_1_291' title='bbox 938 2596 1052 2655; x_wconf 89' lang='lat' dir='ltr'><strong>Dei</strong></span> <span class='ocrx_word' id='word_1_292' title='bbox 1118 2597 1513 2675; x_wconf 79' lang='lat' dir='ltr'><strong>rsescientiam,</strong></span> <span class='ocrx_word' id='word_1_293' title='bbox 1545 2598 1798 2658; x_wconf 82' lang='lat' dir='ltr'><strong>maxime</strong></span> <span class='ocrx_word' id='word_1_294' title='bbox 1827 2619 1960 2659; x_wconf 87' lang='lat' dir='ltr'><strong>cum</strong></span> <span class='ocrx_word' id='word_1_295' title='bbox 1987 2608 2048 2658; x_wconf 89' lang='lat' dir='ltr'><strong>et</strong></span> <span class='ocrx_word' id='word_1_296' title='bbox 2073 2599 2326 2658; x_wconf 84' lang='lat' dir='ltr'><strong>rationes</strong></span> <span class='ocrx_word' id='word_1_297' title='bbox 2351 2619 2470 2658; x_wconf 90' lang='lat' dir='ltr'><strong>non</strong></span> <span class='ocrx_word' id='word_1_298' title='bbox 2495 2619 2644 2677; x_wconf 87' lang='lat' dir='ltr'><strong>pauc</strong></span> <span class='ocrx_word' id='word_1_299' title='bbox 2743 2607 2802 2659; x_wconf 89' lang='lat' dir='ltr'><strong>et</strong></span> <span class='ocrx_word' id='word_1_300' title='bbox 2828 2619 2972 2659; x_wconf 86' lang='lat' dir='ltr'><strong>sana</strong></span> 
     </span>
     <span class='ocr_line' id='line_1_29' title="bbox 551 2676 2972 2757; baseline 0.002 -23"><span class='ocrx_word' id='word_1_301' title='bbox 551 2676 883 2734; x_wconf 83' lang='lat' dir='ltr'><strong>testimonia</strong></span> <span class='ocrx_word' id='word_1_302' title='bbox 906 2695 1025 2734; x_wconf 88' lang='lat' dir='ltr'><strong>non</strong></span> <span class='ocrx_word' id='word_1_303' title='bbox 1094 2677 1258 2750; x_wconf 90' lang='lat' dir='ltr'><strong>esint,</strong></span> <span class='ocrx_word' id='word_1_304' title='bbox 1284 2678 1437 2737; x_wconf 88' lang='lat' dir='ltr'><strong>unde</strong></span> <span class='ocrx_word' id='word_1_305' title='bbox 1466 2698 1593 2736; x_wconf 84' lang='lat' dir='ltr'><strong>eam</strong></span> <span class='ocrx_word' id='word_1_306' title='bbox 1619 2679 1790 2756; x_wconf 90' lang='lat' dir='ltr'><strong>plane</strong></span> <span class='ocrx_word' id='word_1_307' title='bbox 1818 2679 2144 2756; x_wconf 88' lang='lat' dir='ltr'><strong>negandam</strong></span> <span class='ocrx_word' id='word_1_308' title='bbox 2171 2698 2298 2738; x_wconf 87' lang='lat' dir='ltr'><strong>esse</strong></span> <span class='ocrx_word' id='word_1_309' title='bbox 2325 2679 2654 2757; x_wconf 87' lang='lat' dir='ltr'><strong>appareat,’&#39;</strong></span> <span class='ocrx_word' id='word_1_310' title='bbox 2733 2699 2785 2738; x_wconf 88' lang='lat' dir='ltr'><strong>c.</strong></span> <span class='ocrx_word' id='word_1_311' title='bbox 2871 2679 2972 2740; x_wconf 76' lang='lat' dir='ltr'><strong>Sic</strong></span> 
     </span>
     <span class='ocr_line' id='line_1_30' title="bbox 554 2755 2970 2837; baseline 0.001 -23"><span class='ocrx_word' id='word_1_312' title='bbox 554 2755 818 2831; x_wconf 71' lang='lat' dir='ltr'><strong>OrelliuS,</strong></span> <span class='ocrx_word' id='word_1_313' title='bbox 838 2755 902 2813; x_wconf 85' lang='lat' dir='ltr'><strong>li.</strong></span> <span class='ocrx_word' id='word_1_314' title='bbox 929 2755 969 2814; x_wconf 86' lang='lat' dir='ltr'><strong>i.</strong></span> <span class='ocrx_word' id='word_1_315' title='bbox 1000 2775 1050 2815; x_wconf 89' lang='lat' dir='ltr'><strong>c.</strong></span> <span class='ocrx_word' id='word_1_316' title='bbox 1072 2759 1169 2815; x_wconf 83' lang='lat'><strong>24.</strong></span> <span class='ocrx_word' id='word_1_317' title='bbox 1202 2760 1239 2790; x_wconf 89' lang='grc'>“</span> <span class='ocrx_word' id='word_1_318' title='bbox 1254 2756 1684 2817; x_wconf 86' lang='lat' dir='ltr'><strong>Inconsiderate</strong></span> <span class='ocrx_word' id='word_1_319' title='bbox 1703 2757 1790 2816; x_wconf 89' lang='lat' dir='ltr'><strong>illi</strong></span> <span class='ocrx_word' id='word_1_320' title='bbox 1807 2757 2084 2834; x_wconf 83' lang='lat' dir='ltr'><strong>faciunt,&#39;&#39;</strong></span> <span class='ocrx_word' id='word_1_321' title='bbox 2116 2759 2320 2836; x_wconf 90' lang='lat' dir='ltr'><strong>inquit,</strong></span> <span class='ocrx_word' id='word_1_322' title='bbox 2340 2759 2488 2837; x_wconf 85' lang='lat' dir='ltr'><strong>“qui</strong></span> <span class='ocrx_word' id='word_1_323' title='bbox 2525 2759 2718 2818; x_wconf 81' lang='lat' dir='ltr'><strong>futura</strong></span> <span class='ocrx_word' id='word_1_324' title='bbox 2746 2759 2970 2817; x_wconf 88' lang='lat' dir='ltr'><strong>contin·</strong></span> 
     </span>
     <span class='ocr_line' id='line_1_31' title="bbox 550 2835 2970 2916; baseline 0.002 -23"><span class='ocrx_word' id='word_1_325' title='bbox 550 2836 750 2912; x_wconf 79' lang='lat' dir='ltr'><strong>gentis</strong></span> <span class='ocrx_word' id='word_1_326' title='bbox 779 2835 969 2893; x_wconf 90' lang='lat' dir='ltr'><strong>Deum</strong></span> <span class='ocrx_word' id='word_1_327' title='bbox 997 2835 1375 2896; x_wconf 86' lang='lat' dir='ltr'><strong>determinate</strong></span> <span class='ocrx_word' id='word_1_328' title='bbox 1405 2837 1551 2896; x_wconf 87' lang='lat' dir='ltr'><strong>scire</strong></span> <span class='ocrx_word' id='word_1_329' title='bbox 1592 2839 1770 2913; x_wconf 86' lang='lat' dir='ltr'><strong>aiunt,</strong></span> <span class='ocrx_word' id='word_1_330' title='bbox 1802 2839 1940 2916; x_wconf 90' lang='lat' dir='ltr'><strong>quia</strong></span> <span class='ocrx_word' id='word_1_331' title='bbox 1979 2838 2124 2899; x_wconf 87' lang='lat' dir='ltr'><strong>alias</strong></span> <span class='ocrx_word' id='word_1_332' title='bbox 2151 2859 2267 2898; x_wconf 89' lang='lat' dir='ltr'><strong>non</strong></span> <span class='ocrx_word' id='word_1_333' title='bbox 2296 2846 2452 2898; x_wconf 87' lang='lat' dir='ltr'><strong>esset</strong></span> <span class='ocrx_word' id='word_1_334' title='bbox 2477 2839 2804 2914; x_wconf 89' lang='lat' dir='ltr'><strong>omniscius,</strong></span> <span class='ocrx_word' id='word_1_335' title='bbox 2837 2857 2970 2898; x_wconf 91' lang='lat' dir='ltr'><strong>cum</strong></span> 
     </span>
     <span class='ocr_line' id='line_1_32' title="bbox 548 2914 2970 2997; baseline 0.001 -23"><span class='ocrx_word' id='word_1_336' title='bbox 548 2916 743 2993; x_wconf 88' lang='lat' dir='ltr'><strong>potius</strong></span> <span class='ocrx_word' id='word_1_337' title='bbox 770 2914 903 2973; x_wconf 91' lang='lat' dir='ltr'><strong>ideo</strong></span> <span class='ocrx_word' id='word_1_338' title='bbox 931 2915 1030 2974; x_wconf 87' lang='lat' dir='ltr'><strong>ille</strong></span> <span class='ocrx_word' id='word_1_339' title='bbox 1058 2915 1435 2976; x_wconf 85' lang='lat' dir='ltr'><strong>determinate</strong></span> <span class='ocrx_word' id='word_1_340' title='bbox 1460 2917 1655 2977; x_wconf 84' lang='lat' dir='ltr'><strong>futura</strong></span> <span class='ocrx_word' id='word_1_341' title='bbox 1695 2936 1813 2977; x_wconf 86' lang='lat' dir='ltr'><strong>non</strong></span> <span class='ocrx_word' id='word_1_342' title='bbox 1841 2917 2144 2997; x_wconf 80' lang='lat' dir='ltr'><strong>concipiat,</strong></span> <span class='ocrx_word' id='word_1_343' title='bbox 2175 2918 2314 2996; x_wconf 89' lang='lat' dir='ltr'><strong>quia</strong></span> <span class='ocrx_word' id='word_1_344' title='bbox 2352 2925 2444 2978; x_wconf 87' lang='lat' dir='ltr'><strong>est</strong></span> <span class='ocrx_word' id='word_1_345' title='bbox 2482 2918 2794 2978; x_wconf 86' lang='lat' dir='ltr'><strong>omniscius</strong></span> <span class='ocrx_word' id='word_1_346' title='bbox 2821 2925 2881 2977; x_wconf 89' lang='lat' dir='ltr'><strong>et</strong></span> <span class='ocrx_word' id='word_1_347' title='bbox 2907 2919 2970 2976; x_wconf 90' lang='lat' dir='ltr'><strong>in</strong></span> 
     </span>
     <span class='ocr_line' id='line_1_33' title="bbox 549 2994 2970 3074; baseline 0.002 -22"><span class='ocrx_word' id='word_1_348' title='bbox 549 2995 724 3054; x_wconf 87' lang='lat' dir='ltr'><strong>rebus</strong></span> <span class='ocrx_word' id='word_1_349' title='bbox 753 2994 1171 3072; x_wconf 85' lang='lat' dir='ltr'><strong>cognoscendis</strong></span> <span class='ocrx_word' id='word_1_350' title='bbox 1200 3015 1493 3074; x_wconf 84' lang='lat' dir='ltr'><strong>nunquam</strong></span> <span class='ocrx_word' id='word_1_351' title='bbox 1534 2999 1744 3073; x_wconf 71' lang='lat' dir='ltr'><strong>errat,’&#39;</strong></span> <span class='ocrx_word' id='word_1_352' title='bbox 1777 2995 1888 3058; x_wconf 62' lang='lat' dir='ltr'><strong>Suc.</strong></span> <span class='ocrx_word' id='word_1_353' title='bbox 1971 2999 2052 3058; x_wconf 90' lang='lat' dir='ltr'><strong>Et</strong></span> <span class='ocrx_word' id='word_1_354' title='bbox 2082 2998 2368 3058; x_wconf 83' lang='lat' dir='ltr'><strong>Smalcius</strong></span> <span class='ocrx_word' id='word_1_355' title='bbox 2403 3006 2605 3058; x_wconf 90' lang='lat' dir='ltr'><strong>contra</strong></span> <span class='ocrx_word' id='word_1_356' title='bbox 2633 2998 2970 3057; x_wconf 84' lang='lat' dir='ltr'><strong>Frantzium</strong></span> 
     </span>
     <span class='ocr_line' id='line_1_34' title="bbox 554 3074 2970 3157; baseline 0.002 -26"><span class='ocrx_word' id='word_1_357' title='bbox 554 3074 785 3151; x_wconf 85' lang='lat' dir='ltr'><strong>Disput.</strong></span> <span class='ocrx_word' id='word_1_358' title='bbox 841 3077 933 3150; x_wconf 81' lang='lat'><strong>12,</strong></span> <span class='ocrx_word' id='word_1_359' title='bbox 984 3074 1174 3134; x_wconf 82' lang='lat' dir='ltr'><strong>adhuc</strong></span> <span class='ocrx_word' id='word_1_360' title='bbox 1221 3076 1450 3135; x_wconf 85' lang='lat' dir='ltr'><strong>clarius.</strong></span> <span class='ocrx_word' id='word_1_361' title='bbox 1535 3079 1575 3112; x_wconf 72' lang='lat'><strong>‘⁶</strong></span> <span class='ocrx_word' id='word_1_362' title='bbox 1601 3077 1904 3152; x_wconf 88' lang='lat' dir='ltr'><strong>Quomodo</strong></span> <span class='ocrx_word' id='word_1_363' title='bbox 1943 3098 2086 3138; x_wconf 82' lang='lat' dir='ltr'><strong>vero</strong></span> <span class='ocrx_word' id='word_1_364' title='bbox 2132 3097 2336 3138; x_wconf 84' lang='lat' dir='ltr'><strong>verum</strong></span> <span class='ocrx_word' id='word_1_365' title='bbox 2383 3097 2510 3137; x_wconf 85' lang='lat' dir='ltr'><strong>esse</strong></span> <span class='ocrx_word' id='word_1_366' title='bbox 2557 3087 2763 3157; x_wconf 88' lang='lat' dir='ltr'><strong>potest,</strong></span> <span class='ocrx_word' id='word_1_367' title='bbox 2810 3078 2970 3156; x_wconf 88' lang='lat' dir='ltr'><strong>quod</strong></span> 
     </span>
     <span class='ocr_line' id='line_1_35' title="bbox 550 3153 2972 3235; baseline 0.002 -21"><span class='ocrx_word' id='word_1_368' title='bbox 550 3155 803 3232; x_wconf 84' lang='lat' dir='ltr'><strong>seipsum</strong></span> <span class='ocrx_word' id='word_1_369' title='bbox 832 3153 1079 3213; x_wconf 79' lang='lat' dir='ltr'><strong>destruit</strong></span> <span class='ocrx_word' id='word_1_370' title='bbox 1104 3164 1166 3214; x_wconf 92' lang='lat' dir='ltr'><strong>et</strong></span> <span class='ocrx_word' id='word_1_371' title='bbox 1204 3156 1383 3214; x_wconf 89' lang='lat' dir='ltr'><strong>sacris</strong></span> <span class='ocrx_word' id='word_1_372' title='bbox 1413 3155 1625 3216; x_wconf 87' lang='lat' dir='ltr'><strong>Literis</strong></span> <span class='ocrx_word' id='word_1_373' title='bbox 1665 3165 1967 3235; x_wconf 83' lang='lat' dir='ltr'><strong>repugnat,</strong></span> <span class='ocrx_word' id='word_1_374' title='bbox 1997 3157 2096 3216; x_wconf 82' lang='lat' dir='ltr'><strong>vel</strong></span> <span class='ocrx_word' id='word_1_375' title='bbox 2137 3158 2254 3217; x_wconf 88' lang='lat' dir='ltr'><strong>illis</strong></span> <span class='ocrx_word' id='word_1_376' title='bbox 2293 3177 2564 3235; x_wconf 89' lang='lat' dir='ltr'><strong>magnam</strong></span> <span class='ocrx_word' id='word_1_377' title='bbox 2591 3157 2716 3216; x_wconf 87' lang='lat' dir='ltr'><strong>vim</strong></span> <span class='ocrx_word' id='word_1_378' title='bbox 2755 3157 2921 3218; x_wconf 86' lang='lat' dir='ltr'><strong>affert</strong></span> <span class='ocrx_word' id='word_1_379' title='bbox 2939 3161 2972 3218; x_wconf 64' lang='grc' dir='ltr'><strong>ἱ)</strong></span> 
     </span>
     <span class='ocr_line' id='line_1_36' title="bbox 553 3233 2968 3315; baseline 0.001 -23"><span class='ocrx_word' id='word_1_380' title='bbox 553 3233 761 3293; x_wconf 90' lang='lat' dir='ltr'><strong>Dicere</strong></span> <span class='ocrx_word' id='word_1_381' title='bbox 786 3235 975 3293; x_wconf 90' lang='lat' dir='ltr'><strong>Deum</strong></span> <span class='ocrx_word' id='word_1_382' title='bbox 1002 3233 1105 3292; x_wconf 89' lang='lat' dir='ltr'><strong>illa</strong></span> <span class='ocrx_word' id='word_1_383' title='bbox 1130 3255 1261 3312; x_wconf 77' lang='lat' dir='ltr'><strong>quse</strong></span> <span class='ocrx_word' id='word_1_384' title='bbox 1287 3235 1449 3294; x_wconf 90' lang='lat' dir='ltr'><strong>nullo</strong></span> <span class='ocrx_word' id='word_1_385' title='bbox 1477 3236 1649 3295; x_wconf 91' lang='lat' dir='ltr'><strong>modo</strong></span> <span class='ocrx_word' id='word_1_386' title='bbox 1679 3245 1816 3296; x_wconf 89' lang='lat' dir='ltr'><strong>sunt</strong></span> <span class='ocrx_word' id='word_1_387' title='bbox 1841 3239 2006 3312; x_wconf 88' lang='lat' dir='ltr'><strong>scire,</strong></span> <span class='ocrx_word' id='word_1_388' title='bbox 2025 3238 2222 3315; x_wconf 86' lang='lat' dir='ltr'><strong>qualia</strong></span> <span class='ocrx_word' id='word_1_389' title='bbox 2249 3246 2386 3297; x_wconf 87' lang='lat' dir='ltr'><strong>sunt</strong></span> <span class='ocrx_word' id='word_1_390' title='bbox 2410 3237 2604 3297; x_wconf 87' lang='lat' dir='ltr'><strong>futura</strong></span> <span class='ocrx_word' id='word_1_391' title='bbox 2629 3238 2968 3314; x_wconf 87' lang='lat' dir='ltr'><strong>contingen·</strong></span> 
     </span>
     <span class='ocr_line' id='line_1_37' title="bbox 548 3313 2971 3396; baseline 0.002 -24"><span class='ocrx_word' id='word_1_392' title='bbox 548 3313 649 3394; x_wconf 87' lang='lat' dir='ltr'><strong>tia,</strong></span> <span class='ocrx_word' id='word_1_393' title='bbox 681 3322 770 3373; x_wconf 89' lang='lat' dir='ltr'><strong>est</strong></span> <span class='ocrx_word' id='word_1_394' title='bbox 810 3313 922 3375; x_wconf 88' lang='lat' dir='ltr'><strong>sibi</strong></span> <span class='ocrx_word' id='word_1_395' title='bbox 950 3314 1378 3391; x_wconf 80' lang='lat' dir='ltr'><strong>contradicere3</strong></span> <span class='ocrx_word' id='word_1_396' title='bbox 1424 3316 1573 3375; x_wconf 90' lang='lat' dir='ltr'><strong>Nam</strong></span> <span class='ocrx_word' id='word_1_397' title='bbox 1601 3316 1761 3394; x_wconf 90' lang='lat' dir='ltr'><strong>quod</strong></span> <span class='ocrx_word' id='word_1_398' title='bbox 1801 3317 2002 3376; x_wconf 87' lang='lat' dir='ltr'><strong>scibile</strong></span> <span class='ocrx_word' id='word_1_399' title='bbox 2043 3326 2138 3376; x_wconf 90' lang='lat' dir='ltr'><strong>est</strong></span> <span class='ocrx_word' id='word_1_400' title='bbox 2173 3318 2320 3376; x_wconf 88' lang='lat' dir='ltr'><strong>illud</strong></span> <span class='ocrx_word' id='word_1_401' title='bbox 2359 3318 2702 3396; x_wconf 80' lang='lat' dir='ltr'><strong>contingens</strong></span> <span class='ocrx_word' id='word_1_402' title='bbox 2741 3317 2971 3396; x_wconf 88' lang='lat' dir='ltr'><strong>proprie</strong></span> 
     </span>
     <span class='ocr_line' id='line_1_38' title="bbox 548 3392 2972 3477; baseline 0.002 -25"><span class='ocrx_word' id='word_1_403' title='bbox 548 3413 665 3453; x_wconf 90' lang='lat' dir='ltr'><strong>non</strong></span> <span class='ocrx_word' id='word_1_404' title='bbox 704 3403 809 3469; x_wconf 88' lang='lat' dir='ltr'><strong>est,</strong></span> <span class='ocrx_word' id='word_1_405' title='bbox 841 3394 999 3472; x_wconf 87' lang='lat' dir='ltr'><strong>quod</strong></span> <span class='ocrx_word' id='word_1_406' title='bbox 1025 3395 1368 3472; x_wconf 86' lang='lat' dir='ltr'><strong>contingens</strong></span> <span class='ocrx_word' id='word_1_407' title='bbox 1408 3404 1499 3456; x_wconf 87' lang='lat' dir='ltr'><strong>est</strong></span> <span class='ocrx_word' id='word_1_408' title='bbox 1524 3392 1770 3474; x_wconf 88' lang='lat' dir='ltr'><strong>proprie,</strong></span> <span class='ocrx_word' id='word_1_409' title='bbox 1800 3397 1947 3456; x_wconf 89' lang='lat' dir='ltr'><strong>illud</strong></span> <span class='ocrx_word' id='word_1_410' title='bbox 1991 3397 2124 3456; x_wconf 88' lang='lat' dir='ltr'><strong>sciri</strong></span> <span class='ocrx_word' id='word_1_411' title='bbox 2166 3418 2284 3457; x_wconf 91' lang='lat' dir='ltr'><strong>non</strong></span> <span class='ocrx_word' id='word_1_412' title='bbox 2309 3399 2560 3477; x_wconf 89' lang='lat' dir='ltr'><strong>potest.’&#39;</strong></span> <span class='ocrx_word' id='word_1_413' title='bbox 2645 3397 2972 3458; x_wconf 84' lang='lat' dir='ltr'><strong>Orthodoxi</strong></span> 
     </span>
     <span class='ocr_line' id='line_1_39' title="bbox 548 3473 2929 3552; baseline 0.001 -18"><span class='ocrx_word' id='word_1_414' title='bbox 548 3481 751 3534; x_wconf 88' lang='lat' dir='ltr'><strong>eontra</strong></span> <span class='ocrx_word' id='word_1_415' title='bbox 776 3473 969 3534; x_wconf 84' lang='lat' dir='ltr'><strong>futura</strong></span> <span class='ocrx_word' id='word_1_416' title='bbox 996 3473 1392 3552; x_wconf 82' lang='lat' dir='ltr'><strong>contingentia</strong></span> <span class='ocrx_word' id='word_1_417' title='bbox 1420 3476 1527 3535; x_wconf 88' lang='lat' dir='ltr'><strong>sub</strong></span> <span class='ocrx_word' id='word_1_418' title='bbox 1556 3476 1856 3536; x_wconf 88' lang='lat' dir='ltr'><strong>seientiam</strong></span> <span class='ocrx_word' id='word_1_419' title='bbox 1887 3476 1997 3535; x_wconf 88' lang='lat' dir='ltr'><strong>Dei</strong></span> <span class='ocrx_word' id='word_1_420' title='bbox 2027 3476 2389 3536; x_wconf 84' lang='lat' dir='ltr'><strong>infallibilem</strong></span> <span class='ocrx_word' id='word_1_421' title='bbox 2417 3477 2620 3537; x_wconf 89' lang='lat' dir='ltr'><strong>cadere</strong></span> <span class='ocrx_word' id='word_1_422' title='bbox 2647 3484 2929 3537; x_wconf 87' lang='lat' dir='ltr'><strong>statuunt.</strong></span> 
     </span>
     <span class='ocr_line' id='line_1_40' title="bbox 630 3553 2972 3636; baseline 0.003 -24"><span class='ocrx_word' id='word_1_423' title='bbox 630 3554 815 3614; x_wconf 84' lang='lat' dir='ltr'>VIII.</span> <span class='ocrx_word' id='word_1_424' title='bbox 857 3553 959 3612; x_wconf 93' lang='lat' dir='ltr'><strong>Ad</strong></span> <span class='ocrx_word' id='word_1_425' title='bbox 998 3562 1213 3614; x_wconf 83' lang='lat' dir='ltr'><strong>statum</strong></span> <span class='ocrx_word' id='word_1_426' title='bbox 1241 3554 1593 3632; x_wconf 67' lang='lat' dir='ltr'><strong>quaestionis,</strong></span> <span class='ocrx_word' id='word_1_427' title='bbox 1640 3556 1796 3616; x_wconf 84' lang='lat' dir='ltr'><strong>Nota</strong></span> <span class='ocrx_word' id='word_1_428' title='bbox 1840 3559 1892 3616; x_wconf 87' lang='lat'><strong>1.</strong></span> <span class='ocrx_word' id='word_1_429' title='bbox 1927 3556 2262 3634; x_wconf 61' lang='lat' dir='ltr'><strong>Contingent</strong></span> <span class='ocrx_word' id='word_1_430' title='bbox 2300 3575 2472 3636; x_wconf 85' lang='lat' dir='ltr'><strong>posse</strong></span> <span class='ocrx_word' id='word_1_431' title='bbox 2513 3557 2630 3616; x_wconf 89' lang='lat' dir='ltr'><strong>dici</strong></span> <span class='ocrx_word' id='word_1_432' title='bbox 2667 3556 2972 3618; x_wconf 75' lang='lat' dir='ltr'><strong>bifariamt</strong></span> 
     </span>
     <span class='ocr_line' id='line_1_41' title="bbox 547 3635 2970 3714; baseline 0.001 -20"><span class='ocrx_word' id='word_1_433' title='bbox 547 3635 663 3694; x_wconf 90' lang='lat' dir='ltr'><strong>Vel</strong></span> <span class='ocrx_word' id='word_1_434' title='bbox 690 3642 956 3714; x_wconf 84' lang='lat' dir='ltr'><strong>respectu</strong></span> <span class='ocrx_word' id='word_1_435' title='bbox 976 3653 1163 3693; x_wconf 70' lang='lat' dir='ltr'><strong>causae</strong></span> <span class='ocrx_word' id='word_1_436' title='bbox 1176 3636 1403 3711; x_wconf 77' lang='lat' dir='ltr'><strong>primos,</strong></span> <span class='ocrx_word' id='word_1_437' title='bbox 1430 3644 1715 3714; x_wconf 89' lang='lat' dir='ltr'><strong>quatenus</strong></span> <span class='ocrx_word' id='word_1_438' title='bbox 1740 3644 1934 3714; x_wconf 77' lang='lat' dir='ltr'><strong>potest</strong></span> <span class='ocrx_word' id='word_1_439' title='bbox 1956 3635 2201 3714; x_wconf 87' lang='lat' dir='ltr'><strong>produci</strong></span> <span class='ocrx_word' id='word_1_440' title='bbox 2218 3638 2316 3696; x_wconf 83' lang='lat' dir='ltr'><strong>vel</strong></span> <span class='ocrx_word' id='word_1_441' title='bbox 2341 3656 2460 3696; x_wconf 90' lang='lat' dir='ltr'><strong>non</strong></span> <span class='ocrx_word' id='word_1_442' title='bbox 2484 3636 2726 3714; x_wconf 85' lang='lat' dir='ltr'><strong>produci</strong></span> <span class='ocrx_word' id='word_1_443' title='bbox 2754 3657 2789 3696; x_wconf 88' lang='lat' dir='ltr'><strong>a</strong></span> <span class='ocrx_word' id='word_1_444' title='bbox 2807 3638 2970 3714; x_wconf 79' lang='lat' dir='ltr'><strong>Deo;</strong></span> 
     </span>
     <span class='ocr_line' id='line_1_42' title="bbox 547 3715 2974 3794; baseline 0.001 -20"><span class='ocrx_word' id='word_1_445' title='bbox 547 3723 607 3775; x_wconf 89' lang='lat' dir='ltr'><strong>et</strong></span> <span class='ocrx_word' id='word_1_446' title='bbox 634 3715 719 3774; x_wconf 88' lang='lat' dir='ltr'><strong>sic</strong></span> <span class='ocrx_word' id='word_1_447' title='bbox 745 3733 945 3775; x_wconf 88' lang='lat' dir='ltr'><strong>omnes</strong></span> <span class='ocrx_word' id='word_1_448' title='bbox 974 3715 1265 3774; x_wconf 79' lang='lat' dir='ltr'><strong>Creaturae</strong></span> <span class='ocrx_word' id='word_1_449' title='bbox 1302 3722 1442 3775; x_wconf 90' lang='lat' dir='ltr'><strong>sunt</strong></span> <span class='ocrx_word' id='word_1_450' title='bbox 1480 3716 1882 3793; x_wconf 82' lang='lat' dir='ltr'><strong>contingentes</strong></span> <span class='ocrx_word' id='word_1_451' title='bbox 1923 3724 2188 3794; x_wconf 88' lang='lat' dir='ltr'><strong>respectu</strong></span> <span class='ocrx_word' id='word_1_452' title='bbox 2217 3717 2345 3792; x_wconf 89' lang='lat' dir='ltr'><strong>Dei,</strong></span> <span class='ocrx_word' id='word_1_453' title='bbox 2377 3716 2514 3794; x_wconf 85' lang='lat' dir='ltr'><strong>quia</strong></span> <span class='ocrx_word' id='word_1_454' title='bbox 2551 3717 2740 3794; x_wconf 87' lang='lat' dir='ltr'><strong>potuit</strong></span> <span class='ocrx_word' id='word_1_455' title='bbox 2778 3717 2974 3777; x_wconf 89' lang='lat' dir='ltr'><strong>nullas</strong></span> 
     </span>
     <span class='ocr_line' id='line_1_43' title="bbox 548 3794 2971 3874; baseline 0.001 -20"><span class='ocrx_word' id='word_1_456' title='bbox 548 3812 741 3854; x_wconf 86' lang='lat' dir='ltr'><strong>creare</strong></span> <span class='ocrx_word' id='word_1_457' title='bbox 770 3795 820 3853; x_wconf 87' lang='lat' dir='ltr'><strong>si</strong></span> <span class='ocrx_word' id='word_1_458' title='bbox 840 3794 1153 3854; x_wconf 83' lang='lat' dir='ltr'><strong>voluisset:</strong></span> <span class='ocrx_word' id='word_1_459' title='bbox 1196 3794 1314 3854; x_wconf 88' lang='lat' dir='ltr'><strong>Vel</strong></span> <span class='ocrx_word' id='word_1_460' title='bbox 1342 3804 1608 3872; x_wconf 88' lang='lat' dir='ltr'><strong>respectu</strong></span> <span class='ocrx_word' id='word_1_461' title='bbox 1632 3796 1956 3856; x_wconf 65' lang='lat' dir='ltr'><strong>Causarum</strong></span> <span class='ocrx_word' id='word_1_462' title='bbox 1975 3799 2366 3871; x_wconf 74' lang='lat' dir='ltr'><strong>secundarum,</strong></span> <span class='ocrx_word' id='word_1_463' title='bbox 2387 3816 2516 3873; x_wconf 83' lang='lat' dir='ltr'><strong>quae</strong></span> <span class='ocrx_word' id='word_1_464' title='bbox 2536 3805 2780 3874; x_wconf 88' lang='lat' dir='ltr'><strong>possunt</strong></span> <span class='ocrx_word' id='word_1_465' title='bbox 2800 3796 2971 3857; x_wconf 88' lang='lat' dir='ltr'><strong>effec-</strong></span> 
     </span>
     <span class='ocr_line' id='line_1_44' title="bbox 548 3873 2971 3954; baseline 0.002 -22"><span class='ocrx_word' id='word_1_466' title='bbox 548 3883 673 3932; x_wconf 87' lang='lat' dir='ltr'><strong>tum</strong></span> <span class='ocrx_word' id='word_1_467' title='bbox 700 3873 1015 3950; x_wconf 87' lang='lat' dir='ltr'><strong>producere</strong></span> <span class='ocrx_word' id='word_1_468' title='bbox 1042 3875 1139 3933; x_wconf 82' lang='lat' dir='ltr'><strong>vel</strong></span> <span class='ocrx_word' id='word_1_469' title='bbox 1166 3893 1285 3932; x_wconf 90' lang='lat' dir='ltr'><strong>non</strong></span> <span class='ocrx_word' id='word_1_470' title='bbox 1312 3875 1645 3952; x_wconf 88' lang='lat' dir='ltr'><strong>producere,</strong></span> <span class='ocrx_word' id='word_1_471' title='bbox 1677 3884 1740 3935; x_wconf 89' lang='lat' dir='ltr'><strong>et</strong></span> <span class='ocrx_word' id='word_1_472' title='bbox 1764 3895 1894 3953; x_wconf 78' lang='lat' dir='ltr'><strong>quse</strong></span> <span class='ocrx_word' id='word_1_473' title='bbox 1922 3876 2054 3936; x_wconf 89' lang='lat' dir='ltr'><strong>ideo</strong></span> <span class='ocrx_word' id='word_1_474' title='bbox 2095 3875 2532 3954; x_wconf 88' lang='lat' dir='ltr'><strong>distinguuntur</strong></span> <span class='ocrx_word' id='word_1_475' title='bbox 2571 3896 2608 3935; x_wconf 86' lang='lat' dir='ltr'><strong>a</strong></span> <span class='ocrx_word' id='word_1_476' title='bbox 2648 3877 2838 3936; x_wconf 85' lang='lat' dir='ltr'><strong>causis</strong></span> <span class='ocrx_word' id='word_1_477' title='bbox 2864 3893 2971 3936; x_wconf 79' lang='lat' dir='ltr'><strong>ne·</strong></span> 
     </span>
     <span class='ocr_line' id='line_1_45' title="bbox 550 3952 2974 4045; baseline 0.002 -33"><span class='ocrx_word' id='word_1_478' title='bbox 550 3953 849 4045; x_wconf 66' lang='lat' dir='ltr'><strong>cessariis3</strong></span> <span class='ocrx_word' id='word_1_479' title='bbox 894 3952 1017 4012; x_wconf 87' lang='lat' dir='ltr'><strong>Nos</strong></span> <span class='ocrx_word' id='word_1_480' title='bbox 1042 3953 1141 4012; x_wconf 89' lang='lat' dir='ltr'><strong>hic</strong></span> <span class='ocrx_word' id='word_1_481' title='bbox 1167 3954 1397 4032; x_wconf 84' lang='lat' dir='ltr'><strong>agimus</strong></span> <span class='ocrx_word' id='word_1_482' title='bbox 1424 3955 1499 4016; x_wconf 88' lang='lat' dir='ltr'><strong>de</strong></span> <span class='ocrx_word' id='word_1_483' title='bbox 1524 3955 1735 4016; x_wconf 80' lang='lat' dir='ltr'><strong>futuris</strong></span> <span class='ocrx_word' id='word_1_484' title='bbox 1775 3955 2248 4034; x_wconf 87' lang='lat' dir='ltr'><strong>contingentibus</strong></span> <span class='ocrx_word' id='word_1_485' title='bbox 2285 3953 2591 4034; x_wconf 85' lang='lat' dir='ltr'><strong>posteriori</strong></span> <span class='ocrx_word' id='word_1_486' title='bbox 2631 3975 2822 4033; x_wconf 86' lang='lat' dir='ltr'><strong>sensu,</strong></span> <span class='ocrx_word' id='word_1_487' title='bbox 2851 3971 2974 4018; x_wconf 86' lang='lat' dir='ltr'><strong>non</strong></span> 
     </span>
     <span class='ocr_line' id='line_1_46' title="bbox 588 4050 745 4089; baseline 0 0"><span class='ocrx_word' id='word_1_488' title='bbox 588 4050 745 4089; x_wconf 83' lang='lat' dir='ltr'><strong>non.</strong></span> 
     </span>
     <span class='ocr_line' id='line_1_47' title="bbox 549 4051 2966 4194; baseline 0.003 -26"><span class='ocrx_word' id='word_1_489' title='bbox 549 4051 589 4110; x_wconf 73' lang='grc' dir='ltr'><strong>Ρ</strong></span> <span class='ocrx_word' id='word_1_490' title='bbox 634 4110 756 4169; x_wconf 85' lang='grc' dir='ltr'><strong>ΙΧ.</strong></span> <span class='ocrx_word' id='word_1_491' title='bbox 804 4108 1089 4185; x_wconf 88' lang='lat' dir='ltr'><strong>Secundo,</strong></span> <span class='ocrx_word' id='word_1_492' title='bbox 1122 4111 1243 4171; x_wconf 89' lang='lat' dir='ltr'><strong>Res</strong></span> <span class='ocrx_word' id='word_1_493' title='bbox 1285 4119 1479 4188; x_wconf 88' lang='lat' dir='ltr'><strong>potest</strong></span> <span class='ocrx_word' id='word_1_494' title='bbox 1526 4111 1894 4191; x_wconf 86' lang='lat' dir='ltr'><strong>considerari,</strong></span> <span class='ocrx_word' id='word_1_495' title='bbox 1923 4111 2022 4175; x_wconf 86' lang='lat' dir='ltr'><strong>vel</strong></span> <span class='ocrx_word' id='word_1_496' title='bbox 2069 4117 2266 4194; x_wconf 80' lang='lat' dir='ltr'><strong>quoad</strong></span> <span class='ocrx_word' id='word_1_497' title='bbox 2301 4114 2691 4176; x_wconf 73' lang='lat' dir='ltr'><strong>certitudinem</strong></span> <span class='ocrx_word' id='word_1_498' title='bbox 2729 4125 2966 4192; x_wconf 64' lang='lat' dir='ltr'><strong>avenam,</strong></span> 
     </span>
     <span class='ocr_line' id='line_1_48' title="bbox 550 4189 2970 4275; baseline 0.003 -26"><span class='ocrx_word' id='word_1_499' title='bbox 550 4191 649 4250; x_wconf 80' lang='lat' dir='ltr'><strong>vel</strong></span> <span class='ocrx_word' id='word_1_500' title='bbox 688 4189 911 4250; x_wconf 84' lang='lat' dir='ltr'><strong>ratione</strong></span> <span class='ocrx_word' id='word_1_501' title='bbox 949 4191 1107 4248; x_wconf 80' lang='lat' dir='ltr'><strong>modi</strong></span> <span class='ocrx_word' id='word_1_502' title='bbox 1138 4193 1529 4266; x_wconf 59' lang='lat' dir='ltr'><strong>productione</strong></span> <span class='ocrx_word' id='word_1_503' title='bbox 1548 4213 1568 4252; x_wconf 89' lang='lat'><strong>.·</strong></span> <span class='ocrx_word' id='word_1_504' title='bbox 1608 4192 1867 4252; x_wconf 82' lang='lat' dir='ltr'><strong>futurum</strong></span> <span class='ocrx_word' id='word_1_505' title='bbox 1907 4196 2250 4274; x_wconf 85' lang='lat' dir='ltr'><strong>contingens</strong></span> <span class='ocrx_word' id='word_1_506' title='bbox 2290 4204 2598 4275; x_wconf 88' lang='lat' dir='ltr'><strong>utrumque</strong></span> <span class='ocrx_word' id='word_1_507' title='bbox 2623 4204 2804 4272; x_wconf 85' lang='lat' dir='ltr'><strong>notat,</strong></span> <span class='ocrx_word' id='word_1_508' title='bbox 2832 4214 2970 4256; x_wconf 86' lang='lat' dir='ltr'><strong>nam</strong></span> 
     </span>
     <span class='ocr_line' id='line_1_49' title="bbox 552 4269 2970 4353; baseline 0.002 -24"><span class='ocrx_word' id='word_1_509' title='bbox 552 4286 669 4348; x_wconf 87' lang='lat' dir='ltr'><strong>qua</strong></span> <span class='ocrx_word' id='word_1_510' title='bbox 716 4269 988 4344; x_wconf 80' lang='lat' dir='ltr'><strong>futurum,</strong></span> <span class='ocrx_word' id='word_1_511' title='bbox 1039 4276 1205 4328; x_wconf 85' lang='lat' dir='ltr'><strong>notat</strong></span> <span class='ocrx_word' id='word_1_512' title='bbox 1250 4269 1654 4331; x_wconf 85' lang='lat' dir='ltr'><strong>certitudinem</strong></span> <span class='ocrx_word' id='word_1_513' title='bbox 1697 4281 1956 4350; x_wconf 82' lang='lat' dir='ltr'><strong>eventus,</strong></span> <span class='ocrx_word' id='word_1_514' title='bbox 2001 4295 2119 4353; x_wconf 86' lang='lat' dir='ltr'><strong>qua</strong></span> <span class='ocrx_word' id='word_1_515' title='bbox 2158 4275 2500 4352; x_wconf 88' lang='lat' dir='ltr'><strong>contingens</strong></span> <span class='ocrx_word' id='word_1_516' title='bbox 2528 4293 2684 4351; x_wconf 81' lang='lat' dir='ltr'><strong>vero,</strong></span> <span class='ocrx_word' id='word_1_517' title='bbox 2732 4274 2970 4334; x_wconf 90' lang='lat' dir='ltr'><strong>modum</strong></span> 
     </span>
     <span class='ocr_line' id='line_1_50' title="bbox 552 4347 2971 4486; baseline 0.003 -79"><span class='ocrx_word' id='word_1_518' title='bbox 552 4347 975 4486; x_wconf 57' lang='lat' dir='ltr'><strong>produgtionis3</strong></span> <span class='ocrx_word' id='word_1_519' title='bbox 1004 4347 1151 4408; x_wconf 90' lang='lat' dir='ltr'><strong>illud</strong></span> <span class='ocrx_word' id='word_1_520' title='bbox 1176 4348 1353 4410; x_wconf 84' lang='lat' dir='ltr'><strong>habet</strong></span> <span class='ocrx_word' id='word_1_521' title='bbox 1378 4371 1415 4409; x_wconf 90' lang='lat' dir='ltr'><strong>a</strong></span> <span class='ocrx_word' id='word_1_522' title='bbox 1442 4350 1672 4412; x_wconf 89' lang='lat' dir='ltr'><strong>decreto</strong></span> <span class='ocrx_word' id='word_1_523' title='bbox 1701 4372 1888 4414; x_wconf 71' lang='lat' dir='ltr'><strong>causae</strong></span> <span class='ocrx_word' id='word_1_524' title='bbox 1914 4355 2132 4433; x_wconf 76' lang='lat' dir='ltr'><strong>primae,</strong></span> <span class='ocrx_word' id='word_1_525' title='bbox 2155 4357 2268 4415; x_wconf 92' lang='lat' dir='ltr'><strong>hoc</strong></span> <span class='ocrx_word' id='word_1_526' title='bbox 2287 4376 2324 4415; x_wconf 87' lang='lat' dir='ltr'><strong>a</strong></span> <span class='ocrx_word' id='word_1_527' title='bbox 2343 4355 2753 4415; x_wconf 85' lang='lat' dir='ltr'><strong>constitutione</strong></span> <span class='ocrx_word' id='word_1_528' title='bbox 2779 4373 2971 4415; x_wconf 78' lang='lat' dir='ltr'><strong>causae</strong></span> 
     </span>
     <span class='ocr_line' id='line_1_51' title="bbox 554 4448 2298 4491; baseline -0.002 0"><span class='ocrx_word' id='word_1_529' title='bbox 554 4448 732 4491; x_wconf 89' lang='lat' dir='ltr'><strong>secun</strong></span> <span class='ocrx_word' id='word_1_530' title='bbox 774 4449 841 4486; x_wconf 70' lang='grc' dir='ltr'><strong>ω.</strong></span> <span class='ocrx_word' id='word_1_531' title='bbox 2292 4453 2298 4461; x_wconf 89' lang='grc'><em>·</em></span> 
     </span>
     <span class='ocr_line' id='line_1_52' title="bbox 634 4506 2975 4593; baseline 0.003 -26"><span class='ocrx_word' id='word_1_532' title='bbox 634 4509 723 4569; x_wconf 86' lang='grc' dir='ltr'><strong>Χ.</strong></span> <span class='ocrx_word' id='word_1_533' title='bbox 765 4506 1055 4584; x_wconf 73' lang='lat' dir='ltr'><strong>Quaeritur</strong></span> <span class='ocrx_word' id='word_1_534' title='bbox 1078 4525 1235 4587; x_wconf 86' lang='lat' dir='ltr'><strong>ergo,</strong></span> <span class='ocrx_word' id='word_1_535' title='bbox 1267 4507 1368 4570; x_wconf 88' lang='lat' dir='ltr'><strong>An</strong></span> <span class='ocrx_word' id='word_1_536' title='bbox 1394 4509 1603 4586; x_wconf 87' lang='lat' dir='ltr'><strong>futura,</strong></span> <span class='ocrx_word' id='word_1_537' title='bbox 1632 4531 1750 4571; x_wconf 88' lang='lat' dir='ltr'><strong>non</strong></span> <span class='ocrx_word' id='word_1_538' title='bbox 1777 4513 1999 4591; x_wconf 73' lang='lat' dir='ltr'><strong>quaevis</strong></span> <span class='ocrx_word' id='word_1_539' title='bbox 2027 4521 2087 4574; x_wconf 92' lang='lat' dir='ltr'><strong>et</strong></span> <span class='ocrx_word' id='word_1_540' title='bbox 2111 4533 2242 4593; x_wconf 71' lang='lat' dir='ltr'><strong>quae</strong></span> <span class='ocrx_word' id='word_1_541' title='bbox 2268 4515 2486 4576; x_wconf 84' lang='lat' dir='ltr'><strong>habent</strong></span> <span class='ocrx_word' id='word_1_542' title='bbox 2511 4533 2745 4575; x_wconf 87' lang='lat' dir='ltr'><strong>causam</strong></span> <span class='ocrx_word' id='word_1_543' title='bbox 2770 4533 2975 4574; x_wconf 86' lang='lat' dir='ltr'><strong>neces-</strong></span> 
     </span>
     <span class='ocr_line' id='line_1_53' title="bbox 552 4587 2973 4674; baseline 0.002 -24"><span class='ocrx_word' id='word_1_544' title='bbox 552 4590 779 4664; x_wconf 83' lang='lat' dir='ltr'><strong>sariam,</strong></span> <span class='ocrx_word' id='word_1_545' title='bbox 810 4588 883 4648; x_wconf 90' lang='lat' dir='ltr'><strong>de</strong></span> <span class='ocrx_word' id='word_1_546' title='bbox 910 4587 1002 4648; x_wconf 87' lang='lat' dir='ltr'><strong>his</strong></span> <span class='ocrx_word' id='word_1_547' title='bbox 1028 4588 1183 4647; x_wconf 90' lang='lat' dir='ltr'><strong>enim</strong></span> <span class='ocrx_word' id='word_1_548' title='bbox 1222 4609 1341 4650; x_wconf 88' lang='lat' dir='ltr'><strong>non</strong></span> <span class='ocrx_word' id='word_1_549' title='bbox 1367 4591 1679 4669; x_wconf 87' lang='lat' dir='ltr'><strong>dubitatur,</strong></span> <span class='ocrx_word' id='word_1_550' title='bbox 1715 4593 1832 4653; x_wconf 89' lang='lat' dir='ltr'><strong>Sed</strong></span> <span class='ocrx_word' id='word_1_551' title='bbox 1872 4595 2282 4673; x_wconf 86' lang='lat' dir='ltr'><strong>contingentia,</strong></span> <span class='ocrx_word' id='word_1_552' title='bbox 2313 4615 2444 4674; x_wconf 79' lang='lat' dir='ltr'><strong>quae</strong></span> <span class='ocrx_word' id='word_1_553' title='bbox 2483 4595 2700 4656; x_wconf 88' lang='lat' dir='ltr'><strong>habent</strong></span> <span class='ocrx_word' id='word_1_554' title='bbox 2735 4613 2973 4654; x_wconf 86' lang='lat' dir='ltr'><strong>causam</strong></span> 
     </span>
     <span class='ocr_line' id='line_1_54' title="bbox 552 4665 2970 4753; baseline 0.002 -25"><span class='ocrx_word' id='word_1_555' title='bbox 552 4671 809 4744; x_wconf 85' lang='lat' dir='ltr'><strong>liberam,</strong></span> <span class='ocrx_word' id='word_1_556' title='bbox 829 4677 888 4728; x_wconf 91' lang='lat' dir='ltr'><strong>et</strong></span> <span class='ocrx_word' id='word_1_557' title='bbox 914 4665 1191 4751; x_wconf 54' lang='grc' dir='ltr'><strong>ἀδιάφορον,</strong></span> <span class='ocrx_word' id='word_1_558' title='bbox 1224 4691 1341 4731; x_wconf 88' lang='lat' dir='ltr'><strong>non</strong></span> <span class='ocrx_word' id='word_1_559' title='bbox 1362 4672 1535 4749; x_wconf 69' lang='lat' dir='ltr'><strong>loyice</strong></span> <span class='ocrx_word' id='word_1_560' title='bbox 1554 4693 1702 4751; x_wconf 85' lang='lat' dir='ltr'><strong>resp.</strong></span> <span class='ocrx_word' id='word_1_561' title='bbox 1723 4691 1912 4733; x_wconf 72' lang='lat' dir='ltr'><strong>causae</strong></span> <span class='ocrx_word' id='word_1_562' title='bbox 1931 4675 2149 4752; x_wconf 75' lang='lat' dir='ltr'><strong>primae,</strong></span> <span class='ocrx_word' id='word_1_563' title='bbox 2169 4695 2286 4753; x_wconf 90' lang='lat' dir='ltr'><strong>quo</strong></span> <span class='ocrx_word' id='word_1_564' title='bbox 2315 4695 2489 4738; x_wconf 84' lang='lat' dir='ltr'><strong>sensu</strong></span> <span class='ocrx_word' id='word_1_565' title='bbox 2516 4676 2688 4736; x_wconf 87' lang='lat' dir='ltr'><strong>etiam</strong></span> <span class='ocrx_word' id='word_1_566' title='bbox 2715 4675 2970 4734; x_wconf 81' lang='lat' dir='ltr'><strong>maxime</strong></span> 
     </span>
    </p>
   </div>
  </div>
 </body>
</html>
