3300 5225
557 354 673 412 356
1479 368 1663 411 Locus
1690 366 1980 419 quan-rus.
2522 348 2774 431 [Quas-r.
2804 370 2963 413 xvu.

558 512 674 572 sari
701 512 815 571 sibi
839 511 1090 570 invicem
1116 510 1263 570 duos
1289 509 1434 571 istos
1459 518 1641 587 actus,
1672 518 1739 569 ιιι
1772 510 1959 589 primo
1990 511 2151 570 Deus
2177 510 2427 570 voluerit
2467 510 2725 571 omnium
2750 518 2811 571 et
2842 510 2965 571 sin-

560 593 829 669 gulorum
857 592 1120 667 salutem,
1152 592 1201 649 si
1230 590 1481 666 credant,
1513 598 1572 649 et
1599 592 1853 651 secundo
1875 591 2221 669 quibusdam
2248 591 2386 649 dare
2407 592 2657 651 voluerit
2684 591 2877 666 fidem,
2897 599 2967 651 ut

563 683 719 732 certo
737 682 1055 731 serventur.
1081 670 1153 731 R.
1187 672 1384 730 Gratis
1411 671 1564 730 enim
1587 673 1929 749 supponitur
1944 671 2070 729 dari
2090 672 2307 749 duplex
2334 672 2480 731 inud
2502 670 2812 731 miserendi
2832 691 2967 749 pro-

562 754 832 829 positum,
863 772 996 811 cum
1028 752 1340 845 Scriptura
1349 770 1516 810 omne
1545 752 1661 809 Dei
1700 752 2055 830 propositum
2078 751 2407 827 miserendi,
2448 752 2523 811 ab
2550 760 2765 811 aeterna
2804 752 2969 810 illius

563 833 842 892 electione
869 840 1138 907 arcessat,
1169 834 1286 890 imo
1323 832 1384 889 in
1425 852 1494 889 eo
1535 831 1841 907 ipsammet
1869 832 2229 891 Elec-,tionem
2272 832 2603 924 cpnstimat,
2636 832 2806 891 Rom.
2835 831 2964 890 viii.

565 915 661 987 28,
693 916 789 986 29,
821 922 880 971 et
899 913 979 970 ix.
1015 914 1126 970 11·
1113 958 1126 989 ,
1173 911 1434 989 Ephes.
1416 932 1454 969 1.
1490 913 1602 969 11·
1587 958 1602 989 ,
1647 916 1685 969 2
1716 912 1910 971 Tim.
1893 931 1932 969 1.
1964 914 2020 970 9.
2072 912 2151 971 Ει
2178 931 2271 971 res
2298 912 2426 989 ipsa
2452 912 2622 971 docet
2648 931 2764 970 non
2790 930 2969 989 posse

565 994 689 1053 sine
717 991 1070 1051 absurditate
1099 992 1339 1068 concipi,
1364 1000 1429 1049 ut
1452 991 1629 1066 Deus,
1654 991 1715 1049 in
1736 1012 1852 1069 quo
1879 1011 1997 1049 non
2024 1000 2215 1069 potest
2235 990 2361 1050 dari
2386 992 2546 1068 prius
2573 997 2635 1050 et
2657 992 2967 1068 posterius,

567 1080 626 1131 et
653 1073 754 1149 qui
780 1072 950 1131 unico
992 1080 1051 1130 et
1092 1071 1515 1149 simplicissimo
1542 1071 1863 1131 voluntatis
1904 1078 2037 1131 actu
2078 1071 2271 1129 omnia
2296 1071 2570 1145 decernit,
2602 1072 2803 1129 eodem
2830 1080 2972 1129 actu

566 1152 816 1211 voluerit
842 1152 1093 1210 maxime
1123 1151 1271 1210 serio
1300 1150 1590 1227 aliquibus
1631 1151 1878 1210 salutem
1920 1151 2029 1210 sub
2058 1152 2252 1229 aliqua
2280 1152 2607 1211 conditione
2647 1150 2966 1225 intendere,

567 1240 627 1291 et
653 1232 826 1290 simul
847 1231 1234 1290 conditionem
1253 1230 1424 1289 istam
1453 1232 1577 1289 sine
1598 1250 1715 1307 qua
1735 1231 1935 1289 haberi
1954 1232 2156 1309 nequit
2184 1231 2357 1307 salus,
2380 1232 2498 1290 illis
2518 1250 2731 1307 negare
2752 1230 2969 1289 consti-

567 1312 758 1387 tuerit,
789 1311 891 1388 qui
919 1312 1076 1369 solus
1105 1312 1241 1369 dare
1267 1319 1492 1389 potest,
1478 1332 1493 1346 ·
1535 1310 1681 1388 quid
1705 1310 1817 1369 hoc
1844 1310 2002 1369 aliud
2023 1319 2192 1386 esset,
2224 1330 2397 1387 quam
2424 1310 2576 1369 velle
2604 1309 2876 1384 misereri,
2910 1318 2975 1369 et

567 1412 684 1449 non
711 1392 865 1449 velle
895 1391 1111 1450 simul?
1169 1392 1383 1450 Fateor
1413 1391 1650 1449 unicum
1678 1390 1997 1449 voluntatis
2023 1390 2237 1449 divinae
2264 1399 2457 1449 actum
2483 1390 2547 1449 in
2578 1391 2770 1447 varios
2796 1409 2973 1466 posse

567 1471 768 1545 dividi,
800 1471 900 1547 qui
941 1470 1335 1547 concipiantur
1359 1490 1464 1548 per
1489 1472 1649 1547 prius
1688 1478 1747 1529 et
1772 1469 2074 1563 posterius,
2120 1470 2222 1529 sed
2248 1471 2359 1528 hoc
2386 1477 2625 1529 tantum
2636 1470 2972 1546 intelligen-

568 1550 708 1608 dum
735 1516 808 1609 de
837 1550 970 1624 illis,
1000 1550 1101 1627 qui
1127 1551 1189 1608 in
1217 1570 1280 1608 se
1306 1569 1422 1609 non
1451 1550 1711 1627 arietant,
1745 1561 1804 1610 et
1831 1552 2051 1627 seipsos
2076 1570 2195 1608 non
2220 1550 2563 1624 destruunt3
2608 1548 2651 1607 J
2654 1568 2747 1606 am
2774 1548 2970 1608 dicere

573 1630 763 1688 Deum
806 1630 1074 1688 omnibus
1115 1629 1358 1688 salutem
1397 1629 1733 1704 intendisse,
1778 1638 1837 1689 et
1879 1630 2052 1689 simul
2098 1628 2424 1688 decrevisse
2466 1630 2612 1687 alios
2656 1626 2869 1705 eligere
2908 1636 2975 1687 et

571 1729 780 1784 amare,
831 1709 976 1767 alios
1027 1728 1166 1767 vero
1209 1708 1400 1767 odisse
1452 1717 1511 1767 et
1561 1709 1883 1786 reprobare,
1938 1716 2073 1768 sunt
2120 1708 2404 1785 azo-mm,
2448 1729 2556 1767 nec
2605 1709 2776 1766 simul
2815 1706 2977 1787 apud

575 1790 764 1848 Deum
793 1797 944 1849 stare
971 1796 1228 1865 possunt,
1260 1787 1568 1864 nequidem
1597 1790 1939 1864 successive,
1970 1789 2083 1847 nisi
2110 1790 2381 1849 voluntas
2408 1789 2536 1867 ejus
2563 1788 2817 1847 obnoxia
2842 1807 2971 1845 mu-

571 1869 779 1929 tationi
808 1876 1109 1943 statuatur,
1140 1866 1297 1945 quod
1323 1867 1396 1927 de
1429 1868 1555 1926 Deo
1583 1867 1838 1947 cogitare
1864 1868 2283 1946 blasphemum.

653 1946 835 2009 XVI.
883 1888 1180 2023 Secundo,
1195 1966 1313 2005 non
1341 1946 1566 2007 felicius
1592 1946 1969 2025 distinguitur
1994 1949 2089 2007 hic
2116 1950 2297 2007 Amor
2326 1947 2436 2006 Dei
2472 1946 2535 2005 in
2562 1954 2973 2023 cmnparatwn,

573 2038 634 2089 et
661 2031 986 2103 absolutum,
1017 2036 1076 2087 et
1117 2028 1388 2087 statuitur
1415 2027 1680 2103 Paulum,
1712 2047 1889 2104 quum
1929 2028 2159 2087 locutus
2200 2036 2289 2086 est
2316 2028 2389 2086 de
2428 2046 2624 2086 amore
2651 2026 2694 2086 J
2698 2027 2879 2102 acobl,
2908 2035 2976 2085 et

573 2108 708 2168 odio
749 2108 946 2183 Esavi,
975 2107 1232 2167 voluisse
1259 2116 1482 2166 tantum
1523 2107 1763 2166 innuere
1793 2108 1983 2167 Deum
2024 2108 2188 2167 illum
2228 2107 2416 2185 magis
2456 2126 2696 2183 amasse,
2740 2114 2799 2165 et
2833 2106 2977 2165 huie

571 2189 910 2265 praetulisse,
956 2188 1244 2265 quomodo
1271 2192 1327 2245 τὶ
1356 2188 1549 2261 odisse,
1593 2206 1711 2245 non
1756 2188 1935 2246 semel
1975 2188 2036 2245 in
2067 2187 2362 2264 Scriptura
2388 2187 2621 2264 ponitur
2646 2207 2750 2263 pro
2790 2187 2978 2245 minus

572 2288 787 2345 amare,
821 2268 969 2329 Gen.
1001 2267 1166 2325 xxix.
1199 2270 1272 2326 31
1299 2288 1314 2342 ;
1361 2268 1455 2325 Ita
1482 2266 1592 2325 etsi
1619 2267 1901 2343 quosdam
1927 2266 2204 2345 peculiari
2230 2286 2423 2325 amore
2450 2266 2788 2344 complexus
2815 2266 2975 2325 dica-

569 2358 666 2407 tur
696 2349 872 2424 Deus,
903 2356 970 2408 ut
996 2346 1114 2405 illis
1138 2346 1314 2405 fidem
1342 2346 1521 2419 daret,
1552 2365 1670 2404 non
1700 2347 1879 2423 sequi,
1912 2346 2068 2423 quod
2094 2346 2240 2405 alios
2281 2346 2507 2405 salvare
2534 2345 2819 2421 noluerit;
2864 2363 2971 2403 va-

572 2428 689 2486 rios
717 2428 869 2487 enim
911 2427 1125 2505 gradus
1166 2428 1228 2485 ιιι
1268 2447 1462 2485 amore
1493 2392 1606 2485 bei
1647 2446 1787 2503 erga
1825 2427 2087 2485 homines
2127 2446 2247 2484 non
2285 2426 2477 2484 minus
2517 2424 2749 2502 concipi
2780 2444 2971 2502 posse,

573 2526 746 2583 quam
788 2527 928 2583 erga
965 2507 1288 2565 Creaturas.
1335 2508 1407 2565 R.
1453 2506 1619 2564 Licet
1660 2506 1813 2565 enim
1854 2506 2057 2566 demus
2096 2504 2282 2583 facile,
2323 2525 2735 2582 nonnunquam
2777 2504 2977 2563 odium

571 2586 712 2664 poni
757 2606 861 2664 pro
909 2605 1102 2646 amore
1144 2585 1427 2646 diminuto
1468 2586 1620 2645 inter
1659 2586 1937 2662 homineS,
1980 2606 2261 2664 negamus
2300 2594 2495 2646 tamen
2534 2584 2709 2678 apud·
2725 2584 2975 2644 Paulum

573 2666 770 2724 odium
801 2666 913 2724 Dei
940 2684 1079 2740 erga
1107 2665 1364 2724 Esavum
1407 2666 1491 2725 sic
1528 2685 1700 2743 posse
1740 2667 2005 2746 intelligi,
2036 2667 2173 2743 quia
2200 2667 2508 2744 opponitur
2532 2664 2714 2723 amori
2740 2665 2785 2724 J
2786 2665 2971 2739 acobx,

573 2745 674 2824 qui
702 2745 914 2804 dicitur
929 2765 1072 2821 esse,
1103 2746 1220 2804 xxv-⁹
1242 2747 1474 2820 &namu
1505 2754 1572 2804 ut
1599 2765 1738 2822 ergo
1766 2766 1927 2804 amor
1952 2747 2063 2805 iste
2089 2747 2413 2805 necessario
2441 2744 2690 2803 includit
2713 2745 2975 2821 proposi-

570 2833 697 2884 tum
736 2825 1048 2884 miserendi
1074 2825 1116 2885 J
1119 2825 1302 2902 acob1,
1334 2835 1393 2886 et
1417 2793 1582 2884 illum
1611 2825 1898 2901 servandi,
1956 2827 2039 2884 ita
2064 2826 2262 2885 odium
2302 2825 2448 2885 illud
2494 2833 2687 2902 negat,
2718 2832 2778 2883 et
2811 2832 2976 2883 notat

571 2907 929 2983 propositum
956 2905 1389 2982 reprobationis,
1421 2925 1538 2982 quo
1565 2925 1601 2962 a
1630 2905 1757 2964 Deo
1794 2904 1975 2964 libere
2002 2907 2327 2984 praeteritus
2358 2913 2463 2982 est,
2495 2913 2553 2963 et
2581 2925 2618 2963 a
2644 2903 2830 2963 salute
2868 2923 2973 2962 ex-

572 2985 785 3060 clusus,
815 2992 883 3042 ut
907 2985 1187 3042 hactenus
1215 2984 1502 3060 Theologi
1530 2983 1850 3042 Reformati
1875 2985 1987 3044 hoc
2016 2994 2348 3044 constanter
2374 2992 2700 3044 tenuerunt.
2770 2983 2893 3041 Nec
2920 2983 2975 3042 si

571 3064 634 3121 in
661 3063 960 3122 effectibus
1001 3065 1212 3122 amoris
1242 3063 1354 3122 Dei
1389 3065 1687 3140 yemali-3,
1720 3072 1779 3123 et
1805 3067 2106 3124 communis
2128 3065 2517 3140 prmyidentioe,
2549 3083 2665 3140 quo
2692 3061 2873 3122 fertur
2910 3063 2973 3120 ιιι

573 3162 774 3202 omnes
813 3143 1118 3202 Creaturas
1157 3161 1292 3201 suas
1321 3162 1427 3220 pro
1467 3143 1747 3202 varietate
1789 3144 2195 3222 subjectorum,
2227 3163 2357 3237 quae
2390 3142 2599 3220 majori
2625 3142 2724 3201 vel
2764 3142 2970 3200 minori

571 3231 792 3280 naturae
818 3221 1150 3298 praestantia
1175 3222 1412 3299 pollent,
1445 3231 1578 3281 sunt
1605 3222 1838 3298 gradus,
1870 3223 2061 3282 statim
2108 3224 2367 3301 sequitur
2394 3222 2520 3281 dari
2559 3221 2776 3300 gradus
2803 3221 2969 3279 affec·

568 3301 691 3361 tive
720 3302 780 3360 in
805 3301 1018 3360 Amore
1045 3303 1162 3360 Dea·
1183 3303 1418 3378 weciali
1440 3309 1500 3360 et
1524 3303 1807 3375 salutari;
1835 3323 1967 3362 cum
1994 3304 2149 3361 enim
2164 3323 2326 3362 amor
2345 3304 2473 3382 ejus
2498 3322 2615 3360 non
2636 3300 2819 3378 possit
2846 3319 2970 3359 esse

569 3380 762 3440 inanis
801 3389 861 3440 et
901 3380 1183 3456 inefficax,
1228 3401 1376 3458 quos
1417 3389 1572 3440 amat
1614 3380 1691 3440 ad
1718 3348 1980 3458 salutem,
2012 3383 2186 3442 debet
2225 3401 2417 3441 amare
2456 3381 2643 3461 plene,
2688 3389 2749 3440 et
2786 3398 2970 3458 usque

571 3460 648 3520 ad
675 3461 865 3537 finem,
897 3461 942 3521 J
945 3461 1038 3520 oh
1067 3460 1191 3521 xiii.
1225 3465 1278 3520 1.

651 3541 868 3601 XVII.
912 3545 968 3600 2.
1000 3541 1114 3616 Qui
1149 3542 1280 3601 vult
1307 3540 1482 3600 alicui
1509 3540 1659 3600 serio
1686 3541 1927 3618 finem,
1908 3562 1961 3601 1s
1989 3542 2161 3601 etiam
2188 3542 2319 3601 vult
2345 3549 2404 3600 et
2432 3539 2668 3616 confert,
2692 3546 2972 3618 quantum

569 3621 630 3679 in
675 3641 737 3680 se
785 3629 890 3697 est,
939 3621 1131 3680 media
1172 3621 1249 3679 ad
1293 3641 1428 3680 eum
1463 3621 1841 3681 obtinendum
1881 3621 2223 3698 necessaria,
2272 3619 2524 3680 maxime
2572 3620 2623 3678 si
2666 3639 2737 3679 ea
2782 3619 2975 3678 omnia

567 3701 628 3758 in
653 3721 830 3760 manu
852 3720 956 3759 sua
983 3701 1173 3778 habet,
1206 3708 1266 3761 et
1293 3701 1342 3758 si
1369 3701 1443 3759 ab
1472 3720 1540 3758 eo
1570 3701 1695 3760 solo
1722 3701 1992 3778 pendent.
2080 3701 2144 3760 Si
2171 3721 2309 3778 ergo
2333 3701 2493 3759 Deus
2520 3699 2649 3758 vult
2675 3700 2975 3758 voluntate

567 3780 824 3855 generali
852 3779 1109 3840 omnium
1136 3788 1196 3839 et
1223 3781 1581 3856 singulorum
1625 3781 1887 3854 salutem,
1918 3779 2091 3839 debet
2116 3781 2269 3838 velle
2301 3781 2474 3839 etiam
2500 3778 2692 3838 media
2717 3778 2795 3836 ad
2822 3777 2972 3836 salu·

567 3867 686 3916 tem
714 3858 1017 3917 ducentia·
1003 3859 1244 3935 ‚qualia
1273 3867 1408 3918 sunt
1436 3858 1618 3917 Verbi
1644 3858 2011 3936 praeconium,
2041 3858 2203 3936 fides,
2233 3859 2589 3936 poenitentia,
2614 3858 2737 3917 sine
2766 3856 2976 3934 quibus

569 3936 727 3994 salus
767 3955 885 3994 non
911 3946 1104 4013 potest
1141 3938 1381 3996 haberi:
1429 3936 1547 3996 Sed
1574 3957 1643 3996 ea
1668 3957 1777 3996 nec
1804 3938 1949 4014 vult,
1979 3958 2086 3996 nec
2116 3939 2337 3997 confert
2376 3945 2658 4016 quantum
2693 3937 2757 3996 ιιι
2784 3956 2845 3994 se
2886 3943 2977 3994 est

567 4015 904 4089 innumeris,
928 4015 1142 4092 quibus
1168 4035 1276 4073 nec
1303 4015 1571 4091 indulget
1590 4016 1777 4074 Verbi
1801 4018 2167 4093 praeconium,
2198 4037 2307 4076 nec
2332 4017 2471 4076 fidei
2496 4017 2751 4091 donum,
2736 4038 2751 4052 ·
2796 4015 2976 4092 Ergo,

569 4093 694 4152 Nec
721 4093 818 4150 hic
845 4093 962 4151 dici
990 4093 1180 4169 debet,
1212 4095 1324 4152 hoc
1352 4093 1546 4152 valere
1573 4094 1647 4152 de
1676 4114 1763 4171 e0,
1794 4096 1897 4172 qui
1922 4096 2067 4154 velit
2100 4097 2273 4156 finem
2303 4099 2559 4156 absoluta
2592 4104 2652 4155 et
2678 4099 2857 4173 plena
2880 4115 2975 4152 vo-

569 4175 796 4246 luntate,
828 4191 946 4230 non
967 4191 1108 4231 vero
1135 4175 1417 4230 voluntate
1444 4173 1721 4232 diminuta
1747 4183 1806 4232 et
1834 4175 2231 4236 conditionata.
2290 4175 2439 4251 Quia
2478 4175 2839 4252 probandum
2866 4181 2972 4248 est,

566 4271 688 4311 non
717 4251 1175 4327 supponendum,
1207 4251 1334 4309 dari
1357 4251 1532 4310 talem
1549 4253 1729 4311 ullam
1750 4253 2156 4314 voluntatem
2137 4276 2201 4314 111
2230 4255 2359 4314 Deo
2386 4255 2728 4314 diminutam
2754 4262 2815 4312 et
2841 4271 2975 4311 con-

567 4330 926 4404 ditionatam‚
957 4329 1124 4407 cujus
1152 4331 1501 4390 contrarium
1529 4341 1700 4391 antea
1728 4333 2045 4393 evicimus.
2104 4335 2175 4392 In
2206 4335 2497 4394 Creaturis
2524 4334 2758 4413 quidem
2784 4333 2977 4390 locum

565 4409 780 4468 habere
807 4427 978 4485 posse
1019 4427 1138 4467 non
1166 4409 1493 4486 diffitemur,
1530 4431 1662 4505 quae
1700 4413 2047 4506 impotentes
2090 4423 2241 4490 sunt,
2286 4423 2347 4474 et
2372 4414 2565 4473 omnia
2604 4412 2713 4472 sub
2742 4410 2978 4470 arbita-io

565 4508 673 4549 suo
700 4507 818 4546 non
846 4487 1100 4565 habent3
1145 4488 1250 4548 sed
1269 4489 1396 4549 Deo
1417 4491 1818 4586 omnipotenti,
1842 4492 1944 4570 qui
1975 4491 2171 4552 omnia
2201 4495 2262 4552 in
2292 4513 2467 4552 manu
2496 4512 2603 4552 sua
2622 4493 2814 4566 habet,
2844 4489 2981 4548 talis

564 4567 853 4642 voluntas,
885 4568 1009 4627 sine
1037 4567 1208 4646 gravi
1234 4568 1594 4630 absurditate
1621 4567 1801 4632 tribui
1825 4572 2047 4648 nequit.
2099 4572 2253 4632 Vide
2286 4593 2463 4650 supra
2490 4571 2596 4631 Lo.
2626 4571 2747 4630 III.
2778 4569 2847 4644 Q.
2880 4569 2977 4627 16.

646 4647 898 4707 XVIII.
943 4647 1186 4709 Frustra
1225 4648 1400 4709 etiam
1427 4649 1662 4711 additur
1690 4651 1880 4712 Deum
1922 4671 2094 4730 posse
2121 4651 2237 4714 diei
2264 4652 2415 4714 velle
2456 4649 2663 4727 media,
2686 4669 2823 4709 non
2850 4646 2981 4728 qui·
