3300 5225
370 410 591 460 Quam.
621 392 803 475 xvn.]
1216 416 1297 457 ns
1324 415 1443 457 nso
1472 416 1607 476 unc,
1640 416 1716 459 nr
1744 418 1942 459 ramo·
2668 398 2792 456 202

1242 635 1632 714 QUAESTIO
1675 636 1894 699 XVII.

728 796 824 854 An
860 795 1175 856 Voluntatis
1199 798 1320 856 Dei
1341 798 1539 876 aliqua
1552 797 1740 875 possit
1763 797 1905 857 dari
1927 796 2124 858 G'auaa
2139 798 2168 857 ,²
2249 795 2403 874 Neg.

445 951 501 1013 Ι.
544 953 800 1029 Quaestio
826 954 940 1015 ista
966 976 1044 1015 ex
1068 955 1528 1034 praeeedentibus
1554 955 1769 1034 pendet
1790 979 1805 1034 ;
1849 965 1911 1017 et
1934 964 2170 1036 propter
2197 954 2545 1032 Pelagianos
2579 972 2781 1013 neees-

366 1033 519 1093 saria
544 1042 649 1110 est,
679 1034 780 1112 qui
806 1034 868 1093 in
915 1036 1151 1113 negotio
1182 1035 1714 1096 Praedestinationis
1753 1056 1958 1097 causas
2003 1036 2322 1097 voluntatis
2357 1034 2573 1093 divinae
2615 1042 2786 1093 extra

367 1112 559 1173 Deum
604 1122 872 1192 quaerunt
913 1114 975 1173 in
1020 1116 1367 1193 praevisione
1410 1115 1565 1193 fidei,
1609 1116 1708 1175 vel
1752 1116 1893 1176 boni
1933 1136 2076 1176 usus
2121 1116 2293 1176 liberi
2332 1113 2573 1174 arbitrii.
2655 1114 2786 1173 Nos

364 1210 505 1253 vero
533 1212 663 1275 eum
692 1193 1047 1254 orthodoxis
1072 1194 1293 1254 nullam
1320 1215 1555 1256 eausam
1596 1196 1828 1275 proprie
1871 1195 2088 1257 dietam
2114 1194 2432 1257 voluntatis
2460 1193 2576 1253 Dei
2613 1200 2786 1255 extra.

368 1271 565 1333 Deum
594 1271 962 1351 quaerendam
989 1292 1117 1334 esse
1145 1274 1466 1336 censemus.
1496 1274 1501 1277 ’
2595 1324 2600 1330 .

967 1354 1054 1413 ΙΙ.
1098 1352 1201 1413 Ad
1230 1362 1442 1413 statum
1470 1354 1806 1432 quaestionis
1833 1362 2008 1417 nota:
2049 1352 2237 1415 Aliud
2262 1372 2391 1413 esse
2418 1371 2675 1430 quarere
2702 1349 2780 1411 de

422 1416 787 1521 sssstffiggm·
884 1434 1107 1493 ratione
1145 1435 1443 1493 voluntatis
1472 1435 1625 1511 Dei3
1671 1434 1856 1494 Anus
1899 1434 1974 1494 «ιο
2025 1435 2237 1495 causa.
2319 1434 2456 1492 Non
2501 1432 2780 1510 quaeritur

366 1549 371 1553 -
884 1513 996 1588 hie,
1042 1514 1143 1572 An
1169 1513 1366 1590 aliqua
1391 1514 1577 1592 possit
1618 1514 1746 1573 dari
1771 1514 1919 1573 ratio
1963 1512 2282 1573 voluntatis
2311 1512 2441 1588 Dei,
2470 1532 2580 1571 nee
2623 1510 2781 1573 enim

360 1596 553 1667 potest
579 1610 705 1650 esse
731 1586 921 1664 ἔλεγος
948 1592 1221 1653 voluntas
1250 1593 1379 1669 Dei,
1410 1594 1513 1671 qui
1538 1594 1733 1653 omnia
1758 1593 1896 1653 feeit
1923 1592 2359 1671 sapientissime,
2391 1590 2502 1651 etsi
2526 1591 2778 1669 plerum-

360 1688 474 1746 que
501 1668 651 1731 ratio
677 1671 781 1731 illa
804 1692 913 1731 nos
938 1673 1156 1750 lateat;
1212 1674 1523 1733 Voluntatis
1565 1673 1699 1750 Dei,
1731 1673 1919 1751 inquit
1946 1673 2106 1750 Aug.
2136 1672 2303 1752 epist.
2333 1672 2430 1747 59,
2473 1671 2550 1730 ad
2581 1669 2776 1729 Pauli·-

356 1766 516 1825 num,
562 1754 779 1811 occulta
822 1770 999 1812 causa
1040 1772 1156 1812 esse
1192 1762 1393 1830 potest,
1424 1754 1635 1830 injusta
1675 1773 1790 1812 esse
1815 1774 1928 1812 non
1957 1762 2159 1829 potest,
2204 1751 2307 1812 ubi
2335 1770 2569 1811 eausam
2597 1749 2778 1809 sumit

356 1846 463 1906 pro
488 1830 728 1908 ratione,
760 1832 897 1910 quia
924 1831 1064 1891 alibi
1090 1831 1193 1891 lib.
1222 1832 1262 1891 i.
1292 1833 1365 1892 de
1394 1833 1609 1893 Genes.
1636 1840 1791 1892 eont.
1822 1833 2005 1891 Mani.
2035 1854 2085 1891 e.
2116 1836 2172 1908 2,
2217 1830 2422 1891 statuit
2460 1829 2776 1890 absurdum
2887 1882 2898 1891 .

357 1928 485 1967 esse
514 1928 769 1986 quaerere
796 1931 1029 1971 eausam
1057 1911 1375 1971 voluntatis
1399 1912 1550 1989 Dei3
1596 1912 1818 1974 O'ausaa
1843 1914 2144 1991 voluntatis
2169 1913 2291 1993 Dei
2311 1912 2430 1971 sine
2453 1912 2576 1991 fine
2611 1929 2778 1987 quae«

357 1998 508 2063 runt,
538 2010 664 2047 cum
690 1994 947 2050 voluntas
972 1992 1093 2050 Dei
1136 1992 1381 2050 omnium
1416 2012 1543 2069 quoe
1566 2002 1698 2051 sunt
1721 1992 1848 2069 ipsa
1873 1993 1948 2051 sit
1971 2012 2162 2051 causa.
2251 1990 2370 2051 Sed
2395 1989 2673 2068 quaeritur
2698 1988 2776 2047 de

357 2086 533 2127 eausa
559 2070 787 2147 proprie
815 2070 987 2145 dieta,
1017 2090 1148 2150 quae
1174 2071 1534 2130 voluntatem
1581 2072 1695 2131 Dei
1734 2080 1968 2131 moveat
2007 2071 2085 2131 ad
2121 2072 2235 2129 hoe
2274 2069 2374 2130 vel
2398 2069 2547 2129 illud
2571 2070 2775 2128 volen-

356 2145 530 2222 dum;
574 2168 749 2226 quam
772 2149 898 2208 dari
924 2169 1095 2228 posse
1124 2158 1385 2210 statuunt
1413 2149 1794 2227 Adversarii3
1839 2150 1962 2210 Nos
1988 2168 2288 2229 negamus.

437 2227 561 2287 ΙΙΙ.
607 2227 691 2288 Ut
719 2228 842 2311 Dei·
878 2230 1150 2290 voluntas
1191 2238 1281 2289 est
1328 2230 1585 2289 omnium
1630 2250 1822 2291 rerum
1862 2250 2054 2307 eausa,
2106 2232 2202 2289 Ita
2248 2230 2376 2307 ipsa
2419 2226 2641 2287 nullam
2682 2226 2776 2286 sui

354 2326 590 2365 causam
631 2306 844 2368 habere
891 2308 1123 2387 pot'est:
1164 2318 1231 2369 et
1260 2308 1379 2369 taLm
1417 2310 1639 2369 eertum'
1691 2310 1783 2369 est
1837 2312 2069 2369 eausam
2121 2306 2442 2371 voluntatis
2497 2307 2612 2366 Dei
2668 2326 2772 2365 ex-

354 2394 446 2445 tra
472 2386 662 2464 ipsum
710 2388 930 2447 nullam
974 2388 1116 2465 dari,
1162 2409 1337 2471 quam
1384 2398 1606 2450 eertum
1653 2398 1744 2449 est
1767 2389 1916 2447 nihil
1957 2389 2085 2450 Deo
2127 2389 2289 2467 prius
2335 2406 2463 2447 esse
2487 2408 2504 2446 ε
2541 2406 2676 2445 nam
2723 2386 2773 2446 si

352 2465 531 2525 habet
556 2463 807 2545 eausam,
838 2477 929 2529 est
954 2468 1175 2547 aliquid
1202 2467 1361 2547 quod
1404 2468 1535 2529 eam
1562 2469 1888 2545 antecedit3
1933 2478 1994 2529 et
2023 2469 2108 2529 sie
2135 2474 2298 2528 esset
2316 2474 2492 2527 eausa
2517 2466 2774 2527 secunda

352 2564 471 2607 non
496 2548 697 2626 prima,
728 2548 1058 2627 regnintum
1092 2568 1213 2609 non
1238 2549 1461 2628 regula.
1546 2549 1720 2609 Unde
1750 2548 2063 2608 Lombard.
2101 2548 2204 2607 lib.
2234 2548 2274 2607 i.
2305 2547 2440 2606 dist.
2469 2548 2568 2606 45.
2655 2546 2777 2614 Qui

354 2647 587 2688 causam
614 2630 819 2706 quoerit
838 2630 1139 2690 voluntatis
1180 2631 1401 2707 divim,
1451 2631 1676 2708 aliquid
1696 2632 1880 2706 majus
1906 2649 1977 2689 ea
2003 2629 2221 2708 quaerit,
2272 2649 2396 2688 cum
2421 2627 2564 2686 nihil
2586 2630 2774 2704 anus

350 2707 441 2766 sit.
524 2707 698 2768 Adde
726 2709 885 2788 quod
911 2731 1044 2771 eum
1070 2709 1347 2772 voluntas
1372 2709 1489 2770 Dei
1523 2709 1604 2771 sit
1647 2717 1882 2787 aeterna,
1909 2709 2134 2770 nullam
2174 2716 2368 2790 potest
2391 2708 2609 2768 habere
2633 2726 2772 2768 cau·

352 2806 478 2849 sam
506 2797 673 2848 extra
700 2807 763 2849 se
790 2809 909 2850 non
934 2799 1231 2851 aeternam.
2654 2797 2660 2802 ’

433 2867 543 2926 IV.
589 2867 775 2929 Aliud
802 2878 892 2930 est
918 2891 1156 2931 esusum
1184 2868 1309 2930 dari
1334 2889 1411 2930 ex
1437 2878 1603 2950 parte
1641 2879 1804 2930 actus
1841 2869 2068 2930 volendi
2089 2893 2116 2944 ,-
2156 2865 2342 2928 Aliud
2377 2887 2454 2928 ex
2470 2874 2644 2946 -parte
2682 2865 2776 2926 ret·

348 2948 551 3008 volitae.
634 2950 821 3009 Priori
849 2971 1023 3013 sensu
1048 2951 1213 3012 nulla
1237 2959 1431 3029 potest
1456 2949 1583 3010 deri
1610 2969 1788 3010 eausa
1811 2949 2132 3010 voluntatis
2160 2949 2292 3025 Dei,
2333 2947 2441 3008 sed
2465 2946 2771 3027 posteriori

350 3027 477 3086 dari
502 3035 711 3110 potest,
741 3031 879 3108 quis.
920 3031 1071 3091 inter
1116 3031 1229 3089 Dei
1248 3030 1438 3091 -volita
1485 3031 1602 3090 alia
1646 3030 1893 3090 aliorum
1933 3038 2181 3108 possunt
2221 3047 2352 3089 esse
2397 3048 2589 3089 causae
2609 3050 2627 3087 ε
2669 3027 2770 3088 Sic

350 3107 615 3168 Christus
635 3108 753 3168 diei
766 3107 963 3187 potest
983 3127 1159 3170 eausa
1174 3111 1371 3168 salutis
1387 3111 1640 3186 ἀεσττεω,ν
1658 3111 1796 3188 quis
1815 3109 1984 3170 nobis
2005 3109 2178 3170 datur
2191 3117 2426 3188 propter
2443 3107 2768 3184 christum

350 3186 456 3246 sed
482 3207 601 3246 non
642 3191 855 3248 decreti
874 3189 1088 3264 saluae,
1118 3189 1257 3265 quia
1282 3207 1361 3246 ex
1388 3188 1513 3249 solo
1556 3189 1669 3248 Dei
1711 3189 2078 3269 beneplacito
2125 3189 2299 3248 fluxit
2321 3205 2368 3248 ε·
2400 3188 2534 3248 Hoc
2559 3187 2771 3248 volunt

354 3266 699 3326 Scholastiei
718 3287 899 3344 quum
925 3268 1127 3328 dieunt
1157 3268 1347 3327 Deum
1372 3271 1509 3328 velle
1535 3271 1639 3328 hoc
1654 3275 1902 3346 propter
1923 3271 2044 3346 hoc,
2087 3268 2194 3330 sed
2239 3288 2358 3328 non
2394 3276 2640 3344 propter
2666 3269 2770 3327 hoc

348 3349 488 3405 velle
514 3348 633 3422 hoc,
663 3365 723 3406 v.
751 3367 809 3424 g.
837 3347 991 3408 velle
1020 3347 1263 3406 salutem
1291 3356 1526 3426 propter
1566 3348 1876 3424 Christum,
1923 3349 2028 3408 sed
2053 3367 2174 3407 non
2211 3355 2446 3427 propter
2475 3348 2768 3406 Christum

350 3425 505 3485 velle
534 3427 795 3503 salutem,
838 3435 906 3487 ut
934 3427 1200 3487 Christus
1246 3427 1349 3505 qui
1396 3427 1487 3486 est
1529 3446 1704 3486 eausa
1745 3426 2038 3487 meritoria
2075 3426 2296 3503 salutis,
2344 3446 2408 3484 se
2449 3433 2643 3485 teneat
2689 3445 2768 3484 ex

346 3514 511 3583 parte
541 3506 744 3567 salutis
770 3527 945 3585 quam
971 3507 1141 3566 nobis
1168 3505 1497 3585 aequisivit,
1540 3526 1658 3565 non
1697 3525 1838 3565 vero
1879 3526 1956 3565 ex
1991 3514 2155 3584 parte
2183 3505 2402 3564 decreti
2427 3505 2610 3583 ipsius
2650 3524 2768 3580 quo

344 3586 515 3646 nobis
543 3586 880 3647 destinatur.
965 3587 1061 3647 Ita.
1086 3588 1257 3647 datur
1283 3585 1426 3645 ordo
1454 3595 1515 3646 et
1539 3585 1852 3644 causalitas
1877 3585 2030 3644 inter
2055 3604 2150 3644 res
2175 3583 2388 3642 volitas
2433 3603 2470 3641 a
2511 3583 2656 3657 De0‚
2700 3591 2768 3642 ut

346 3685 464 3724 una
490 3665 569 3725 sit
593 3675 827 3745 propter
854 3666 1065 3745 aliam3
1108 3667 1217 3727 sed
1252 3685 1373 3726 non
1417 3665 1482 3726 in
1506 3664 1788 3724 volitione
1827 3663 2046 3742 divina,
2096 3683 2230 3742 quae
2271 3660 2494 3722 nullam
2531 3681 2768 3722 causam

347 3753 515 3804 extra
542 3765 605 3804 se
632 3766 669 3804 s,
750 3747 915 3806 oseit.
1736 3745 1743 3752 ’
2427 3767 2432 3772 ·
2751 3773 2764 3806 .’

354 3855 361 3860 ·
426 3822 527 3884 V.·
549 3826 635 3886 Ut
669 3766 1073 3904 gllgroprietatea
1111 3827 1233 3886 Dei
1268 3825 1397 3885 aliae
1439 3831 1575 3885 sunt
1612 3824 1913 3899 Absolutae,
1965 3841 2098 3902 quae
2137 3821 2404 3882 nituntur
2453 3821 2606 3884 Jut'e
2648 3819 2764 3880 Dei

347 3903 619 3964 absoluto
660 3913 722 3964 et
766 3925 1036 3984 supremo
1082 3906 1213 3984 ejus
1248 3905 1526 3982 dominio,
1572 3905 1764 3982 qualis
1804 3913 1894 3964 est
1924 3904 2185 3984 potentia
2229 3912 2292 3963 et
2333 3909 2590 3980 potestas
2636 3901 2768 3980 eju's

342 3986 766 4066 ιῦτοκςατοςιιὺς
808 3985 941 4044 aliae
958 3985 1315 4062 Respectivoe‚
1360 4005 1489 4063 quae
1514 3985 1779 4044 nituntur
1814 3985 1948 4063 jure
1987 3983 2302 4044 virtutibus
2327 3987 2664 4060 temperato,
2707 3989 2768 4044 et

345 4082 479 4142 quae
522 4065 599 4125 ad
645 4084 943 4143 egressum
980 4065 1073 4125 sui
1112 4065 1411 4145 requirunt
1451 4064 1838 4125 conditionem
1875 4064 2146 4142 aliquam,
2188 4063 2288 4123 vel
2320 4062 2664 4140 qualitatem
2703 4063 2768 4122 in

348 4145 581 4221 objecto
606 4144 760 4205 eirca
785 4145 945 4224 quod
971 4163 1034 4205 se
1056 4165 1291 4206 exerere
1317 4145 1532 4206 debent
1554 4165 1571 4223 ς
1600 4145 1791 4224 qualis
1818 4147 1908 4204 est
1933 4145 1978 4205 J
1979 4144 2180 4204 ustitia
2205 4147 2337 4221 q‘uae
2355 4151 2674 4220 peecatum,
2705 4149 2766 4204 et

348 4221 751 4284 Misericordia.
774 4245 906 4303 quae
933 4226 1223 4286 miseriam
1250 4226 1561 4305 supponit:
1604 4225 1700 4286 Ita
1727 4224 1801 4284 de
1827 4224 2054 4284 actibus
2079 4223 2398 4283 voluntatis
2423 4238 2554 4301 quae
2589 4223 2766 4300 juxta

345 4303 479 4364 inas
507 4313 777 4382 operatur
800 4305 1259 4366 ratiocinandum
1286 4315 1393 4367 est.
1477 4307 1628 4365 Nam
1670 4325 1850 4385 quum
1892 4311 2162 4382 operetur
2201 4323 2279 4362 ex
2316 4303 2766 4381 proprietatibus

344 4384 649 4462 absolutis,
662 4393 745 4445 ‘ut
772 4403 1073 4462 supremus
1096 4385 1383 4446 Dominus
1410 4394 1471 4446 et
1494 4386 1710 4445 arbiter
1737 4384 2016 4460 omnium,
2045 4401 2106 4444 v.
2125 4405 2182 4462 g.
2205 4403 2387 4462 quum
2413 4383 2545 4443 vult
2570 4395 2764 4443 creare

346 4473 450 4523 aut
476 4464 692 4543 eligere
719 4464 901 4524 unum
927 4485 1047 4543 prae
1074 4464 1207 4542 alio,
1238 4466 1557 4526 voluntatis
1584 4467 1714 4542 ejus
1753 4484 1874 4524 non
1913 4463 2086 4523 modo
2113 4465 2276 4523 nulla
2301 4471 2392 4522 est
2417 4482 2593 4524 eausa
2617 4482 2764 4539 prae·

345 4551 437 4603 ter
475 4545 605 4624 ejus
631 4545 1075 4623 beneplacitum,
1122 4545 1229 4605 sed
1254 4565 1363 4605 nee
1400 4545 1523 4605 ulla
1561 4545 1835 4622 conditio,
1882 4549 1984 4604 aut
2009 4543 2260 4622 qualitas
2288 4543 2348 4602 in
2377 4543 2608 4620 objecto
2648 4561 2766 4618 qus.

344 4623 648 4684 moveatur
666 4647 681 4698 ς
702 4661 708 4666 -
726 4645 859 4684 nam
886 4626 1147 4702 potentia
1175 4626 1409 4703 quidem
1438 4625 1728 4704 objectum
1758 4645 1927 4685 suum
1953 4643 2072 4683 non
2100 4623 2389 4702 supponit,
2419 4621 2524 4682 sed
2551 4621 2763 4680 eonsti-

347 4705 501 4784 tuin
540 4713 601 4766 et
626 4703 833 4768 electio
855 4727 993 4777 *cum
1021 4706 1101 4768 sit
1146 4707 1299 4767 inter
1322 4725 1513 4785 parete,
1556 4705 1704 4764 nihil
1730 4705 1893 4766 videt
1917 4705 1980 4764 in
2006 4723 2122 4764 uno
2150 4723 2269 4783 prae
2295 4703 2428 4778 alio,
2470 4719 2588 4780 quo
2615 4701 2766 4763 inter

2325 4802 2362 4841 ο
