3300 5225
507 376 628 434 284
1463 391 1646 432 Locus
1675 391 1964 442 Quanrus.
2546 369 2802 454 [Quas-r.
2830 393 2921 436 111.

505 533 749 593 conditio
776 552 906 592 cum
935 531 1116 591 medio
1132 553 1158 604 ;
1199 537 1258 590 et
1285 529 1445 589 aliud
1471 538 1562 591 est
1607 551 1729 590 rem
1774 531 2007 591 decerni
2045 532 2154 591 sub
2182 531 2546 610 conditione3
2592 533 2751 593 aliud
2777 554 2917 594 vero

504 633 634 672 eam
661 612 894 672 decerni
919 631 1023 689 per
1047 611 1190 670 talia
1214 611 1406 670 media
1445 611 1868 689 exequendam.
1955 611 2074 670 Sed
2115 611 2394 689 quaeritur
2440 612 2514 678 de
2544 612 2793 674 Decreto
2820 616 2917 673 ab·

502 696 684 752 soluto
711 692 808 751 vel
835 693 1210 751 conditionate
1237 712 1278 750 a
1293 691 1491 768 priori
1514 700 1574 750 et
1619 693 2024 767 antecedenter,
2052 711 2089 749 a
2114 699 2275 769 parte
2312 692 2489 768 {paim
2514 695 2726 752 decreti
2735 717 2763 767 ,·
2816 694 2917 752 An

501 773 644 832 talia
670 772 880 831 dentur
905 771 1152 848 decreta,
1175 790 1306 849 quae
1335 770 1761 848 suspendantur
1780 791 1817 830 a
1836 770 2164 831 conditione
2185 769 2380 847 aliqua
2398 780 2566 832 extra
2595 773 2787 832 Deum
2812 793 2915 851 po-

503 851 780 928 testativa
799 857 858 910 et
879 851 1082 911 incerti
1103 860 1374 927 eventus3
1421 851 1520 908 An
1538 871 1678 910 vero
1697 851 1813 909 sint
1834 849 2115 925 absoluta,
2134 870 2265 928 quse
2282 851 2571 927 pendeant
2592 872 2629 911 a
2644 853 2770 912 solo
2790 855 2925 932 ejtis

499 931 882 1008 beneplacito,
967 931 1138 991 Prius
1169 931 1462 991 Sociniani
1489 949 1622 989 cum
1649 930 1875 989 caeteris
1903 939 2200 1006 asserunt;
2246 929 2369 990 Nos
2396 951 2535 991 vero
2562 933 2869 1009 posterius.

501 1035 658 1083 Nulla
693 1037 875 1081 dantur
907 1036 986 1082 de-
1111 1011 1234 1068 ΙΙΙ.
1277 1011 1556 1069 Rationes
1597 1019 1750 1085 sunt,
1801 1012 1855 1068 1.
1900 1009 2051 1084 Quia
2092 1029 2261 1069 omne
2312 1010 2624 1071 Decretum
2674 1013 2789 1072 Dei
2828 1022 2920 1074 est

557 1098 696 1140 oreta
723 1095 990 1140 condition·
1029 1097 1346 1166 aeternum3
1389 1090 1550 1167 Ergo
1577 1108 1697 1149 non
1722 1097 1915 1166 potest
1952 1088 2203 1166 pendere
2230 1110 2267 1149 a
2292 1090 2638 1167 conditione,
2670 1112 2801 1169 quae
2828 1101 2919 1152 est

559 1157 658 1198 ⁸²⁸·
1028 1178 1253 1229 tantum
1300 1170 1363 1229 in
1387 1178 1665 1248 tempore.
1708 1173 1765 1228 2.
1796 1169 1946 1244 Quia
1975 1168 2223 1230 Decreta
2252 1171 2365 1229 Dei
2403 1170 2659 1248 pendent
2685 1172 2760 1231 ab
2788 1173 2918 1250 ejus

507 1249 716 1311 εὐδοκῶ.
778 1250 989 1310 Matth.
1037 1249 1119 1308 xi.
1169 1251 1284 1342 263
1329 1249 1543 1326 Ephes.
1575 1250 1614 1307 i.
1665 1251 1702 1308 5
1724 1271 1739 1323 3
1785 1249 1955 1308 Rom.
1984 1249 2071 1343 ix..
2100 1252 2195 1310 11.
2259 1250 2419 1328 Ergo
2447 1269 2566 1310 non
2612 1259 2749 1312 sunt
2790 1271 2915 1312 sus-

499 1327 1359 1485 ffitissnfflfflffssnff
1374 1337 1554 1470 ιῖῖῖἑῗ
1582 1328 1802 1468 Q.
1847 1331 1934 1469 {t
1962 1329 2802 1470 {ffffifflzffifflffl
2824 1339 2918 1472 2:ss

498 1489 794 1564 mutabile,
826 1489 964 1566 quia
989 1489 1178 1548 omnis
1203 1488 1460 1549 conditio
1487 1497 1578 1548 est
1603 1488 1916 1567 mutabilis,
1938 1490 2259 1567 praesertim
2288 1489 2338 1549 si
2362 1508 2481 1549 non
2510 1490 2587 1549 sit
2612 1490 2846 1550 decreta
2880 1511 2918 1550 a

501 1570 646 1646 Dec,
679 1569 784 1629 sed
809 1569 872 1627 in
898 1569 1082 1628 libero
1129 1569 1382 1628 hominis
1425 1569 1663 1628 arbitrio
1689 1568 1895 1646 posita,
1935 1578 2003 1628 ut
2045 1568 2119 1628 de
2166 1569 2274 1628 tali
2298 1569 2395 1628 hic
2422 1569 2631 1648 agitur,
2661 1571 2819 1630 unde
2844 1591 2915 1631 ea

501 1657 766 1712 cessante
815 1649 978 1708 Deus
1019 1648 1134 1707 fine
1183 1669 1290 1708 suo
1337 1648 1649 1725 excideret,
1698 1657 1757 1708 et
1800 1668 1955 1708 nova
1999 1649 2147 1708 inire
2192 1657 2486 1709 teneretur
2527 1650 2771 1710 consilia
2810 1669 2916 1730 per

498 1728 718 1812 &am-iga
761 1726 1036 1810 φςοηίδις.
1107 1731 1166 1787 4.
1195 1729 1346 1804 Quia
1382 1737 1672 1808 repugnat
1712 1728 2008 1806 sapientia
2036 1737 2096 1788 et
2119 1729 2393 1807 potentiae
2423 1729 2553 1807 Dei,
2600 1731 2741 1790 talia
2776 1750 2913 1790 con·

500 1809 639 1869 dere
666 1810 913 1884 decreta,
943 1828 1074 1886 quae
1101 1827 1137 1866 a
1163 1808 1493 1867 conditione
1531 1808 1730 1884 aliqua
1754 1808 2097 1886 impossibili
2144 1808 2451 1886 pendeant,
2497 1828 2627 1887 quae
2674 1830 2779 1869 nec
2822 1810 2911 1869 fu-

501 1898 635 1952 tura
661 1890 738 1948 sit
763 1908 871 1947 nec
899 1907 1026 1948 esse
1053 1887 1253 1965 possit,
1298 1887 1436 1964 quia
1477 1888 1602 1965 ipse
1631 1907 1670 1946 a
1694 1907 1810 1964 quo
1840 1888 1964 1947 solo
2011 1888 2225 1966 pendet
2268 1907 2396 1948 eam
2440 1889 2578 1949 dare
2605 1909 2721 1949 non
2746 1889 2911 1950 vult:

502 1969 627 2028 Nec
655 1969 706 2028 si
733 1969 796 2027 in
822 1967 1152 2027 hominibus
1177 1967 1420 2025 infirmis
1447 1975 1508 2027 et
1533 1966 1857 2027 futurorum
1883 1968 2104 2045 ignaris
2131 1969 2241 2026 hoc
2256 1976 2451 2046 potest
2468 1969 2661 2030 locum
2679 1970 2909 2046 habere,

501 2048 763 2127 sequitur
788 2048 852 2106 in
897 2047 1028 2107 Deo
1057 2047 1498 2124 sapientissimo,
1545 2047 1843 2124 omniscio,
1873 2055 1933 2106 et
1960 2048 2357 2126 omnipotenti,
2406 2049 2503 2108 cui
2537 2050 2732 2109 omnia
2778 2058 2915 2110 sunt

502 2149 622 2189 non
648 2128 820 2188 modo
847 2127 1112 2205 praevisa,
1145 2126 1250 2186 sed
1275 2135 1335 2188 et
1360 2127 1612 2204 provisa,
1641 2126 1799 2186 idem
1826 2127 1952 2186 dari
1977 2147 2168 2206 posse.

586 2208 699 2269 IV.
741 2211 796 2268 5.
828 2208 978 2283 Quia
1003 2206 1320 2266 absurdum
1346 2214 1437 2266 est
1464 2208 1795 2267 Creatorem
1820 2207 2073 2284 pendere
2100 2228 2137 2266 a
2164 2206 2456 2284 Creatura,
2490 2209 2683 2268 Deum
2708 2209 2783 2268 ab
2809 2210 2913 2269 ho-

501 2289 674 2365 mine,
704 2296 764 2348 et
789 2288 1148 2347 voluntatem
1168 2287 1297 2362 Dei,
1327 2307 1458 2364 quae
1478 2287 1665 2364 prima
1690 2295 1780 2347 est
1800 2288 2057 2347 omnium
2073 2307 2264 2364 causa,
2296 2307 2331 2346 a
2348 2288 2525 2348 rebus
2550 2289 2727 2368 ipsis3
2758 2289 2916 2366 quod

501 2367 825 2428 necessario
853 2367 1181 2428 fieridebet
1208 2367 1259 2426 si
1287 2367 1537 2428 Decreta
1565 2367 1679 2426 Dei
1706 2366 2136 2446 suspenduntur
2162 2387 2198 2426 a
2218 2367 2546 2428 conditione
2562 2370 2758 2449 aliqua
2782 2389 2915 2448 quae

508 2449 586 2509 sit
611 2448 674 2506 in
701 2449 953 2508 homine.

586 2529 664 2588 V.
709 2531 765 2587 6.
797 2528 948 2603 Quia
971 2528 1135 2588 nulla
1177 2527 1349 2588 datur
1395 2528 1638 2588 scientia
1680 2527 1873 2588 media
1913 2547 2046 2606 quae
2086 2547 2195 2606 pro
2240 2529 2469 2607 objecto
2514 2528 2691 2588 habet
2716 2527 2912 2588 futura

505 2607 914 2684 conditionata,
944 2617 1011 2669 ut
1037 2628 1213 2686 supra
1236 2609 1542 2687 probatum
1572 2609 1710 2668 Loc.
1735 2609 1791 2668 3.
1813 2609 1922 2686 Qu.
1942 2608 2133 2669 XIII.
2157 2631 2174 2686 ς
2218 2609 2376 2687 Ergo
2401 2628 2587 2687 neque
2615 2607 2912 2670 decretum

509 2688 985 2765 conditionatum,
1013 2688 1174 2764 quod
1199 2688 1288 2747 illi
1314 2689 1443 2748 loco
1469 2688 1830 2749 fundamenti
1858 2689 2007 2749 solet
2032 2688 2340 2749 substerni.

586 2767 700 2826 VI.
743 2772 800 2826 7.
832 2768 982 2843 Quia
1007 2767 1240 2827 decreta
1285 2768 1679 2829 conditionata
1723 2788 1843 2829 non
1884 2778 2129 2847 possunt
2170 2769 2326 2847 poni,
2372 2768 2515 2846 quin
2558 2777 2919 2847 supponatur

505 2867 639 2907 eum
665 2848 768 2926 qui
794 2846 1068 2924 decrevit,
1099 2856 1200 2907 aut
1243 2847 1510 2925 ignorare
1537 2858 1827 2925 eventum,
1874 2857 1976 2908 aut
2008 2858 2281 2909 eventum
2329 2869 2448 2908 non
2474 2868 2601 2909 esse
2628 2848 2691 2906 in
2718 2850 2917 2909 decer-

505 2928 698 2988 nentis
723 2936 1026 3006 potestate,
1073 2937 1175 2987 aut
1202 2947 1335 2987 eum
1361 2929 1435 2988 de
1463 2936 1677 2988 eventu
1719 2928 1867 2987 nihil
1894 2936 2051 2988 certo
2094 2938 2196 2989 aut
2222 2929 2485 2988 absolute
2528 2929 2915 3006 constituisse,

505 3028 636 3147 quae
664 3008 860 3067 omnia
885 3028 1018 3067 cum
1043 3007 1106 3065 in
1135 3008 1324 3067 Deum
1365 3008 1484 3069 sint
1521 3008 1775 3067 maxime
1814 3008 2045 3087 injuria,
2088 3008 2177 3067 illi
2202 3008 2382 3069 tribui
2406 3028 2515 3069 nec
2540 3017 2786 3089 possunt
2809 3030 2918 3069 nec

551 3090 742 3148 ebent.

586 3168 735 3227 VII.
780 3167 938 3227 Hine
987 3167 1275 3247 sapienter
1325 3168 1550 3246 Synodi
1593 3168 1914 3229 Gallicanae
1960 3188 2079 3228 non
2106 3170 2286 3229 semel
2310 3168 2772 3247 proscripserunt
2799 3170 2915 3229 De·

504 3254 664 3307 creta
691 3245 1099 3341 conditionata,
1128 3248 1453 3342 velleitates
1480 3247 1823 3343 inefficaces,
1854 3256 1914 3309 et
1941 3248 2229 3343 desideria
2252 3248 2617 3344 frustratoria
2652 3257 2713 3309 et
2736 3249 2914 3327 irrita,

503 3335 707 3406 ntpooe
740 3326 1068 3405 sapmntm'
1101 3328 2022 3469 {stitleimx’liffdizltmffiutidenlgdl
2049 3349 2377 3469 {gamm
2424 3428 2773 3488 quemquam
2800 3428 2917 3469 ser·

563 3472 746 3519 Fontes
771 3471 909 3518 ⁸⁰²⁸·
1027 3507 1186 3564 vare,
1217 3488 1331 3547 nisi
1357 3508 1462 3567 per
1487 3488 1751 3567 legitima
1774 3488 2002 3564 media3
2044 3488 2231 3549 Aliud
2258 3498 2511 3551 statuere
2528 3487 2824 3549 decretum
2845 3488 2919 3548 de
3021 3494 3027 3499 “

635 3532 840 3577 ¹²¹⁰an
1025 3568 1120 3627 his
1147 3575 1208 3628 et
1253 3568 1372 3627 illis
1399 3568 1702 3629 servandis
1726 3588 1833 3649 per
1876 3568 2140 3647 legitima
2184 3569 2377 3628 media
2404 3588 2533 3629 esse
2559 3568 2916 3629 conditiona-

503 3658 645 3727 tum,
676 3658 736 3711 et
761 3658 1006 3710 eventus
1031 3648 1274 3725 incerti;
1317 3648 1476 3727 quod
1501 3647 1733 3727 fingunt
1770 3648 2130 3709 Adversarii.
2174 3648 2341 3709 Licet
2366 3647 2512 3709 fides
2552 3657 2613 3709 et
2649 3667 2919 3729 perseve-

502 3731 692 3791 rantia
716 3730 970 3791 habeant
994 3728 1276 3788 rationem
1303 3727 1650 3788 conditionis
1676 3728 2089 3808 praerequisitae
2115 3729 2192 3788 ad
2231 3730 2479 3789 salutem
2518 3728 2825 3805 decretam,
2853 3736 2924 3788 ut

505 3810 629 3870 sine
656 3811 775 3870 illis
801 3830 921 3871 non
948 3808 1158 3869 debeat
1184 3808 1512 3887 expectari3
1552 3828 1675 3868 non
1700 3809 1919 3869 habent
1958 3818 2153 3869 tamen
2194 3809 2478 3868 rationem
2525 3808 2921 3869 conditionum

503 3890 982 3967 potestativarum
1008 3888 1086 3948 ad
1113 3889 1227 3949 Dei
1254 3889 1546 3949 decretum
1575 3898 1852 3949 aeternum
1882 3889 1955 3949 de
1984 3890 2169 3949 salute
2207 3889 2346 3949 huic
2372 3897 2432 3949 et
2470 3888 2561 3948 illi
2586 3889 2649 3947 in
2688 3889 2923 3948 Christo

505 3969 868 4029 conferenda.
913 3970 1044 4027 Imo
1069 3976 1298 4029 tantum
1326 3968 1494 4028 abest
1539 3975 1606 4029 ut
1650 3970 1813 4029 Deus
1857 3970 1976 4028 illis
2021 3967 2343 4029 decreverit
2390 3968 2637 4028 salutem
2680 3968 2790 4028 sub
2816 3967 2923 4027 tali

505 4047 851 4123 conditione,
881 4054 950 4107 ut
977 4056 1178 4107 contra
1203 4066 1274 4107 eo
1301 4045 1429 4124 ipso
1456 4066 1574 4125 quo
1599 4048 1719 4106 illis
1762 4048 2009 4108 salutem
2036 4048 2310 4124 decrevit,
2340 4048 2663 4108 decreverit
2687 4067 2923 4126 quoque

503 4126 623 4187 illis
649 4126 824 4186 fidem
852 4136 912 4187 et
937 4126 1439 4204 perseverantiam,
1469 4134 1529 4186 et
1555 4126 1750 4186 omnia
1775 4127 1891 4186 alia
1916 4128 2109 4188 media
2133 4129 2210 4188 ad
2236 4128 2481 4188 salutem
2509 4126 2853 4187 necessaria.

589 4206 711 4266 IX.
755 4204 941 4265 Aliud
967 4215 1058 4265 est
1083 4224 1205 4265 rem
1225 4208 1508 4265 decretam
1533 4226 1665 4265 esse
1710 4206 2199 4287 conditionatam3
2264 4207 2452 4267 Aliud
2497 4208 2683 4285 speum
2728 4209 2922 4269 decre-

507 4294 626 4347 tum
645 4308 666 4345 .-
705 4285 868 4380 prius
896 4285 1118 4362 damus,
1151 4284 1256 4344 sed
1281 4304 1398 4344 non
1425 4285 1753 4363 posterius3
1794 4294 1988 4366 potest
2012 4288 2139 4347 dari
2186 4308 2363 4349 causa
2408 4286 2775 4365 antecedens,
2820 4286 2925 4347 vel

507 4365 764 4427 conditio
791 4365 874 4425 rei
891 4366 1108 4441 volitae,
1138 4364 1243 4425 sed
1268 4384 1386 4425 non
1414 4366 1609 4426 statim
1625 4365 1811 4445 ipsius
1827 4368 2159 4429 volitionis:
2206 4370 2305 4430 Sic
2333 4369 2496 4428 Deus
2515 4367 2646 4428 vult
2670 4376 2738 4428 ut
2765 4367 2924 4427 salus

509 4446 722 4507 habeat
749 4464 1034 4505 annexam
1063 4444 1454 4506 conditionem
1477 4446 1617 4507 fidei
1644 4455 1707 4507 et
1742 4448 2098 4526 poenitentiae
2137 4449 2200 4507 in
2240 4448 2603 4525 executione,
2632 4448 2741 4508 sed
2777 4446 2925 4507 fides

510 4536 570 4587 et
595 4526 936 4604 poenitentia
961 4545 1081 4586 non
1111 4534 1245 4585 sunt
1272 4526 1528 4587 conditio
1555 4528 1655 4588 vel
1680 4548 1857 4588 causa
1898 4536 2063 4589 actus
2089 4529 2329 4589 volendi
2374 4529 2437 4589 in
2486 4528 2631 4606 Deo,
2677 4526 2777 4589 vel
2822 4527 2925 4587 de·

509 4608 656 4668 creti
681 4606 756 4667 de
785 4608 970 4667 salute
997 4606 1060 4665 in
1087 4606 1424 4667 intentione.

591 4688 678 4748 X.
719 4688 1128 4749 Promaebsiom
1155 4696 1214 4749 et
1239 4688 1691 4751 comminationes
1718 4689 2118 4751 conditionales
2144 4709 2263 4751 non
2288 4688 2547 4751 inferunt
2570 4686 2708 4750 dari-
2724 4686 2925 4749 decre-
